2430 3944
343 211 368 260 6.
392 205 598 261 IAVOLENUS
616 205 766 262 muscus
991 207 1054 272 451

62 365 156 433 iium¹
177 368 332 433 alluvione
351 368 438 450 factu
459 370 615 434 restitutus
637 373 692 447 est,
723 370 853 434 seruitus
878 391 995 452 quoquo
1021 372 1057 435 lu

62 458 215 522 ulstluum
236 461 350 522 statum
371 458 558 534 restitutum
581 459 662 539 quod
682 459 711 522 si
732 459 768 523 ld
788 463 905 540 tompus
919 465 1056 540 praetor·

62 547 131 630 orit,
158 551 194 610 ut
218 547 346 611 servitus
373 547 547 625 amittatur,
573 567 719 611 rouooare
746 567 814 611 eam
836 550 983 629 mumolus
1004 553 1056 614 est.

136 633 190 700 54.
222 633 262 700 D.
276 634 351 700 ibid.
366 637 386 714 ξ
403 635 431 699 1.
454 672 498 681 —
521 633 599 700 Cum
625 635 678 699 ola
700 635 827 716 mollica
847 637 893 700 ool
914 637 1057 717 fluminio

62 728 162 806 mpetu
193 724 238 788 vel
272 724 369 787 ruiua
400 725 517 788 amissa
548 728 603 807 ost,
634 725 754 789 alelmus
777 725 942 806 promimus
971 726 1058 791 olam

62 817 205 877 maestam
225 813 315 878 dolet.

135 900 187 966 55.
211 900 248 965 D.
258 902 311 980 43,
327 901 419 983 11,2.
455 899 627 965 Iavolenus
640 901 724 965 libro
739 900 862 966 deoimo
878 922 916 966 ex
932 900 1055 968 Cassio.

62 1026 91 1035 -
121 989 214 1055 Viam
240 990 399 1072 publicam
422 990 559 1071 populus
590 1009 652 1054 uou
683 991 794 1055 utomlo
825 991 963 1056 amittam
993 1011 1057 1057 uou

62 1083 148 1144 otest.

136 1167 189 1232 56.
219 1166 257 1231 D.
276 1167 328 1248 39,
347 1167 376 1248 3,
396 1168 437 1232 18
453 1187 501 1250 pr.
549 1164 721 1231 Iavolenus
753 1167 837 1232 libro
866 1167 988 1233 decimo
1017 1191 1056 1234 ex

62 1255 171 1320 tassio.
189 1291 227 1302 -
243 1253 281 1320 St
298 1258 333 1318 lu
346 1255 469 1337 publico
487 1275 562 1337 opus
577 1255 695 1336 fautum
712 1261 764 1339 ost,
782 1277 841 1338 quo
854 1277 937 1338 aquo
943 1257 1056 1339 pluuia

62 1349 175 1429 moeret,
206 1346 259 1427 om?
289 1364 352 1408 uou
377 1349 492 1426 potest·
523 1345 738 1409 mtemmlouto
769 1345 831 1410 loco
852 1345 976 1427 publico
1003 1347 1057 1429 aqi

62 1434 162 1498 otorit.
212 1452 307 1498 causa
336 1433 401 1497 olus
426 1434 473 1497 rel
498 1430 571 1497 lam
596 1438 653 1515 est,
679 1433 762 1515 quod
786 1453 823 1498 ea
849 1435 966 1499 aotloue
991 1456 1055 1499 uou

62 1526 164 1588 metm
184 1523 248 1586 m'sl-
270 1522 412 1586 domiuus
434 1523 526 1586 solus.
1069 1542 1070 1545 ¹

134 1611 200 1676 56⁵.
228 1608 267 1673 Ι).
281 1609 358 1675 ibid.
373 1612 392 1689 ἐ
409 1611 438 1677 1.
462 1647 501 1656 -
528 1609 603 1675 Siue
619 1610 775 1692 permissu
792 1611 947 1694 primumi
971 1633 1055 1694 aqua

62 1720 97 1765 er
118 1701 203 1764 m'om
220 1699 379 1780 publicam
399 1700 471 1764 cluot
492 1720 556 1763 mou
572 1702 680 1780 potest.

136 1788 189 1852 57.
212 1786 251 1853 D.
262 1788 292 1866 8,
306 1788 335 1869 2,
351 1788 401 1852 12.
438 1787 610 1851 Iavolenus
631 1788 715 1851 libro
735 1786 858 1852 decimo
877 1809 916 1852 ex
931 1786 1054 1854 Cassio.

62 1913 87 1924 -
113 1877 281 1959 Aedificia,
307 1897 385 1958 quae
411 1877 584 1941 seruitutem
607 1876 772 1957 potiantur
797 1896 837 1940 ue
862 1879 938 1959 quid
960 1878 1055 1943 altius

62 1965 184 2047 ollatur,
211 1965 326 2030 olrloliu
351 1985 449 2046 supro
476 1985 543 2028 eam
565 1964 761 2029 altitudinem
782 1963 891 2029 lolem
907 1971 1053 2046 passuum

62 2059 79 2118 t
97 2055 127 2120 sl
148 2055 186 2118 le
201 2059 363 2136 prospectu
385 2058 429 2118 est
449 2074 541 2135 eaque
560 2053 718 2118 obstatura
735 2057 814 2136 suut,
837 2073 900 2118 uon
914 2058 1053 2136 possunt.

134 2142 186 2208 58.
215 2141 252 2206 Ι).
269 2143 298 2224 8,
311 2143 342 2224 4,
355 2144 385 2206 4.
426 2142 597 2207 Iavolenus
620 2141 706 2206 libro
730 2141 852 2206 decimo
871 2163 909 2206 ox
928 2138 1053 2207 Cassio.

62 2267 85 2277 -
110 2230 221 2297 Gamu·
247 2235 283 2295 ut
303 2233 346 2295 all
366 2235 479 2296 oortam
501 2231 695 2296 altitudinem
717 2235 946 2296 mouumentum
969 2232 1053 2296 aotli-

62 2325 158 2404 oetur,
179 2341 243 2384 uou
255 2324 362 2402 potest,
381 2320 457 2400 qula
481 2320 516 2384 ld
532 2321 614 2401 quod
629 2319 760 2384 loomoml
777 2320 858 2384 luris
875 2339 937 2384 esso
954 2321 1053 2402 dulit,

62 2410 218 2474 uoltutom
250 2429 314 2473 mou
344 2409 467 2490 reolplt;
502 2409 583 2473 siout
612 2429 651 2472 uo
682 2408 741 2472 lllo
771 2409 893 2491 qulolom
923 2410 1054 2474 seruitus

62 2498 202 2563 multuo
218 2502 325 2578 potest,
347 2501 383 2561 ut
399 2501 498 2561 certus
516 2517 663 2562 uumerus
679 2497 839 2561 lomluum
856 2497 892 2561 iu
910 2518 972 2562 uuo
990 2498 1054 2563 looo

62 2591 192 2652 umetur.

460 2750 569 2810 Liber
587 2751 637 2809 XI.

130 2874 195 2934 Hoc
216 2875 293 2934 libro
316 2894 384 2934 oum
406 2874 581 2934 Iavolenum
604 2875 640 2934 de
657 2873 821 2948 piscatione
845 2893 921 2951 quaa
946 2874 995 2935 vol
1017 2876 1050 2934 in

62 2963 117 3023 iuri
140 2963 189 3023 vel
211 2963 243 3022 in
266 2964 334 3022 laau
351 2963 386 3022 fit
408 2963 517 3022 dixisse
536 2964 571 3022 D.
588 2965 637 3035 50,
656 2964 783 3040 16,112
808 2964 881 3022 satis
899 2963 1049 3023 indicetur

62 3073 67 3112 z
88 3070 327 3129 eorumquoque
345 3070 445 3112 rerum
463 3053 574 3110 mentio
593 3051 655 3126 fiat,
674 3069 750 3128 quae
769 3072 785 3112 o
803 3051 929 3112 navibus
944 3053 1048 3129 deper-

62 3142 121 3201 itae
154 3141 187 3199 in
216 3140 357 3217 piscando
391 3159 427 3200 ex
456 3140 533 3199 mari
566 3141 764 3198 extrahuntur
794 3141 830 3201 D.
858 3143 910 3217 41,
942 3145 967 3212 l,
998 3142 1049 3218 58,

62 3251 73 3288 ³
98 3229 202 3307 rebus,
229 3247 306 3307 quae
329 3229 499 3304 occupando
523 3228 736 3307 adquiruntur,
760 3228 928 3305 dequibus
954 3227 1046 3288 Gaius

62 3320 220 3398 ,66-69
245 3317 333 3394 dixit,
356 3321 457 3377 uotum
479 3317 573 3376 fuisse
596 3317 763 3393 putandum
785 3321 839 3377 est.

74 3504 228 3631 ffi1qt1'm'l.
255 3504 331 3559 intro
361 3508 471 3575 tempus
504 3504 579 3573 quod
606 3504 642 3558 ad
673 3503 860 3559 amittendum
885 3502 1061 3558 sommum

62 3596 73 3632 1
106 3594 154 3632 ci.

797 3664 858 3722 15*
