2430 3944
95 184 138 249 64
165 182 212 236 IlI.
227 181 303 236 GAJI
316 180 462 237 CLAUDII
476 181 611 237 NEDON.
622 181 767 238 GALBAE
777 182 884 237 ΤΕΜΡ.
895 181 992 238 IURIS
1003 181 1102 238 CONS.

94 352 199 499 topem
218 344 376 410 debeant?
408 347 442 409 et
459 348 554 431 putat
567 344 668 411 Gaius
683 343 816 410 Cassius
835 344 974 410 dandam
993 347 1103 412 utilem

96 457 263 500 aaronem.
347 470 349 473 ·

184 546 221 606 cf.
240 546 276 605 D.
293 548 322 623 5,
336 549 366 624 3,
380 549 432 606 48.
472 547 634 607 Iavolenus
657 547 734 606 libro
757 547 848 606 tertio
872 565 908 606 ex
931 545 1043 608 Cassio.

185 666 258 731 109.
281 665 319 730 D.
334 667 365 746 5,
380 667 409 745 1,
423 667 476 732 26.
516 664 636 730 Paulus
659 665 745 730 libro
764 666 902 749 septimo
922 664 1047 730 decimo
1066 665 1104 730 ad

94 753 259 819 Plautium
279 752 329 842 (P.
346 751 471 842 1231b).
486 791 528 801 -
547 753 595 818 De
615 776 652 819 eo
668 804 675 820 .
689 803 696 819 .
712 755 766 837 qui
785 753 866 819 adiit
883 753 1107 842 hereditatem,

96 842 227 908 Cassius
256 845 381 927 scribit,
414 842 559 927 quamvis
588 843 712 909 Romae
741 843 856 907 adierit
883 842 1105 928 hereditatem,

94 954 158 997 non
177 937 361 1016 competere
379 933 414 996 in
433 954 506 997 eum
524 931 692 1014 actionem,
709 953 750 995 ne
765 931 962 1015 impediatur
975 932 1106 1018 legatio.

187 1058 260 1122 110.
292 1055 331 1120 D.
351 1055 380 1138 5,
399 1058 429 1140 3,
447 1057 492 1121 40
501 1077 548 1141 pr.
601 1054 721 1119 Paulus
749 1055 832 1120 libro
860 1055 1038 1122 vicensimo
1066 1056 1106 1121 ad

97 1145 235 1209 edictum
267 1143 319 1232 (P.
337 1141 427 1230 322).
458 1181 495 1191 -
526 1144 610 1207 lllud
629 1193 660 1209 ..
679 1143 764 1227 quod
796 1143 830 1207 in
862 1145 1009 1210 oratione
1042 1143 1106 1210 divi

95 1233 254 1297 Hadriani
287 1237 349 1316 est,
382 1240 419 1296 ut
449 1237 525 1318 post
558 1236 724 1316 acceptum
756 1232 909 1298 iudicium
941 1233 975 1296 id
1005 1235 1107 1299 actori

95 1326 289 1406 praestetur,
317 1321 401 1405 quod
428 1321 599 1386 habiturus
627 1325 725 1404 esset,
753 1321 782 1386 si
809 1343 847 1385 eo
871 1324 1017 1406 tempore
1043 1344 1106 1407 quo

95 1412 179 1495 petit
209 1412 361 1475 restituta
394 1417 479 1474 esset
510 1409 686 1491 hereditas,
717 1409 877 1474 interdum
905 1408 1020 1474 durum
1049 1414 1109 1476 est.

96 1499 172 1583 quid
206 1500 305 1582 enim,
338 1498 367 1563 si
393 1503 469 1583 post
496 1498 588 1563 litem
616 1501 838 1563 contestatam
861 1498 1024 1582 mancipia
1051 1503 1107 1564 aut

95 1589 241 1653 iumenta
277 1592 333 1651 aut
369 1608 487 1671 pecora
522 1585 738 1670 deperierint?
794 1587 940 1652 damnari
977 1587 1108 1653 debebit

97 1676 270 1741 secundum
298 1677 397 1741 verba
424 1676 595 1757 orationis,
627 1676 702 1759 quia
729 1675 837 1759 potuit
864 1676 985 1758 petitor
1013 1678 1107 1742 resti·

96 1769 170 1829 tuta
192 1765 372 1830 hereditate
396 1765 583 1829 distraxisse
607 1786 654 1828 ea.
696 1769 729 1828 et
752 1765 813 1829 hoc
836 1765 956 1828 iustum
979 1787 1051 1830 esse
1075 1765 1106 1830 in

97 1854 293 1937 specialibus
312 1853 524 1937 petitionibus
543 1852 679 1918 Proculo
699 1853 818 1937 placet,
842 1853 973 1918 Cassius
992 1858 1107 1931 contra

97 1941 206 2007 sensit.

185 2054 298 2113 Paulus
326 2053 422 2112 addit:
453 2048 496 2112 ‘in
522 2052 680 2129 praedonis
707 2071 835 2128 persona
857 2053 1002 2113 Proculus
1026 2057 1107 2114 recte

96 2143 261 2222 existimat,
283 2143 315 2201 in
337 2142 432 2202 bonae
455 2142 525 2200 fidei
546 2142 768 2218 possessoribus
791 2140 934 2203 Cassius.
949 2137 968 2201 .'
987 2204 988 2207 ,

187 2263 260 2326 111.
284 2261 322 2325 D.
337 2261 367 2337 5,
381 2261 411 2344 3,
425 2262 477 2342 31,
492 2261 521 2325 5.
563 2259 722 2344 Ulpianus
746 2260 828 2325 libro
851 2261 964 2344 quinto
983 2261 1107 2328 decimo

97 2351 136 2413 ad
170 2351 308 2415 edictum
336 2349 386 2434 (P.
405 2345 495 2435 533).
523 2383 565 2394 -
594 2347 684 2424 Quod
706 2349 935 2433 ..possessori
963 2349 1108 2416 solutum

96 2443 146 2502 est
171 2460 212 2502 an
235 2438 403 2502 restituere
422 2437 546 2519 debeat,
568 2437 743 2502 videamus.
777 2443 809 2501 et
830 2438 892 2502 sive
909 2438 1014 2503 bonae
1034 2439 1109 2504 fidei

95 2548 266 2610 possessor
292 2525 355 2591 fuit
383 2527 449 2590 sive
479 2546 556 2604 non,
587 2526 701 2590 debere
729 2526 898 2591 restituere
926 2528 1049 2611 placet,
1077 2531 1109 2592 et

96 2614 225 2698 quidem
258 2615 286 2678 si
317 2615 509 2697 restituerit,
542 2618 579 2678 ut
606 2613 737 2680 Cassius
771 2615 883 2679 scribit
902 2615 1109 2681 ...liberari

95 2704 168 2788 ipso
186 2705 254 2768 iuro
274 2703 443 2768 debitores.

456 2816 503 2874 De
525 2832 615 2874 causo
638 2816 760 2875 liberali.

186 2917 259 2981 112.
295 2915 334 2979 D.
357 2916 410 2998 40,
435 2917 485 2997 12,
508 2915 559 2981 30.
615 2915 760 2980 Iulianus
796 2917 881 2981 libro
919 2917 1032 3000 quinto
1069 2939 1108 2981 ex

95 3003 228 3071 Minicio
258 3002 308 3089 (P.
327 3002 416 3091 875).
444 3040 480 3050 -
506 3003 641 3069 Duobus
669 3005 855 3088 petentibus
883 3005 1049 3069 bominem
1073 3007 1109 3070 in

96 3095 282 3158 servitutem
305 3116 364 3177 pro
388 3097 480 3176 parte
499 3093 631 3157 dimidia
651 3094 834 3177 separatim,
858 3094 885 3157 si
904 3115 967 3158 uno
985 3094 1108 3159 iudicio

95 3182 186 3267 liber,
209 3183 311 3247 altero
336 3205 446 3248 servus
469 3181 630 3247 iudicatus
654 3182 1033 3266 accommodissimum
1057 3187 1109 3248 est

96 3292 134 3335 eo
162 3292 262 3354 usque
291 3271 363 3355 cogi
391 3271 524 3353 iudices,
552 3270 653 3335 donec
681 3273 897 3354 consentiant3
927 3272 954 3334 si
982 3271 1016 3335 id
1039 3292 1108 3336 non

96 3361 275 3444 continget,
303 3357 460 3424 Sabinum
488 3359 626 3423 refertur
653 3361 854 3424 existimasse
882 3359 954 3424 duci
978 3382 1108 3425 serrum

96 3447 210 3512 debere
242 3448 283 3512 ab
316 3470 354 3513 eo
384 3449 439 3533 qni
467 3448 611 3532 vicisset,
645 3448 733 3513 cuius
762 3448 944 3513 sententiae
973 3445 1108 3514 Cassius

96 3557 223 3623 quoque
246 3540 361 3602 est...
