2430 3944
150 164 216 230 296
252 164 286 220 V.
304 162 454 220 NERVAE
471 161 520 217 ΕΤ
538 161 692 217 TRAIANI
708 160 814 216 ἹῈΜΡ.
832 160 929 218 lURlS
948 159 1129 216 consum

150 328 190 394 de
217 326 364 393 dotibus:
392 325 468 403 ‘Qui
491 325 646 408 uxorem',
672 325 791 410 inquit,
819 324 983 390 ‘ducturus
1007 327 1091 409 erat,
1118 325 1159 390 ab

152 439 204 500 eo,
235 416 318 481 unde
346 415 489 481 dueenda
517 418 600 498 erat,
629 414 860 498 stipulabatur,
887 435 959 478 eam
985 415 1021 478 in
1048 415 1159 478 matri·

151 505 296 571 monium
317 503 451 588 <datum
474 502 529 588 iri3
552 503 608 587 qui
634 502 765 567 daturus
789 506 867 583 erat,
890 502 924 567 id
943 501 1047 567 eidem
1066 523 1160 586 spon·

151 593 256 659 debat
293 594 373 658 item
396 592 451 678 qui
474 613 607 657 uxorem
630 591 764 657 daturus
788 595 865 674 erat,
889 591 930 656 ab
953 611 992 657 eo
1015 591 1069 657 oui
1090 611 1160 655 eam

153 682 287 748 daturus
311 685 390 767 erat,
414 681 638 765 stipulabatur,
661 702 732 745 eam
752 680 786 744 in
804 679 1071 765 matrimonium>
1089 678 1160 745 dne·

151 776 221 836 tum
244 771 299 857 iri;
321 772 376 854 qui
399 769 554 835 dnoturus
578 772 656 853 erat,
679 768 792 834 itidem
811 767 999 853 spondebat
1040 769 1071 833 is
1089 789 1161 832 eon-

151 864 276 926 traotus
304 859 551 943 stipulationum
578 859 850 942 sponsionumque
872 856 1041 922 dicebatur
1065 878 1160 940 spon-

152 949 243 1014 salia.
288 952 366 1013 tuno
391 969 472 1032 quae
495 948 656 1031 promissa
679 951 762 1030 erat,
785 967 905 1031 sponsa
928 945 1162 1029 appellabatur,

152 1039 207 1121 qni
235 1035 454 1121 spoponderat
477 1034 661 1120 ducturum,
683 1056 827 1119 sponsus.
879 1033 935 1098 sed
958 1035 986 1099 si
1009 1037 1087 1118 post
1109 1055 1161 1098 eas

153 1126 380 1210 stipulationes
399 1145 481 1189 uxor
501 1145 566 1189 non
585 1124 724 1189 dabatur
742 1128 882 1188 autnon
899 1122 1087 1207 ducebatur,
1109 1122 1163 1207 qui

153 1214 379 1298 stipulabatur,
402 1235 442 1278 ex
465 1234 587 1297 sponsu
606 1212 734 1297 agebat.
775 1211 895 1277 iudioes
915 1210 1163 1296 eognoseebant.

151 1302 247 1368 iudex
283 1301 494 1387 quamobrem
530 1300 606 1366 data
642 1304 813 1385 aoeeptave
850 1322 917 1365 non
953 1303 1039 1365 esset
1076 1321 1165 1381 uxor,

157 1391 340 1478 quaerebat
395 1391 423 1455 si
456 1389 538 1454 nihil
569 1391 674 1454 iustae
707 1410 822 1454 causae
854 1388 1037 1471 videbatur,
1074 1388 1165 1453 litem

153 1480 289 1565 pecunia
310 1478 512 1563 aestimabat,
535 1479 712 1564 quantique
731 1476 923 1542 interfuerat
941 1499 1014 1542 eam
1031 1498 1166 1543 uxorem

154 1567 257 1651 aooipi
282 1572 338 1632 aut
362 1566 444 1651 dari,
472 1588 544 1631 eum
568 1567 622 1649 qui
646 1564 864 1652 spoponderat
886 1566 960 1650 <ei>
982 1565 1040 1650 qui
1063 1566 1167 1649 stipu-

153 1657 240 1721 latus
268 1660 350 1740 erat,
381 1653 636 1721 condemnabat?
681 1654 744 1720 hoo
771 1655 822 1720 ius
848 1653 1089 1738 sponsaliorum
1113 1655 1167 1720 ob-

155 1749 319 1810 servatum
342 1744 422 1808 dieit
441 1742 571 1809 Servius
595 1743 635 1809 ad
658 1743 691 1808 id
713 1747 852 1828 tempus,
874 1765 937 1828 quo
961 1743 1079 1808 civitas
1097 1743 1167 1808 uni-

154 1856 249 1899 verso
267 1831 362 1898 Latio
386 1833 457 1917 lege
480 1831 565 1897 Iulia
588 1833 664 1897 data
683 1835 741 1896 est.
781 1832 862 1897 haee
882 1831 992 1897 eadem
1010 1830 1167 1897 Neratius

156 1923 286 2008 scripsit
307 1923 342 1986 in
364 1922 448 1986 libro
472 1943 568 2006 quem
591 1919 629 1985 de
652 1921 775 2004 nuptiis
799 1921 992 2004 composuit.

243 2029 286 2094 2?
310 2027 390 2094 Gall.
405 2029 436 2110 4,
450 2028 516 2110 3,2
539 2050 567 2093 v.
580 2026 597 2092 I
619 2050 650 2111 p.
665 2027 739 2092 227.

402 2244 438 2305 V.
466 2245 732 2322 Responsorum
755 2245 843 2304 libri
865 2243 920 2304 III.

244 2370 402 2431 Neratium
417 2370 639 2445 Responsorum
656 2368 749 2428 libros
763 2368 811 2428 III
830 2368 956 2428 edidisse
974 2368 1074 2428 indioe
1088 2369 1169 2429 Illor.

156 2459 289 2519 traditur
298 2453 472 2538 (Naporloo
487 2476 649 2533 responson
658 2455 758 2536 βιβλία
771 2448 872 2538 rolu’).
895 2457 984 2532 primi
999 2460 1031 2517 et
1043 2458 1169 2517 seeundi

160 2553 192 2607 et
213 2548 319 2606 incerti
341 2547 412 2607 libri
430 2548 599 2625 fragmenta
617 2546 648 2604 in
666 2546 827 2606 Iustiniani
844 2546 977 2623 Digestis
995 2546 1170 2605 referuntur

158 2636 216 2714 ita,
247 2639 283 2695 ut
315 2639 346 2695 et
371 2635 502 2695 Paulum
534 2637 564 2694 et
591 2634 755 2709 Ulpianum
785 2635 832 2694 his
865 2634 950 2693 libris
982 2653 1072 2694 usum
1105 2653 1169 2694 esse

158 2725 320 2786 videamus.
378 2724 463 2783 Paul.
490 2725 509 2784 l.
532 2722 607 2790 VIII
638 2724 677 2782 ad
708 2723 860 2782 Plautium
886 2723 922 2783 D.
943 2723 1168 2801 35,1,43,3

158 2807 312 2872 ‘Neratius
335 2812 412 2872 libro
435 2813 531 2887 primo
550 2811 772 2888 Responsorum
790 2806 853 2871 ait'.
888 2810 958 2886 Ulp.
976 2812 996 2871 l.
1011 2811 1039 2869 V
1057 2811 1169 2888 Dispu-

158 2902 309 2961 tationum
340 2902 374 2959 D.
395 2903 446 2979 36,
468 2904 495 2979 1,
516 2901 567 2978 23,
587 2902 605 2960 3
640 2893 793 2959 ‘Neratius
816 2900 892 2960 libro
914 2901 1012 2976 primo
1035 2901 1169 2975 Respon-

159 3008 259 3050 sorum
282 2983 404 3050 scribit'.
449 2989 520 3066 Ulp.
544 2989 562 3049 l.
581 2987 680 3047 XXIX
705 2988 744 3047 ad
767 2988 898 3048 edietum
919 2988 955 3047 D.
976 2990 1028 3067 14,
1047 2989 1077 3064 6,
1098 2991 1168 3065 Vpr.

159 3073 311 3138 ‘Neratius
338 3078 415 3138 libro
442 3077 539 3154 primo
568 3079 599 3136 et
625 3076 754 3136 seeundo
782 3077 1003 3153 Responsorum
1105 3073 1169 3136 ait'.

158 3167 227 3243 Ulp.
249 3167 322 3227 ibid.
342 3166 378 3226 D.
395 3169 445 3242 15,
462 3172 490 3240 1,
506 3169 567 3240 9,1
594 3160 750 3225 ‘Neratius
777 3161 854 3225 libro
883 3165 1012 3225 seeundo
1035 3165 1168 3241 Respon-

159 3274 259 3316 sorum
279 3249 401 3316 soribit'.
437 3254 508 3331 Ulp.
524 3255 544 3313 1.
558 3254 672 3314 XXXII
690 3253 728 3314 ad
747 3254 877 3314 edietum
896 3254 1111 3332 1).19,1,11,
1129 3255 1167 3312 12

159 3339 253 3404 ‘Idem
291 3335 346 3424 (so.
381 3335 538 3424 Neratius)
575 3343 651 3404 libro
684 3343 812 3403 seeundo
848 3343 1069 3419 Responsorum
1106 3336 1169 3402 alt'.

160 3433 242 3493 Paul.
261 3433 281 3492 l.
296 3433 339 3490 IV
354 3430 568 3501 Quaestionum
587 3432 623 3491 D.
641 3434 690 3511 15,
706 3434 734 3510 3,
751 3432 791 3490 19
808 3426 961 3491 ‘Neratius
980 3432 1056 3491 libro
1071 3426 1101 3509 <.
1117 3473 1125 3490 .
1140 3428 1169 3507 .>

158 3522 378 3597 Responsornm
401 3514 465 3579 ait'.
