2430 3944
208 204 228 257 Ι.
249 201 429 257 VETERUM
448 199 679 256 SENTENTIAE
699 202 745 256 ET
763 202 869 258 LIBRI.
982 205 1045 268 517

236 363 274 430 St
296 385 417 430 mensor
438 365 555 446 falsum
578 367 702 431 modum
725 367 847 432 dixerit.

120 482 173 547 63.
201 480 242 546 D.
271 480 323 564 11,
351 482 381 564 6,
414 482 430 544 1
461 503 509 564 pr.
564 479 723 564 Ulpianus
757 481 841 546 libro
875 482 1048 548 vicensimo

74 574 148 636 arto
180 571 221 634 ad
250 571 400 634 edictum.
426 606 463 615 —
490 569 654 634 Adversus
682 591 863 636 mensorem
895 592 1047 655 agrorum

72 665 162 724 aetor
185 659 220 723 in
242 659 364 722 factum
388 659 550 722 actionem
573 658 745 742 proposuit
841 659 914 723 ideo
938 667 1046 725 autem

72 771 113 813 nc
134 748 296 813 actionem
315 745 495 831 proposuit,
519 747 678 831 quianon
699 747 904 812 crediderunt
922 752 1047 813 veteres

72 859 113 902 zer
150 837 253 902 talem
289 857 461 919 personam
498 835 693 900 locationem
730 839 763 900 et
800 837 1047 902 conductionem

72 949 108 1008 se,
140 925 196 990 sed
225 925 330 1009 magis
359 946 491 1008 operam
519 924 666 989 beneficii
693 926 764 989 loco
787 925 936 1008 praeberi
959 930 993 990 et
1014 926 1048 991 id

72 1016 113 1080 od
138 1015 234 1079 datur
257 1015 296 1098 ei,
325 1013 365 1077 ad
393 1012 662 1077 remunerandum
686 1013 756 1078 dari
783 1018 816 1078 et
844 1015 918 1079 inde
946 1015 1046 1080 hono-

72 1105 152 1168 rium
177 1103 343 1187 appellari.

442 1189 640 1256 Commodoti.

118 1299 171 1363 64.
200 1297 239 1364 D.
269 1298 320 1382 13,
350 1298 380 1380 6,
412 1297 443 1382 5,
474 1299 504 1362 9.
561 1296 722 1381 Ulpianus
754 1297 838 1362 libro
871 1297 1047 1363 vicensimo

72 1392 145 1452 lavo
180 1387 219 1451 ad
253 1387 403 1451 edictum.
438 1423 477 1432 -
512 1408 709 1471 ...equam
741 1387 802 1451 tibi
835 1386 1048 1472 commodavi,

71 1499 124 1540 am
158 1475 268 1560 pullus
301 1474 531 1541 comitabatur:
564 1476 662 1539 etiam
694 1476 776 1559 pulli
807 1479 839 1540 te
867 1476 1046 1540 custodiam
1119 1551 1120 1554 Ἴ

72 1567 195 1630 asstare
219 1564 334 1628 debere
358 1570 481 1628 veteres
504 1565 747 1647 responderunt.

118 1653 171 1718 65.
195 1652 233 1717 D.
256 1653 332 1718 ibid.
351 1655 371 1733 ξ
387 1652 415 1717 6.
438 1688 475 1698 -
498 1702 528 1719 ..
553 1675 596 1717 an
620 1654 717 1716 ctiam
740 1652 883 1718 hominis
907 1675 1047 1718 commo-

72 1743 95 1807 ti
124 1741 273 1807 custodia
296 1745 491 1824 praestetur,
520 1741 606 1826 apud
630 1746 754 1805 veteres
778 1741 964 1806 dubitatum
988 1746 1047 1807 est.

117 1832 170 1897 66.
210 1830 247 1894 D.
277 1830 352 1895 ibid.
382 1831 402 1910 ἓ
430 1833 478 1895 11.
510 1867 547 1876 -
579 1878 612 1894 ..
643 1829 829 1914 videndum,
861 1829 896 1894 in
929 1831 1045 1914 quibus

72 1921 198 1986 eciebus
223 1920 419 1984 commodati
443 1920 527 1983 actio
551 1919 658 1984 locum
680 1918 808 1983 habeat.
841 1923 874 1983 et
894 1923 944 1983 est
962 1920 1046 2002 apud

72 2015 155 2075 teres
179 2009 218 2072 de
242 2009 337 2072 huius
361 2007 450 2072 modi
474 2008 640 2093 speciebus
664 2007 856 2072 dubitatum.

440 2150 489 2214 De
505 2151 634 2232 peculio.

117 2260 176 2324 67.
202 2257 241 2324 D.
276 2257 326 2342 15,
360 2266 388 2338 1,
420 2257 473 2334 40,
509 2260 537 2320 l.
590 2255 775 2321 Marcianus
807 2256 893 2320 libro
931 2256 1045 2340 quinto

72 2349 237 2432 igulorum.
259 2381 297 2394 -·
319 2345 487 2422 Quomodo
508 2346 719 2429 ..peculium
741 2347 896 2429 nascitur,
919 2347 1046 2430 quaesi·

72 2459 100 2500 m
134 2442 193 2500 est.
240 2441 273 2501 et
304 2437 353 2499 itu
380 2439 505 2500 veteres
535 2434 749 2518 distinguunt,
777 2436 804 2498 si
833 2434 865 2498 id
894 2434 1046 2517 adquisiit

72 2547 141 2590 rvus
166 2525 250 2610 quod
275 2525 425 2589 dominus
448 2545 578 2588 necesse
602 2521 792 2588 nonhabet
815 2527 990 2606 praestare,
1013 2523 1046 2587 id

72 2635 101 2677 se
125 2614 296 2697 peculium,
320 2614 347 2677 si
371 2635 448 2676 vero
473 2612 599 2676 tunicas
619 2615 675 2676 aut
693 2611 814 2694 aliquid
835 2611 940 2676 simile
959 2612 1046 2697 quod

81 2702 229 2768 dominus
249 2723 379 2766 necesse
398 2701 497 2765 habet
516 2704 690 2785 praestare,
708 2722 774 2764 non
790 2722 859 2765 esse
874 2700 1043 2785 peculium.

275 2907 278 2912 .
378 2844 427 2909 De
444 2844 701 2925 prostitutoribus

118 2952 170 3016 68.
194 2950 232 3015 D.
248 2950 363 3034 50,16‚
374 2950 416 3015 39
428 2972 473 3032 pr.
507 2950 627 3014 Paulus
650 2949 734 3014 libro
755 2949 1044 3035 quinquagensimo

72 3040 127 3104 rtio
156 3040 196 3104 ad
225 3040 374 3104 edictum.
405 3076 444 3085 —
475 3037 705 3122 Subsignatum
729 3038 857 3123 dicitur,
890 3038 974 3122 quod
1002 3038 1043 3100 ab

72 3128 137 3211 iquo
167 3128 394 3215 subsignatum
423 3132 486 3211 est3
522 3149 599 3191 nam
631 3130 756 3192 veteres
789 3125 1044 3211 subsignationis

73 3217 129 3282 rbo
153 3239 212 3301 pro
237 3217 457 3300 adscriptione
481 3215 529 3280 uti
553 3215 710 3281 solebant.

252 3357 315 3439 coi
335 3359 549 3440 fraudationis
571 3378 666 3424 conso
690 3359 830 3424 latitabit.

118 3474 169 3538 69.
194 3473 233 3538 D.
257 3475 310 3558 42,
333 3477 363 3559 4,
389 3477 417 3556 7,
443 3475 492 3539 13.
531 3473 691 3558 Ulpianus
716 3474 799 3538 libro
824 3473 1042 3557 quinquagen-

72 3582 112 3629 no
147 3584 234 3629 nono
272 3564 312 3628 ad
350 3564 499 3628 edictum.
539 3599 576 3610 -
616 3585 746 3629 ..eum
770 3613 777 3628 .
797 3613 805 3628 .
828 3560 889 3646 spi
914 3561 959 3623 'm
981 3557 1063 3620 ism
