2430 3944
96 164 162 234 280
198 165 231 224 V.
250 163 400 223 NERVAE
418 162 465 217 ET
483 160 637 217 aarum
656 161 764 217 ἹῈΜΡ.
782 161 879 217 IURIS
899 161 1079 219 CONSULTI

187 326 250 396 18?
273 326 313 393 D.
323 327 376 412 41,
388 328 417 412 1,
427 325 479 391 39.
522 325 664 390 Iulianus
687 324 772 390 libro
795 325 893 390 tertio
917 347 957 391 ex
977 326 1110 394 Minicio

96 413 144 506 (P.
157 414 246 504 859).
265 452 309 463 -
327 415 437 480 Etiam
459 413 599 480 furtivus
622 435 733 479 servus
755 414 859 480 bonae
876 415 952 480 fidei
972 417 1112 500 emptori

97 505 250 593 adquirit,
286 505 372 591 quod
405 525 443 568 ex
475 525 511 570 re
542 503 609 568 eius
643 503 818 587 stipulatur
849 507 905 568 aut
936 501 1113 587 menapi&

97 595 164 660 aoei
188 593 223 659 it.

164 617 186 678 p
403 679 453 746 De
474 680 634 746 aramue
655 679 804 746 aurosis?

190 788 239 853 19.
267 786 307 853 D.
316 788 370 871 47,
381 788 410 870 7,
422 786 472 851 10.
516 783 661 856 Iulianus
685 786 770 852 libro
794 787 892 852 tertio
916 809 955 852 ex
977 784 1113 854 Minieio

98 873 149 965 (P.
169 873 258 962 861).
283 913 324 924 —
349 874 384 942 Si
411 873 540 960 gemina
567 874 663 939 arbor
691 878 777 940 esset
806 880 838 940 et
865 896 963 966 supra
991 880 1114 943 terram

98 966 250 1032 iunctura
285 965 353 1031 eius
386 963 553 1048 emineret,
590 983 687 1028 unam
719 964 864 1030 arborem
895 965 1001 1030 videri
1033 986 1114 1030 esse.

99 1054 155 1120 sed
179 1055 206 1119 si
227 1052 261 1119 id
284 1073 347 1138 qua
369 1051 557 1143 iungeretur
580 1074 646 1118 non
668 1055 802 1138 extaret,
824 1052 959 1118 totidem
978 1053 1114 1119 arbores

98 1138 187 1231 essai
210 1128 289 1229 duob
311 1139 433 1228 speeies
456 1161 568 1204 earum
591 1163 688 1225 supra
711 1146 833 1206 terrem
856 1146 972 1208 essent.
1023 1191 1026 1199 .

187 1251 582 1338 amrbarumv

427 1464 474 1526 Ex
496 1465 608 1527 Iuliani
629 1466 708 1528 libro
730 1465 784 1526 Π.

513 1582 564 1649 De
586 1585 699 1668 tepetis.

188 1689 254 1763 20?
277 1689 315 1760 D.
327 1689 480 1773 19‚2‚32.
517 1689 663 1758 Iulianus
682 1691 767 1759 libro
787 1695 903 1794 quarto
924 1714 963 1761 ex
980 1690 1118 1761 Minicio

99 1776 149 1870 (P.
169 1775 258 1869 865).
289 1816 326 1831 -
358 1777 421 1858 Qui
449 1777 586 1850 fundum
615 1779 784 1850 colendum
811 1803 845 1850 ιιι
873 1781 984 1872 plures
1013 1803 1118 1849 annos

99 1869 276 1951 locaverat,
309 1866 447 1938 decessit
476 1871 509 1932 et
536 1889 608 1932 eum
635 1867 771 1937 fundum
799 1869 930 1956 legavit.
982 1867 1118 1937 Cassius

99 1957 232 2060 negavit
257 1977 354 2040 posse
382 1957 455 2041 cogi
479 1956 643 2036 colonum,
671 1961 707 2022 ut
731 1979 805 2029 eum
827 1957 963 2024 fundum
987 1960 1118 2043 coleret,

101 2068 177 2132 quia
203 2045 285 2114 nihil
312 2043 439 2114 heredis
468 2044 649 2113 interesset.
695 2047 780 2133 quod
809 2047 837 2112 si
861 2048 995 2112 colonus
1019 2048 1119 2114 vellet

100 2133 206 2201 colere
225 2137 258 2197 et
276 2133 317 2198 eb
337 2155 385 2217 eo,
408 2132 459 2197 oui
477 2132 607 2218 legatus
627 2139 712 2199 esset
729 2134 858 2221 fundus,
881 2135 1119 2221 prohiberetur,

101 2245 172 2289 eum
200 2222 318 2287 herede
347 2221 507 2286 actionem
535 2222 685 2287 colonum
712 2223 846 2308 habere,
875 2227 908 2288 et
933 2224 996 2289 hoe
1019 2224 1119 2289 detri-

101 2314 246 2377 mentum
266 2311 305 2374 ad
324 2309 474 2376 heredem
494 2311 663 2401 pertinere,
682 2311 778 2383 sicuti
797 2313 824 2376 si
843 2313 915 2396 quis
933 2311 1119 2397 remquam

101 2399 298 2464 vendidisset
315 2419 373 2463 neo
392 2398 469 2463 dum
486 2397 681 2505 tradidisset,
700 2400 758 2464 alii
775 2401 925 2485 legasset,
939 2401 1036 2466 heres
1051 2403 1119 2466 eius

101 2488 241 2572 emptori
263 2491 296 2552 et
318 2487 476 2571 legatario
500 2491 586 2552 esset
609 2488 784 2574 obligatus.

477 2663 528 2731 De
549 2665 744 2732 condictione.

192 2770 257 2841 21?
281 2769 423 2852 D.46,1‚
437 2770 485 2834 19.
525 2769 615 2834 Idem
639 2768 697 2857 (se.
711 2770 873 2858 Iulianus)
894 2772 978 2837 libro
1003 2778 1119 2858 quarto

103 2882 142 2925 ex
174 2857 306 2924 Minioio
340 2857 390 2942 (P.
414 2857 503 2944 866).
538 2895 576 2906 -
611 2858 730 2925 Servus
761 2860 863 2926 inseio
896 2861 1027 2926 domino
1060 2884 1119 2946 pro

107 2948 245 3034 quodam
274 2947 477 3015 fideiuseerat
505 2951 537 3012 et
564 2969 602 3012 eo
625 2948 755 3014 nomine
777 2950 947 3033 pecuniam
972 2950 1119 3015 solverat

105 3037 329 3126 quaerebatur,
353 3035 504 3104 dominus
523 3040 676 3119 possetne
700 3037 741 3101 ab
764 3059 802 3102 eo
826 3038 877 3102 eui
898 3038 1007 3103 soluta
1025 3044 1120 3124 esset,

104 3129 256 3216 repetere.
306 3125 485 3208 respondite
518 3124 654 3208 rieterast,
681 3146 739 3208 quo
766 3126 892 3191 nomiae
916 3127 1119 3208 fideiussori&

103 3234 180 3279 sem
207 3214 237 3279 st
264 3234 301 3278 ee
328 3233 423 3279 ceusu
443 3214 601 3295 peculiosi
627 3215 790 3296 fideiussit,
818 3220 890 3280 turae
915 3216 952 3279 id
977 3217 1061 3298 qood
1084 3237 1121 3281 er

177 3395 191 3442 1
213 3388 289 3443 rrae.
307 3403 358 3457 per
376 3388 564 3442 traditionem.

178 3466 194 3514 2
220 3458 383 3513 Triboniani
411 3458 524 3514 adiutor
551 3458 677 3528 scripsit:
707 3459 774 3514 ‘una
801 3462 884 3515 arbor
910 3460 1024 3520 videtur
1052 3478 1120 3516 esse.

105 3530 156 3584 sed
174 3574 180 3587 .
197 3571 225 3585 ..
245 3530 358 3585 arbores
378 3529 464 3585 sunt'.
