2430 3944
240 199 274 254 Π.
293 197 533 254 INCERTORUM
552 196 783 254 SENTENTIAE
801 199 848 253 ΕΤ
866 198 972 254 LIBRI.
1047 199 1113 264 525

93 367 197 429 esset:
228 363 315 427 ‘filiis
339 363 419 427 meis
449 362 547 427 hosce
583 366 710 428 tutores
739 362 807 446 do',
843 384 1035 448 responsum
1064 367 1114 428 est

93 454 194 518 etiam
216 452 347 516 filiabus
371 454 495 517 tutores
520 451 614 517 datos
639 472 718 516 esse.

519 628 570 693 De
589 629 695 709 furlr'e.

185 757 237 821 31.
260 753 299 818 D.
323 755 376 837 41,
399 754 429 838 2,
452 753 504 837 55,
530 755 557 817 1.
581 752 680 817 Gaius
700 753 784 817 libro
803 754 901 842 tertio
921 752 1045 819 decimo
1069 755 1109 840 ad

94 845 238 909 edictum
275 842 483 926 provinciale.
523 877 569 888 -
608 842 693 906 Eum
730 842 784 926 qui
827 842 911 926 quod
952 843 1109 907 utendum

93 932 241 1086 ἓὲῗρέξῂ
252 932 321 1015 ipse
340 931 394 995 alii
423 930 686 1016 commodaverit,
707 929 786 995 furti
810 931 950 1016 obligari
972 952 1107 1016 respon-

186 1128 238 1192 32.
261 1125 300 1192 D.
315 1127 368 1210 41,
383 1127 413 1210 2,
432 1126 484 1209 48,
505 1127 534 1190 1.
556 1124 717 1208 Ulpianus
736 1126 820 1190 libro
842 1126 1112 1211 quadragensimo

96 1215 238 1281 secundo
258 1214 298 1279 ad
323 1214 487 1280 Sabinum.
515 1252 551 1261 —
579 1213 660 1280 Cum
680 1214 818 1278 turrem
836 1215 990 1279 furtivam
1004 1216 1115 1281 vendi·

94 1307 199 1370 disset
237 1304 330 1389 eique
367 1325 519 1368 nummos
556 1304 653 1386 pretii
689 1303 838 1368 dominus
873 1303 921 1368 rei
952 1327 1010 1389 per
1046 1305 1114 1369 vim

93 1395 246 1472 extorsit,
283 1393 405 1458 furtum
436 1414 509 1457 eum
540 1414 747 1458 nummorum
773 1391 889 1457 fecisse
917 1443 952 1459 ..
979 1415 1113 1479 respon·

95 1505 169 1548 sum
193 1486 251 1546 est·
411 1570 461 1635 Dc
484 1570 644 1636 arbactus
666 1570 798 1636 00001010.

187 1697 240 1760 33.
265 1693 336 1759 Gai.
354 1694 385 1776 4,
406 1696 456 1759 11.

185 1806 347 1881 qu&

459 1890 509 1955 De
531 1889 592 1972 lepe
615 1890 754 1971 Aquilia.

189 2016 242 2079 34.
264 2012 289 2078 I.
312 2016 343 2096 4,
367 2015 397 2097 3,
422 2014 472 2079 13.
498 2052 541 2061 -
570 2063 600 2079 ..
626 2035 817 2099 responsum
842 2017 905 2097 est,
934 2013 962 2076 si
986 2012 1057 2096 quis
1081 2014 1117 2077 in

98 2105 239 2169 alienum
264 2102 373 2167 vinum
398 2107 456 2167 aut
479 2105 585 2168 oleum
609 2103 643 2166 id
665 2101 846 2185 immiserit,
870 2123 933 2186 quo
957 2102 1116 2165 naturalis

97 2193 230 2258 bonitas
262 2191 328 2256 vini
360 2192 412 2256 vel
443 2193 506 2257 olei
538 2194 812 2275 corrumperetur,
847 2213 885 2254 ex
921 2190 982 2254 hac
1021 2196 1115 2274 parte

98 2281 182 2367 legis
206 2277 273 2366 (st
288 2281 438 2364 Aquiliae
462 2281 567 2364 capite
590 2278 703 2366 tertio)
727 2302 799 2344 eum
823 2279 936 2344 teneri.

189 2386 242 2452 35.
272 2386 312 2451 D.
334 2387 388 2465 41,
414 2390 441 2468 1,
469 2387 521 2452 55.
549 2387 670 2452 Paulus
698 2387 782 2451 libro
810 2386 951 2451 secundo
979 2385 1113 2469 Epistu-

96 2478 214 2541 larum.
238 2513 277 2522 -
379 2476 540 2541 actionem
564 2477 644 2541 mihi
667 2476 842 2541 infactum
865 2475 935 2539 dari
954 2479 1113 2558 oportere,

96 2565 200 2631 veluti
231 2585 421 2647 responsum
455 2570 513 2648 est,
545 2587 618 2630 cum
643 2563 774 2650 quidam
802 2563 952 2645 poculum
977 2563 1112 2628 alterius

97 2677 139 2719 ex
162 2675 246 2717 nave
270 2652 423 2719 eiecisset.

476 2795 525 2860 De
547 2797 741 2860 condictione.

192 2919 242 2984 36.
267 2918 306 2984 D.
325 2921 378 2997 44,
399 2921 427 3002 7,
447 2922 499 3003 34,
518 2921 547 2984 2.
570 2919 661 2984 Idem
681 2916 738 3005 (sc.
757 2917 889 3006 Paulus)
905 2919 990 2984 libro
1011 2919 1118 3003 singu·

99 3008 163 3072 lari
193 3008 231 3071 de
269 3010 532 3074 concurrentibus
564 3008 754 3074 actionibus.
794 3045 832 3056 -
872 3059 906 3074 ..
935 3009 973 3072 de
1001 3007 1117 3072 colono

100 3119 296 3180 responsum
320 3101 379 3181 est,
403 3099 431 3162 si
454 3098 577 3181 aliquid
602 3119 640 3161 ex
663 3097 763 3162 fundo
787 3097 991 3180 subtraxerit,
1013 3096 1118 3159 teneri

101 3209 175 3251 eum
201 3185 401 3250 condictione
416 3190 458 3272 ⁴et
480 3186 569 3269 furti,
593 3187 670 3270 quin
694 3187 791 3251 etiam
816 3209 855 3251 ex
877 3188 993 3251 locato.

192 3292 245 3358 37.
272 3291 310 3356 D.
336 3294 387 3375 12,
411 3293 440 3376 5,
459 3294 536 3376 9pr.
559 3291 651 3356 Idem
670 3291 727 3378 (sc.
746 3290 881 3379 Paulus)
899 3293 984 3356 libro
1004 3290 1117 3374 quinto

102 3381 144 3446 ad
158 3380 334 3446 Plautium.
347 3419 385 3428 -
398 3379 432 3446 Si
447 3383 640 3446 vestimenta
654 3383 775 3447 utenda
788 3382 849 3446 tibi
863 3380 1119 3460 commodavero,

102 3469 216 3534 deinde
253 3471 405 3552 pretium,
435 3474 472 3535 ut
503 3471 687 3554 reciperem,
715 3471 885 3553 dedissem,
917 3468 1117 3533 condictione

103 3581 153 3623 me
177 3562 264 3624 recte
288 3563 434 3624 acturum
458 3581 647 3643 responsum
671 3564 729 3625 est.
