2430 3944
375 191 401 240 4.
421 184 449 240 0.
465 184 610 241 casslus
628 185 814 242 LONGINUS
1061 190 1102 252 ‘ll

183 352 277 413 Cassii
296 372 444 429 responsa
457 355 644 414 rettulerunt
656 358 779 430 praeter
791 354 949 432 Hyginum
963 347 1106 437 (gromat.

116 463 135 518 p.
150 435 217 524 124)
250 441 380 502 Urseius
407 442 504 502 Ferox
532 435 582 524 (D.
596 445 648 519 44,
664 444 693 518 5,
708 447 737 520 1,
754 447 794 504 10
823 438 970 504 ‘Cassium
1002 445 1107 504 existi-

58 526 61 591 l
115 550 189 591 nasse
219 531 347 591 Urseius
377 524 511 613 refert'),
549 531 648 591 Titius
681 532 785 592 Aristo
820 526 871 613 (D.
891 536 942 606 17,
961 535 991 610 2,
1013 536 1104 609 29,2

58 620 60 637 ²
116 613 207 680 ‘iricio
229 621 325 680 refert
343 618 482 679 Cassium
498 616 709 696 respondisse'.
749 621 786 679 D.
802 624 831 697 4,
846 624 875 693 8,
890 624 933 682 40
957 616 1106 681 ‘Cassium

116 708 211 768 audisse
233 727 265 768 se
289 708 439 767 dicentem
452 709 554 768 Aristo
574 702 657 791 ait'),
677 708 825 771 Viviauus
845 704 897 791 (D.
909 713 1000 787 rat,
1012 713 1106 786 14pr.

116 790 232 866 'Quidam
263 798 411 876 referunt,
439 800 586 873 quantum
618 802 721 875 repeto
745 799 825 874 apud
854 799 1017 859 Vicianum

116 887 176 960 quod
197 886 339 946 Sabinum
352 889 394 945 <et
416 885 554 947 Cassium
577 888 765 963 respondisse
788 880 910 969 aiunt').

184 974 262 1045 Quae
285 993 430 1051 responsa
452 975 550 1052 magis
573 975 611 1034 ad
634 977 683 1035 ius
706 976 793 1036 civile
816 977 978 1054 pertinent,
1000 975 1107 1051 primo,

117 1082 175 1137 qnae
195 1064 290 1140 magis
313 1064 352 1122 ad
375 1064 423 1123 ius
446 1065 654 1143 honorarium,
677 1065 806 1125 secundo
829 1065 894 1125 loco
918 1065 1017 1124 allero.

453 1261 480 1318 1.
508 1259 556 1318 Ad
578 1260 626 1319 ius
649 1260 745 1319 civile.

414 1376 464 1441 Dc
486 1377 574 1443 bouis
595 1379 781 1445 libertorum.

187 1504 212 1566 1.
231 1501 300 1566 Gai.
312 1501 404 1584 3,71.
423 1537 466 1548 -
482 1553 488 1566 .
503 1552 510 1566 .
526 1503 693 1586 quaeritur
711 1525 752 1567 an
770 1503 832 1568 hoc
847 1502 1106 1567 senatusconsul-

116 1591 169 1652 tnn
182 1587 235 1677 (sc.
248 1590 341 1674 Lupo
357 1595 390 1655 et
403 1588 512 1675 Largo
527 1591 715 1656 consulibus
730 1593 860 1674 factum,
880 1613 918 1655 ex
938 1613 1001 1676 quo
1021 1591 1106 1656 bona

117 1675 279 1744 latinorum
308 1679 450 1762 primum
479 1679 520 1743 ad
549 1702 621 1744 eum
649 1681 828 1765 pertinent,
856 1682 911 1763 qui
942 1702 997 1745 eos
1024 1680 1105 1744 libe·

117 1765 227 1855 raverit)
254 1768 294 1832 ad
319 1789 374 1832 eos
397 1769 528 1852 patroni
551 1769 671 1833 liberos
695 1769 871 1853 pertineat,
897 1769 953 1853 qui
977 1789 1016 1833 ex
1038 1768 1107 1833 filia

116 1859 227 1938 nepteve
254 1860 481 1941 procreantur,
513 1857 546 1921 id
579 1863 630 1922 est
658 1862 695 1922 ut
723 1878 824 1941 nepos
853 1879 943 1922 meus
971 1879 1010 1921 ex
1038 1857 1107 1920 filia

115 1946 201 2024 potior
223 1947 268 2010 sit
291 1946 326 2009 in
349 1946 443 2010 bonis
464 1944 574 2011 Latini
599 1947 663 2011 mei
686 1968 783 2030 quam
807 1951 979 2010 extraneus
998 1945 1105 2027 heres,

115 2030 176 2097 item
197 2034 281 2118 (an)
307 2034 347 2098 ad
366 2038 532 2099 maternos
551 2034 688 2099 Latinos
707 2036 769 2099 hoc
788 2035 1107 2100 senatusconsultum

112 2123 254 2201 pertineat
276 2122 450 2207 quaeritur,
472 2123 506 2186 id
530 2127 580 2187 est
603 2125 695 2189 utin
719 2124 814 2188 bonis
833 2122 945 2188 Latini
967 2123 1107 2186 materni

111 2211 200 2291 potior
227 2215 271 2276 sit
298 2215 454 2295 patronae
481 2212 568 2276 filius
598 2235 695 2296 quam
722 2212 817 2276 heres
846 2215 1017 2277 extraneus
1041 2232 1108 2274 ma·

108 2299 316 2454 (glssulgassio
339 2301 464 2384 placuit
488 2306 624 2384 utroque
647 2323 723 2366 casu
746 2301 853 2366 locum
873 2322 943 2365 esse
962 2304 1106 2364 senatus·

505 2494 556 2560 De
578 2496 694 2580 tepetis.

492 2626 540 2684 Dc
563 2628 708 2685 codicillis

180 2746 210 2808 2.
239 2744 277 2808 D.
298 2745 350 2822 29,
370 2746 399 2825 7,
419 2745 515 2828 14pr.
563 2742 719 2809 Scaevola
745 2744 829 2808 libro
859 2746 973 2808 octavo
1003 2741 1105 2817 Quae-

101 2833 234 2896 stionum
255 2832 303 2916 (P.
319 2829 408 2919 160).
429 2869 468 2879 —
488 2833 626 2909 Quidam
645 2834 799 2916 referunt,
819 2837 974 2916 quantum
992 2838 1104 2913 repeto

100 2920 175 3004 apud
199 2921 386 3006 Vicianum,
407 2918 520 2986 Sabini
543 2925 576 2985 et
594 2919 699 2986 (lassii
722 2925 755 2986 et
773 2920 903 2985 Proculi
926 2923 1106 3003 expositam

99 3029 160 3073 esse
205 3010 239 3073 in
284 3011 473 3094 quaestione
516 3009 701 3073 huiusmodi
744 3011 1013 3074 controversiam:
1064 3031 1106 3072 an

98 3096 217 3183 legata,
254 3121 335 3182 quae
370 3103 583 3183 posteaquam
615 3099 756 3162 instituti
786 3102 924 3162 mortem
957 3097 1106 3162 obierunt

97 3188 250 3251 codicillis
283 3187 444 3270 adscripta
476 3187 527 3250 vel
561 3187 713 3269 adempta
747 3192 836 3268 sunt,
868 3208 888 3250 a
920 3185 1105 3250 substitutis

97 3275 270 3340 debeantur
293 3275 409 3356 [idest
433 3298 473 3339 an
497 3275 629 3358 perinde
652 3275 740 3339 datio
764 3279 798 3339 et
821 3275 983 3357 ademptio
1007 3274 1106 3338 etiam

95 3363 151 3429 hoc
179 3368 328 3448 tempore
356 3364 513 3429 codicillis
544 3363 632 3429 facta
654 3364 764 3428 valeat
792 3385 829 3428 ac
854 3364 883 3428 si
910 3364 1105 3426 testamento

93 3451 177 3519 iacta
207 3451 317 3536 esset}
368 3453 453 3536 quod
477 3451 632 3517 Sabinum
662 3456 695 3516 ct
723 3451 871 3518 Cassium
902 3449 1106 3534 respondisse

94 3542 181 3607 aiunt
204 3541 343 3606 Proculo
366 3542 584 3606 dissentiente.
