2430 3944
356 207 380 256 6.
403 199 609 256 IAVOLENUS
628 200 777 257 PRISCUS
1003 202 1072 269 473

58 384 105 429 au
136 362 191 428 lucc
222 364 289 446 ipso
316 363 399 428 lceres
426 364 585 429 institutus
607 370 730 446 partem
756 365 918 430 revocandi
943 385 965 428 a
992 366 1071 449 lepa-

58 452 153 517 tariis
170 453 220 518 ius
237 453 354 536 tabeat,
372 454 455 534 quod
470 473 508 517 ea
525 454 679 518 uoluntate
696 452 830 533 defuncti
841 455 947 536 pluris
965 455 1073 519 emerit

58 540 210 622 fundum,
233 562 327 622 quarn
350 543 459 623 quanti
481 545 555 606 erat.

150 627 336 712 Respondit:
363 630 445 712 quod
460 631 596 712 amplius
618 629 702 695 lueres
719 651 813 713 auam
826 632 961 712 pretium
977 630 1073 712 fundi

56 718 207 800 leputario
238 718 340 803 soluit,
315 719 406 783 tid
435 719 496 801 lepe
524 719 672 784 Falcidia
702 720 853 801 imputari
879 739 943 784 uon
964 723 1071 803 potest,

59 807 138 888 quia
165 807 330 889 neplepent
318 828 351 870 ca
373 808 440 872 eius
460 828 565 872 nocere
588 808 744 910 lepatariis
765 829 828 872 non
850 808 944 892 debet,
920 812 1071 890 mimate

56 915 132 960 cum
153 897 182 960 is
203 897 371 979 confitendo
393 917 496 961 amam
515 896 756 962 aestimationem
769 901 929 979 praestare
942 901 1072 978 poterat.

480 1090 530 1155 De
549 1091 654 1172 furtis.

149 1214 202 1279 24.
232 1213 271 1279 D.
280 1215 333 1297 47,
347 1215 378 1298 2,
391 1213 442 1279 75.
477 1213 566 1279 Idem
582 1215 639 1300 (sc.
652 1213 840 1303 Iavolenus)
854 1215 937 1280 libro
953 1219 1069 1312 quarm

56 1319 295 1405 Epistularum
320 1357 358 1368 —
383 1321 550 1386 Furtiuam
577 1322 724 1386 ancillam
752 1322 831 1387 bona
852 1323 912 1404 fide
933 1319 1072 1386 118111

59 1414 197 1491 emptam
219 1429 289 1474 cum
300 1411 496 1492 possiderem,
520 1409 676 1491 scebripuit
692 1410 771 1474 milri
787 1412 903 1489 Attius,
925 1431 994 1475 acm
1011 1430 1071 1492 quo

58 1501 90 1562 et
115 1517 167 1580 epa
194 1502 223 1562 et
249 1499 393 1562 dominus
417 1498 498 1579 furti
525 1499 654 1580 opimus.
693 1520 817 1582 proaem,
844 1505 963 1581 quanta
984 1500 1073 1564 aesti-

59 1587 159 1650 matio
176 1606 236 1667 pro
259 1592 385 1669 utroque
406 1589 476 1671 sieri
497 1588 585 1652 debet.

150 1673 334 1757 Respondit:
357 1677 485 1759 emptori
503 1675 604 1757 duplo,
621 1677 732 1757 quanti
750 1677 815 1740 eius
832 1677 962 1761 interest,
980 1678 1069 1742 aesti-

57 1763 145 1827 mari
162 1764 251 1846 debet,
274 1765 397 1830 domino
415 1769 517 1829 acrum
536 1764 638 1845 duplo,
657 1766 768 1845 quanti
785 1785 822 1828 ea
839 1766 951 1830 mulier
966 1765 1072 1846 fuerit.

57 1871 113 1917 nee
143 1872 200 1917 nos
230 1872 347 1918 mouere
377 1853 472 1937 debet,
502 1853 584 1935 quod
611 1852 726 1917 duobus
748 1873 850 1934 poeria
874 1855 956 1934 furti
978 1874 1069 1935 prae·

59 1939 204 2023 stabitur,
242 1942 365 2025 quippe,
401 1962 470 2008 cum
501 1942 635 2006 eiusdem
665 1942 712 2005 rei
742 1942 864 2005 nomine
888 1947 1074 2024 praestetur,v

58 2031 189 2112 emptori
228 2031 293 2094 eius
327 2031 541 2113 possessionis,
581 2030 704 2094 domino
739 2031 838 2112 ipsim
869 2032 1072 2112 proprietatis

57 2137 155 2183 causa
171 2122 364 2200 praestanda
385 2123 436 2184 est.

292 2313 342 2378 De
364 2315 553 2395 adquirendo
575 2334 679 2378 rerum
701 2314 845 2378 dominio.

152 2435 204 2501 25.
239 2436 420 2522 D.50‚16,
441 2437 513 2502 115.
562 2436 653 2501 Idem
684 2434 741 2523 (se.
768 2432 954 2520 Iavolenus)
986 2436 1071 2499 libro

59 2527 179 2610 quarto
207 2524 504 2608 Epistularum-
535 2527 677 2607 Quaestio
700 2531 755 2608 est,
776 2525 894 2606 fiendas
916 2546 937 2588 a
955 2544 1073 2607 posscs-

57 2616 146 2678 sione
164 2613 210 2678 uel
227 2635 301 2696 apro
318 2615 365 2680 ael
376 2617 507 2697 praedio
525 2616 601 2698 quid
618 2617 714 2680 distet
755 2613 893 2696 ³fuudus'
913 2618 958 2678 est
974 2633 1072 2697 omne,

57 2702 212 2785 quidquid
236 2703 299 2769 sato
327 2709 451 2768 tenetur.
502 2702 596 2787 ³aper'
624 2709 669 2769 est
693 2704 805 2818 species
827 2703 934 2786 fundi,
960 2703 989 2767 si
995 2663 1072 2766 ²ad

56 2811 153 2856 usum
188 2790 322 2856 lcormnis
353 2797 558 2875 comparatae.
615 2790 781 2874 ³possessio’
814 2792 853 2855 ab
884 2812 958 2874 apro
989 2791 1072 2855 iuris

51 2879 242 2964 proprietate
268 2881 378 2957 distat;
406 2882 555 2964 quidquid
580 2883 661 2945 enim
688 2880 957 2965 adprehendimus,
981 2880 1072 2943 cicius

49 2969 232 3052 proprietas
258 2970 302 3034 ad
325 2989 382 3034 nos
408 2990 470 3035 non
488 2971 622 3052 pertinet
643 2974 700 3033 aut
720 2990 774 3033 uec
790 2973 890 3051 potest
905 2970 1070 3051 pertinere,

55 3057 115 3122 lcoc
134 3059 354 3139 possessionem
380 3060 579 3142 appellamus.
613 3058 761 3139 possessio
787 3078 856 3141 erpo
883 3077 972 3140 usus,
998 3076 1073 3139 oper

49 3147 232 3230 proprietas
259 3146 317 3211 urci
338 3153 389 3212 est.
435 3146 620 3230 ³proedium'
643 3148 801 3228 utrimque
821 3166 919 3227 supra
940 3146 1073 3225 scriptae

53 3233 199 3318 penerale
234 3254 345 3299 umnen
381 3241 440 3314 est;
476 3256 550 3300 narn
583 3240 612 3300 et
642 3257 714 3320 aper
745 3241 773 3300 et
796 3235 947 3318 possessio
978 3232 1073 3296 leuius

47 3323 280 3407 appellationis
301 3325 411 3406 species
432 3330 513 3389 sunt.

131 3503 146 3550 1
169 3496 247 3553 Trulr.
266 3498 385 3552 duorum
403 3515 556 3554 aureorum.

130 3573 147 3622 2
167 3567 217 3623 Fl.
237 3569 281 3624 est
298 3568 321 3624 si
340 3568 446 3639 species
464 3570 552 3626 fundi.
