2430 3944
417 118 444 168 4.
462 110 493 168 (l.
508 109 653 166 cnssms
672 109 856 168 LONGINUS
1101 113 1143 177 63

225 275 295 340 106.
323 273 394 340 Gai.
412 274 443 356 4,
464 274 537 340 114.
560 310 605 321 -
628 272 781 358 Superest
807 279 845 339 ut
868 275 1088 360 dispiciamus,
1115 278 1144 342 si

156 369 216 430 ante
235 386 301 429 rem
323 364 500 428 iudicatam
519 363 546 428 is
567 385 639 427 eum
660 383 724 449 quo
744 363 866 448 agitur,
882 369 958 448 post
976 369 1144 450 aoeeptum

10 444 36 495 '·
154 452 285 518 iudicium
318 451 500 516 satisfaciat
533 453 647 534 actori,
679 451 754 536 quid
788 452 895 517 officio
928 453 1041 517 iudicis
1069 476 1143 520 eon-

154 541 250 626 veniat,
271 544 382 606 utrum
406 539 575 605 absolvere
599 562 640 605 an
664 540 736 605 ideo
754 541 864 625 potius
884 541 1046 624 damnare,
1067 544 1143 626 quia

152 630 243 695 iudieii
264 628 443 715 aecipiendi
466 633 613 712 tempore
636 627 670 693 in
694 651 732 693 ea
755 651 852 694 eausa
870 630 977 712 fuerit,
1001 635 1038 696 ut
1056 631 1143 696 dam·

151 719 207 783 nari
223 717 343 784 debeat.
380 717 486 782 nostri
503 721 729 801 praeceptores
748 717 915 783 absolvere
934 741 1008 784 eum
1027 720 1142 786 debere

152 807 325 886 existimant,
347 827 407 872 neo
429 806 584 871 interesse
603 807 694 871 euius
713 808 840 891 generis
859 808 903 872 sit
920 808 1087 895 iudicium,
1111 814 1144 875 et

28 889 44 928 ³·
150 894 199 961 hoe
222 900 270 961 est
296 894 382 979 quod
409 895 508 980 vulgo
537 893 653 960 dieitur
676 891 796 960 Sabino
823 897 855 959 et
878 893 991 962 Cassio
1014 898 1142 981 plaeere

150 985 241 1049 onnia
261 983 381 1048 iudicia
403 983 605 1049 absolutoria
628 1005 707 1049 esse.

441 1203 491 1270 De
512 1206 548 1270 in
570 1226 636 1271 rem
658 1205 836 1271 solonates.

221 1330 293 1395 107.
329 1328 369 1395 D.
391 1330 445 1416 44,
469 1332 498 1414 7,
521 1329 620 1413 35pr.
674 1329 763 1394 Idem
799 1327 857 1417 (se.
889 1329 1024 1415 Paulus)
1057 1332 1142 1398 libro

26 1467 34 1497 ‚
147 1418 235 1500 primo
263 1419 304 1483 ad
329 1419 469 1484 edietum
492 1419 651 1503 praetoris
674 1416 725 1506 (P.
740 1415 807 1505 84).
831 1457 873 1465 -
897 1419 936 1484 In
960 1420 1142 1486 honorariis

147 1507 312 1572 rationibus
340 1506 386 1571 sie
414 1528 484 1572 esse
512 1507 727 1572 definiendum
751 1505 883 1573 Cassius
913 1509 972 1592 ait,
999 1514 1036 1574 ut
1059 1531 1141 1593 quae

145 1595 183 1658 rei
211 1595 465 1679 persecutionem
497 1595 653 1681 habeant,
689 1596 750 1660 hae
783 1599 880 1661 etiam
914 1602 989 1680 post
1020 1620 1142 1663 annum

145 1681 294 1765 dmentur,
331 1687 457 1748 ceterae
488 1684 574 1749 intra
611 1707 743 1749 annum.
797 1684 989 1750 honorariae
1022 1692 1141 1772 autem,

26 1770 33 1871 J
145 1792 213 1855 quae
233 1776 310 1857 post
332 1792 452 1837 annum
474 1793 541 1837 non
565 1773 691 1856 dantur,
713 1794 771 1838 nee
794 1775 829 1837 in
847 1772 997 1838 heredem
1018 1775 1141 1840 dandae

144 1864 217 1944 sunt,
247 1865 286 1925 ut
311 1864 420 1924 tamen
448 1862 573 1926 luorum
600 1862 630 1926 ei
657 1866 898 1945 extorqueatur,
931 1862 1014 1927 sieut
1040 1863 1079 1927 fit
1106 1865 1142 1928 in

144 1949 256 2015 aetione
283 1949 350 2015 doli
378 1949 456 2014 mali
484 1954 517 2014 et
543 1950 715 2016 interdicto
743 1951 826 2015 unde
855 1952 887 2015 vi
915 1957 948 2013 et
971 1951 1140 2016 similibus.

219 2069 282 2130 eei.
304 2073 335 2147 4,
362 2073 432 2131 110.
582 2071 760 2130 admouendi
794 2091 897 2131 sumus
934 2090 985 2131 eas
1022 2072 1143 2148 quidem

13 2154 29 2225 ¹,
144 2158 259 2219 aetionss
287 2180 364 2238 quae
392 2179 429 2219 ex
454 2160 521 2238 lege
549 2162 707 2220 senatusve
733 2161 876 2220 consultis
899 2160 1140 2238 proficiscuntur,

143 2249 272 2324 perpetuo
302 2250 398 2309 solere
425 2251 595 2323 praetorem
623 2249 857 2327 accommodare,
887 2268 937 2308 eas
964 2268 1038 2309 vero
1062 2268 1139 2325 quas

143 2351 170 2393 ex
192 2337 313 2412 propria
339 2337 433 2413 ipsius
460 2335 666 2395 iurisdictione
689 2337 832 2410 pendent,
859 2338 1035 2414 plerumque
1058 2338 1140 2397 intra

142 2439 238 2482 annum
261 2424 345 2504 dare,
374 2424 535 2502 aliquando
557 2426 659 2483 tamen
682 2419 735 2502 <et
757 2428 900 2500 perpetuo
925 2444 975 2485 eas
999 2426 1060 2502 dat,
1084 2426 1139 2484 sei-

10 2529 27 2578 ,2
141 2509 202 2570 lieet
223 2511 311 2591 eum>
333 2513 472 2572 imitatur
493 2512 542 2572 ius
565 2512 742 2590 legitimum,
768 2515 872 2590 quales
897 2517 967 2573 sunt
990 2533 1042 2572 eae
1066 2532 1141 2590 quas

21 2619 26 2629 ·
141 2597 274 2660 bonorum
303 2602 527 2679 possessoribus
555 2601 723 2678 ceterisque
751 2602 803 2677 qui
831 2601 948 2661 heredis
976 2603 1040 2661 loeo
1069 2605 1141 2661 sunt

10 2690 26 2705 ”
141 2689 342 2753 accommodat.

449 2825 494 2879 De
511 2823 669 2878 hereditatis
682 2824 823 2892 petitione.

220 2932 291 2997 108.
323 2932 362 2996 D.
381 2931 412 3015 5,
431 2934 461 3014 3,
482 2932 533 3010 13,
551 2932 582 2996 4.
635 2932 725 2996 Idem
759 2929 816 3015 (sc.
845 2931 1021 3018 Ulpianus)
1054 2933 1139 2997 libro

140 3019 242 3101 quinto
270 3021 394 3085 decimo
424 3021 464 3085 ad
492 3020 632 3085 edietum
656 3018 706 3108 (P.
720 3017 811 3107 512).
833 3057 877 3068 -
901 3020 986 3097 Quid
1014 3021 1041 3085 si
1069 3022 1141 3106 quis

139 3104 338 3175 hereditatem
366 3110 494 3194 emerit,
521 3131 563 3174 an
592 3110 681 3174 utilis
708 3109 743 3173 in
770 3132 842 3174 eum
871 3110 987 3193 petitio
1015 3109 1143 3173 heredi-

10 3242 21 3251 .
139 3197 202 3261 tans
241 3197 373 3263 deberet
409 3198 492 3283 dari,
530 3220 571 3263 ne
609 3198 746 3284 singulis
784 3198 910 3262 iudiciis
948 3197 1142 3263 vexaretur?

10 3330 22 3340 .
138 3285 327 3353 venditorem
362 3288 448 3352 enim
480 3288 584 3352 teneri
617 3292 739 3352 certum
773 3294 835 3374 est;
873 3286 928 3350 sed
960 3288 1045 3370 finge
1078 3306 1143 3348 non

10 3407 21 3446 ς
139 3377 237 3440 extare
273 3375 477 3442 venditorem
513 3377 565 3441 vel
600 3376 726 3441 modioo
760 3375 941 3440 vendidisse
974 3378 1007 3438 et
1039 3374 1142 3437 bonae

138 3461 204 3527 fidei
230 3486 450 3548 possessorem
477 3464 593 3530 fuisse:
622 3487 667 3529 an
695 3464 822 3549 porrigi
849 3485 963 3527 manus
992 3462 1032 3524 ad
1056 3482 1142 3543 emp·
