2430 3944
150 160 213 226 168
230 161 278 218 ΙΠ.
289 160 365 216 GAII
374 159 521 217 CLAUDII
530 159 667 216 Nason.
677 158 822 218 dannan
832 160 941 217 TEMP.
950 159 1049 216 IURIS
1060 160 1160 220 CONS.

147 324 301 407 adfuerit,
331 323 415 408 quod
444 323 627 389 valetudine
655 323 707 388 vel
734 323 781 388 rei
807 323 956 408 publicae
983 345 1081 389 causa
1108 325 1162 389 ab·

147 413 252 479 sentia
278 412 453 497 impeditus
481 411 525 476 sit
548 416 604 476 aut
627 413 821 496 magistratu
845 415 902 477 aut
924 411 989 477 alia
1012 413 1101 479 iusta
1123 412 1161 478 de

147 523 254 584 causa,
278 522 418 584 poenam
441 500 600 566 committi
622 498 779 566 Proculus
804 505 837 565 et
859 499 1034 566 Atilicinus
1058 503 1161 586 aiunt3

148 591 204 655 sed
227 590 254 654 si
277 593 410 674 paratus
433 589 476 653 sit
499 590 533 654 in
552 588 687 654 eundem
705 589 977 674 compromittere,
1001 589 1162 655 actionem

146 679 298 763 denegari
322 683 379 742 aut
402 678 589 762 exceptione
611 680 719 742 tutum
741 677 819 743 fore.

235 769 264 831 6.
288 765 327 830 D.
341 768 373 851 4,
384 767 414 848 8,
424 767 476 848 23,
489 767 515 831 1.
561 764 720 850 Ulpianus
743 766 827 832 libro
851 766 1098 832 tertiodecimo
1123 767 1163 832 ad

148 855 285 921 edictum
305 854 353 940 (P.
367 851 472 941 4611‘).
499 891 537 902 -
563 851 692 941 (Celsus
717 855 778 939 ait,
802 855 830 919 si
853 855 975 920 arbiter
996 855 1085 920 intra
1108 855 1163 920 lra-

147 945 259 1009 lendas
284 943 489 1028 Septembres
519 943 589 1007 dari
611 943 742 1009 iusserit
764 964 824 1008 nec
847 942 959 1010 datum
983 944 1058 1027 erit,
1085 944 1163 1009 licet

146 1036 261 1117 postea
289 1033 456 1117 offeratur,
485 1035 630 1097 attamen
657 1032 757 1097 semel
786 1033 993 1097 commissam
1022 1053 1163 1118 poenam

147 1121 373 1204 compromissi
398 1141 466 1184 non
489 1142 694 1205 evanescere,
723 1121 877 1205 quoniam
901 1143 1028 1204 semper
1050 1143 1164 1186 verum

146 1213 196 1274 est
216 1209 303 1274 intra
320 1209 474 1273 kalendas
493 1209 606 1273 datum
624 1231 690 1274 non
710 1231 799 1293 esse3·
817 1210 868 1274 sin
887 1212 996 1274 autem
1015 1210 1164 1275 oblatum

147 1299 287 1383 accepit,
322 1319 461 1381 poenam
493 1301 603 1381 petere
634 1319 701 1363 non
731 1300 841 1382 potest
873 1296 941 1363 doli
972 1299 1165 1381 exceptione

145 1387 367 1452 removendus.
395 1389 508 1451 contra
539 1386 596 1450 ubi
632 1384 803 1451 dumtaxat
838 1386 916 1450 dare
947 1386 1055 1452 iussus
1090 1384 1166 1473 est.)

145 1475 235 1540 Idem
264 1474 323 1558 ait,
355 1474 383 1539 si
410 1473 542 1539 iusserit
569 1496 620 1539 me
647 1474 710 1539 tibi
737 1475 813 1539 dare
841 1479 875 1539 et
901 1475 1088 1540 valetudine
1118 1476 1164 1540 sis

145 1562 329 1649 impeditus,
352 1584 416 1650 quo
435 1563 543 1627 minus
562 1562 712 1647 accipias,
732 1566 789 1627 ant
807 1562 872 1628 alia
889 1564 976 1628 iusta
994 1584 1034 1652 ex
1052 1585 1163 1648 causa,

145 1652 319 1717 Proculum
351 1651 537 1716 existimare
564 1672 704 1734 poenam
734 1673 802 1716 non
834 1651 1007 1736 committi,
1038 1673 1100 1717 nec
1133 1654 1162 1718 si

146 1745 222 1825 post
243 1740 398 1804 kalendas
422 1743 454 1804 te
477 1744 592 1827 parato
617 1740 762 1823 accipere
783 1761 850 1804 non
874 1740 954 1805 dem.

318 1889 320 1892 ¹
443 1898 494 1964 De
515 1899 688 1982 meaptdcs
707 1899 862 1981 funerum.

236 2016 265 2081 τ.
297 2003 340 2079 n.
365 2016 416 2100 11,
440 2015 469 2097 τ,
494 2015 544 2099 14,
568 2016 619 2081 11.
673 2013 835 2099 Ulpianus
868 2014 953 2080 libro
985 2000 1171 2082 vicensimo*

146 2103 261 2188 quinto
286 2103 326 2167 ad
349 2104 487 2168 edictum
512 2101 562 2188 (P.
579 2101 667 2191 752).
689 2140 727 2150 -
748 2100 783 2167 si
807 2103 889 2187 quis,
913 2103 988 2167 dum
1012 2125 1047 2168 se
1072 2104 1165 2168 here-

146 2194 218 2257 dem
254 2197 363 2278 putat,
403 2195 531 2276 patrem
566 2192 709 2256 familias
745 2191 956 2277 funeraverit,
997 2192 1166 2258 funeraria

146 2281 274 2347 actione
305 2280 356 2345 uti
387 2302 454 2345 non
485 2281 620 2364 poterit,
652 2280 728 2365 quia
759 2301 824 2346 non
856 2280 917 2345 hoc
949 2280 1057 2346 animo
1087 2281 1166 2347 fecit

146 2371 240 2454 quasi
268 2368 409 2434 alienum
437 2369 605 2454 negotium
634 2389 758 2454 gerens.
805 2371 839 2433 et
862 2368 910 2435 ita
933 2368 1107 2435 Trebatius
1132 2374 1168 2435 et

145 2458 301 2523 Proculus
323 2461 448 2541 putant.

555 2543 605 2610 De
620 2545 751 2630 peculia

235 2662 264 2727 8.
287 2660 327 2724 D.
339 2660 389 2744 15,
401 2659 430 2744 l,
438 2661 482 2726 30
490 2683 537 2742 pr.
584 2656 743 2743 Ulpianus
767 2660 851 2724 libro
874 2658 1050 2727 vicensimo
1074 2683 1164 2728 nono

146 2750 187 2814 ad
208 2747 347 2814 edietum
367 2747 417 2835 (P.
427 2747 517 2834 861).
538 2785 577 2796 —
598 2747 787 2824 Quaesitum
807 2752 864 2831 est,
888 2771 930 2813 an
948 2753 1058 2814 teneat
1076 2751 1163 2816 actio

145 2839 185 2903 de
207 2836 347 2922 peculio,
375 2837 502 2901 etiamsi
525 2837 607 2902 nihil
631 2837 731 2900 sitin
753 2838 881 2921 peculio
905 2859 978 2903 cum
1001 2849 1165 2924 ageretur,

146 2927 175 2991 si
193 2926 288 2991 modo
309 2927 352 2990 sit
368 2927 416 2991 rei
434 2925 594 2991 iudicatae
607 2929 763 3009 tempore.
799 2926 955 2991 Proculus
970 2930 1003 2990 et
1015 2925 1163 3014 Pegasus

144 3015 248 3080 nihilo
286 3015 392 3079 minus
428 3011 555 3079 tenerel
590 3013 695 3097 aiunt,
731 3014 910 3080 intenditur
946 3015 1033 3079 enim
1064 3020 1164 3101 recte,

93 3102 95 3106 ’
146 3103 275 3168 etiamsi
306 3103 389 3167 nihil
422 3103 466 3168 sit
497 3105 532 3166 in
563 3102 699 3187 peculio.
749 3102 835 3167 idem
864 3107 897 3167 et
925 3103 1011 3168 circa
1039 3103 1080 3168 ad
1110 3127 1163 3170 ex·

145 3192 320 3257 hibendum
346 3196 378 3255 et
400 3191 435 3254 in
458 3213 527 3255 rem
550 3191 711 3255 actionem
734 3192 866 3276 placuit.

235 3280 265 3346 9.
288 3278 328 3344 D.
346 3279 396 3363 14,
406 3281 435 3363 5,
445 3279 475 3361 4,
486 3278 515 3344 5.
559 3279 650 3344 Idem
673 3276 731 3363 (sc.
746 3277 922 3366 Ulpianus)
946 3279 1031 3346 libro
1055 3281 1162 3346 vicen·

147 3371 229 3436 simo
254 3389 342 3433 nono
366 3369 405 3432 ad
430 3368 568 3433 edietum
593 3364 643 3454 (P.
657 3364 747 3454 871).
770 3407 815 3416 -
836 3368 869 3435 Is
893 3370 948 3453 qui
971 3369 1010 3434 de
1033 3371 1167 3454 peculio

219 3533 232 3580 1
254 3526 302 3582 ΡΖ.
319 3526 416 3582 teneri.
