2430 3944
461 116 486 167 7.
504 108 694 166 Paocunus
1021 110 1084 176 105

51 312 54 319 ·
95 279 201 357 pretium
221 298 282 340 non
306 279 483 355 solveretur,
506 278 667 339 secundum
692 279 811 338 Proculi
834 279 1015 339 sententiam
1038 298 1084 338 re·

96 369 189 446 scripsit
214 360 265 448 (D.
286 370 339 443 42,
359 368 387 441 8,
408 359 453 450 7).
507 368 584 427 addo
613 366 778 443 Ulpianum
808 360 859 449 (D.
880 370 909 444 9,
928 370 958 445 2,
978 370 1029 441 29,
1050 361 1084 449 1)

96 457 189 518 heruli
210 457 394 518 sententiam
417 475 486 516 cum
504 456 608 516 Severi
629 457 775 532 rescripto
798 456 928 532 quodam
951 457 1085 517 conferre

97 565 139 607 rou
156 545 317 606 dubitasse.

162 634 246 695 Alias
272 634 396 694 Proculi
427 632 592 694 sententias
621 634 670 694 vel
696 633 744 693 ius
771 633 877 694 secisse
904 633 1028 692 tradunt
1055 638 1087 693 et

51 792 54 803 ,
99 723 182 784 Paulus
209 716 262 806 (D.
286 726 342 800 15,
363 725 396 796 1,
415 724 472 798 47,
492 715 527 800 3)
555 725 587 782 61
613 722 759 798 Ulpianus
788 714 837 802 (D.
857 723 912 799 28,
932 724 968 798 2,
989 726 1021 796 6,
1043 714 1086 801 1),

51 808 55 883 ζ
99 812 167 872 sliam
187 812 395 888 praevaluisse
418 815 523 872 auctor
545 811 598 870 ille
620 815 732 885 narrat,
756 830 814 889 quo
838 810 1036 871 Tribonianus
1054 810 1086 868 16

51 902 56 993 )
98 901 159 961 nris
187 900 437 961 Institutionibus
472 900 683 976 componendis
715 919 789 960 usus
822 903 868 960 est
898 894 947 978 (3,
966 900 1022 977 23,
1041 891 1085 979 2).

51 996 53 1003 “
98 1007 176 1049 nnus
203 990 357 1068 quandam
383 989 505 1050 Proculi
533 989 713 1048 sententiam
739 989 800 1048 iam
826 988 881 1048 illa
913 992 1013 1048 aetate
1040 988 1087 1046 in·

99 1078 228 1152 66161661
250 1074 345 1139 fuisse
369 1077 461 1139 Gaius
485 1079 595 1155 4,163
619 1076 722 1136 tradit.

162 1166 349 1244 Quamquam
372 1167 444 1245 quin
462 1167 609 1227 Proculus
626 1166 720 1226 libros
739 1165 867 1225 ediderit
885 1165 1009 1224 dubium
1027 1183 1088 1224 non

100 1257 139 1329 et,
161 1259 260 1316 lamen
284 1259 404 1332 praeter
421 1255 631 1332 Epistularum
653 1254 760 1332 libros,
788 1273 825 1315 ex
847 1255 957 1330 quibus
980 1253 1086 1313 Tribo-

99 1342 180 1403 rianus
203 1344 354 1422 quaedam
379 1345 412 1404 in
438 1363 517 1406 nova
540 1344 668 1422 Digesta
693 1343 819 1420 recepit,
852 1344 888 1401 de
916 1342 983 1401 aliis
1010 1341 1087 1401 nihil

99 1432 151 1491 arti
169 1436 297 1509 constat,
315 1433 373 1494 nisi
394 1433 473 1511 quod
493 1433 531 1492 ed
549 1432 720 1492 Labeonem
736 1433 825 1492 notas
845 1450 913 1491 eum
932 1430 1087 1506 scripsisse

99 1520 150 1581 atis
168 1521 330 1583 indicetur.

458 1663 482 1725 Ι.
506 1662 700 1738 Responsa.

160 1787 323 1847 Proculum
349 1787 454 1846 multis
482 1786 708 1847 consulentibus
735 1787 925 1863 respondisse
953 1787 1088 1862 apparet,

96 1871 253 1953 intorques
283 1876 333 1936 vel
360 1874 448 1936 hodie
474 1876 668 1935 nominantur
694 1875 850 1935 Licinnius
877 1873 1010 1933 Lucusta
1037 1865 1086 1954 (D.

96 1962 131 2040 tl,
143 1967 179 2024 48
201 2011 208 2039 ,
232 1964 397 2024 Atilicinus
421 1956 472 2045 (D.
488 1966 540 2040 23,
554 1965 584 2040 4,
601 1957 667 2041 17),
688 1964 790 2040 Nepos
814 1956 864 2044 (D.
880 1966 931 2036 50,
948 1965 998 2036 16,
1015 1963 1087 2022 125.

96 2051 131 2128 31,
143 2055 179 2112 47
201 2099 209 2130 ,
232 2053 354 2113 Firmus
377 2046 426 2134 (D.
443 2056 493 2131 19,
510 2057 538 2132 1,
554 2055 605 2130 38,
621 2051 664 2131 2),
687 2053 740 2131 qui
762 2055 792 2112 et
815 2053 873 2128 ipsi
895 2051 972 2110 iuris
995 2049 1085 2126 periti

96 2136 198 2201 labendi
221 2147 294 2202 sunt
316 2142 365 2202 vel
387 2141 462 2202 iuris
486 2141 622 2201 studiosi.
656 2141 693 2202 cf.
717 2140 855 2217 Krueger
878 2160 906 2216 p.
924 2140 1085 2199 154156.

96 2228 231 2291 Atilicinus
260 2230 342 2290 idem
367 2230 488 2290 videtur
514 2249 579 2290 esse
608 2233 699 2305 atque
726 2234 816 2289 notus
843 2230 895 2288 ille
920 2228 996 2286 iuris
1020 2245 1088 2286 con-

96 2317 179 2393 sullus,
202 2320 238 2379 de
263 2339 322 2396 quo
345 2319 424 2378 infra
444 2319 614 2378 videndum.
651 2319 789 2391 fortasse,
812 2318 843 2376 id
862 2316 941 2395 quod
959 2314 1088 2375 Neronis

95 2410 172 2467 aetate
198 2408 265 2468 fieri
291 2407 407 2485 potuit,
435 2407 472 2468 de
499 2407 604 2467 eodem
630 2408 711 2467 sacto
739 2408 895 2466 consultus
923 2408 970 2464 est
997 2407 1088 2481 atque

95 2491 198 2556 Sabinus
232 2500 263 2556 et
290 2495 412 2556 0666166
440 2488 489 2576 (D.
509 2498 561 2567 29,
581 2501 611 2574 7,
632 2498 724 2572 14pr.
755 2490 846 2571 ‘quod
878 2494 1023 2554 Sabinum
1058 2497 1088 2551 61

95 2579 209 2644 tardum
232 2585 422 2661 respondisse
444 2585 529 2644 aiunt
552 2584 681 2644 Proculo
705 2576 936 2664 dissentiente').

160 2673 256 2734 Sicuti
283 2673 532 2750 consultationes,
565 2673 610 2732 ita
636 2691 779 2749 responsa
806 2673 949 2748 pleraque
976 2669 1088 2729 litteris

96 2758 148 2820 data
170 2766 250 2823 sunt.

160 2851 382 2927 Responsorum
409 2852 526 2926 partem
554 2849 700 2910 Proculus
728 2850 885 2925 proposuit
911 2848 942 2906 in
965 2846 1087 2923 Epistu-

93 2933 170 2998 larum
192 2940 292 3016 libris,
321 2939 357 2998 de
381 2940 490 3016 quibus
512 2939 592 2998 infra
614 2936 775 2998 videndum
800 2941 858 3013 est3
886 2936 947 2995 alia
968 2935 1089 3011 prolata

93 3031 146 3086 sunt
167 3047 184 3087 a
203 3028 332 3088 Viviano
355 3019 405 3107 (D.
421 3029 451 3104 4,
467 3029 496 3106 6,
511 3030 562 3104 35,
578 3029 596 3086 9
622 3021 780 3087 ‘vivianus
804 3025 907 3085 scribit
926 3024 1088 3083 Proculum

92 3110 278 3192 respondisse'.
329 3116 595 3194 1).21,1,17,4
628 3107 734 3175 ‘Idem'
767 3132 806 3175 sc.
839 3113 985 3174 Vivianus
1017 3106 1086 3170 ‘ait2

92 3199 274 3282 interrogatus
300 3206 445 3265 Proculus
476 3206 512 3263 de
540 3224 575 3263 eo
604 3205 655 3281 qui
675 3249 681 3261 .
698 3251 703 3262 .
720 3249 739 3277 .,
769 3197 832 3262 ait’.
874 3203 910 3262 cf.
934 3202 961 3259 D
991 3203 1041 3273 29,
1060 3203 1088 3274 7,

93 3288 194 3375 Ilpa),
223 3294 330 3354 Urseio
357 3293 469 3354 Feroce
497 3287 545 3374 (D.
568 3295 596 3369 9,
617 3295 644 3364 2,
665 3296 753 3367 27,1
784 3286 955 3350 ‘Proculum
984 3287 1086 3346 eristi-

91 3396 171 3442 nasse
200 3382 326 3443 Urseius
358 3376 472 3442 refert'.
523 3382 559 3440 D.
581 3382 631 3459 39,
652 3383 681 3455 3,
702 3382 789 3456 11,2
824 3374 916 3455 ‘apud
944 3376 1087 3435 Ferocem

92 3464 217 3532 Proculus
244 3464 329 3553 ait'),
357 3470 485 3531 Servilio
509 3465 558 3550 (D.
575 3473 626 3548 37,
644 3472 752 3546 14,10
776 3462 914 3527 ‘Proculo
938 3461 1086 3540 placuisse
