2430 3944
85 201 135 256 III.
155 199 253 265 QUAE
274 199 527 268 QUAERUNTUR
546 199 617 256 VEL
636 200 875 258 DUBITANTUR
892 203 969 259 Ere.
991 204 1060 268 569

464 362 515 429 De
536 383 635 430 censu.

131 479 161 544 3.
185 477 314 544 Dosith.
344 480 393 544 17.
423 515 464 526 -
493 478 614 564 Magna
641 532 648 545 .
674 529 680 543 .
709 479 866 545 dissensio
895 485 944 546 est
974 483 1061 546 inter

76 569 176 651 tritos,
198 571 308 632 utrum
331 590 369 633 eo
393 572 538 652 tempore
561 569 645 633 vires
674 569 835 652 accipiant
858 570 976 651 omnia,
998 592 1061 652 que

95 679 195 722 censu
214 662 358 740 aptantur,
381 677 424 721 an
444 679 481 722 eo
500 659 647 740 tempore
666 679 729 740 quo
749 657 887 722 lustrum
908 658 1061 724 conditur

85 797 92 810 .
123 746 209 830 quod
241 745 313 811 ideo
343 746 524 829 quaesitum
558 749 620 827 est,
654 746 807 829 quoniam
840 747 952 811 omnia
981 768 1062 830 quas

98 856 198 899 censu
223 838 363 919 aguntur
385 835 491 898 lustro
515 834 755 899 confirmantur.

350 1019 378 1076 2.
402 1016 455 1076 Ad
477 1016 534 1076 ius
556 1017 748 1093 privatum.

380 1160 406 1200 a.
430 1141 480 1200 De
503 1140 583 1200 iure
607 1141 718 1201 civili.

322 1251 372 1317 De
394 1252 589 1334 adquirenda
609 1252 781 1317 hereditate.

130 1368 161 1431 4.
184 1365 223 1431 D.
251 1367 304 1450 29,
332 1368 362 1450 2,
390 1367 434 1431 24
461 1389 508 1450 pr.
554 1365 716 1450 Ulpianus
744 1367 829 1432 libro
853 1367 994 1451 septimo
1018 1369 1060 1432 ad

76 1456 210 1520 rbiuum.
236 1453 379 1519 -Fuit
406 1455 615 1539 quaestionis,
643 1466 686 1520 an
713 1477 773 1540 pro
801 1455 918 1521 herede
947 1477 1061 1542 gerere

76 1545 204 1697 deptur‚
241 1545 295 1627 qui
327 1544 468 1627 pretium
500 1543 691 1609 hereditatis
727 1545 924 1610 omittendae
961 1565 1066 1611 eausa

76 1656 139 1697 .1.

79 1657 101 1718 p
132 1729 176 1795 ‘et
198 1735 330 1810 optinuit
352 1736 431 1794 hune
453 1754 508 1812 pro
532 1735 642 1794 herede
662 1781 690 1794 ..
714 1754 774 1795 non
796 1755 902 1814 gerere
917 1783 924 1797 .
939 1729 959 1796 .'

349 1889 399 1954 ne
421 1890 564 1972 artemis
585 1889 752 1954 aeuum

131 2006 162 2070 5.
185 2004 256 2070 Gai.
280 2006 310 2088 3,
332 2006 381 2070 16.
404 2039 442 2051 -
464 2006 536 2069 ..si
555 2004 698 2069 defuncti
716 2005 824 2069 nullus
842 2003 945 2069 frater
964 2009 1062 2089 extet,

76 2095 143 2179 ted>
166 2095 233 2158 sint
255 2093 351 2157 liberi
373 2093 522 2178 fratrum,
545 2093 585 2158 ad
609 2114 722 2158 omnes
748 2092 876 2176 quidem
896 2093 1061 2158 hereditas

76 2185 192 2248 attinet.
243 2182 299 2246 sed
323 2182 504 2266 quaesitum
528 2185 588 2265 est,
620 2181 649 2246 si
671 2182 793 2265 dispari
815 2182 900 2246 forte
922 2203 1060 2246 numero

76 2278 108 2337 nt
131 2272 211 2354 nati,
238 2274 276 2335 ut
298 2292 338 2334 ex
359 2292 424 2335 uno
448 2292 531 2334 unus
555 2271 606 2334 vel
629 2270 703 2354 duo,
727 2293 765 2335 ex
789 2271 892 2335 altero
915 2275 982 2335 tres
1006 2272 1059 2335 vel

76 2364 209 2444 rattuor,
246 2363 355 2424 utrum
391 2361 426 2423 in
458 2360 577 2444 stirpes
609 2359 780 2424 dividenda
812 2359 856 2423 sit
886 2359 1061 2438 hereditas,

76 2453 126 2514 rut
143 2450 229 2513 iuter
248 2470 323 2512 suos
346 2447 480 2513 heredes
503 2447 584 2512 iuris
607 2452 666 2533 est,
690 2471 732 2514 an
754 2448 863 2531 potius
885 2448 919 2512 iu
943 2449 1062 2532 capita.

132 2552 169 2610 ef.
191 2549 232 2629 Π,
258 2555 273 2610 1
300 2571 329 2626 p.
352 2552 426 2610 431.

132 2655 162 2718 6.
185 2651 255 2716 Gai.
284 2653 319 2736 3,
346 2653 399 2717 87.
428 2687 466 2700 -
493 2648 576 2715 Suus
603 2673 638 2716 t.
667 2655 701 2715 et
733 2651 932 2715 necessarius
964 2652 1061 2715 heres

76 2766 85 2806 1
110 2741 233 2826 aliquid
258 2744 358 2826 agant
381 2741 415 2803 in
438 2740 507 2804 iure
531 2739 672 2805 cedendo
697 2739 868 2823 quaeritur.

132 2845 168 2904 cf.
191 2863 219 2918 p.
244 2845 295 2903 39.

244 2996 294 3061 De
317 2998 404 3062 bouis
427 2997 615 3062 Latinorum
639 2996 859 3061 tetartiuorum.

134 3115 162 3177 7.
187 3112 256 3177 Gai.
275 3114 305 3196 3,
325 3114 375 3176 71.
397 3148 434 3157 -
458 3111 671 3195 ..quaeritur
692 3133 735 3175 an
752 3111 815 3176 hoe
834 3114 965 3174 senatus
985 3130 1059 3174 eon··
1149 3132 1154 3141 ·

76 3203 166 3267 ilturn
188 3201 245 3286 (sa.
265 3201 350 3284 quod
369 3199 461 3285 Lupo
481 3205 514 3265 et
527 3199 635 3283 Largo
654 3200 841 3266 consulibus
855 3199 977 3263 fartum
996 3199 1061 3283 est)

76 3291 84 3354 Ι
108 3313 164 3356 eos
187 3291 317 3375 patroni
340 3289 459 3354 liberos
482 3289 653 3373 pertineat,
682 3289 737 3373 qui
765 3310 804 3353 ex
831 3286 899 3350 filia
923 3290 1062 3370 nepteve

76 3383 262 3456 recreantur,
285 3378 319 3442 id
342 3383 394 3442 est
416 3382 453 3441 ut
475 3399 574 3460 nepos
605 3399 695 3441 meus
723 3399 763 3440 ex
788 3376 857 3439 filia
883 3375 993 3459 potior
1016 3376 1062 3439 sit

76 3525 78 3531 .
120 3468 216 3533 bouis
249 3466 357 3532 Latini
392 3467 455 3530 mei
488 3488 586 3550 quam
618 3470 790 3530 extraneus
822 3464 926 3529 heres.
981 3464 1060 3528 item

76 3558 129 3641 tn>
166 3557 206 3620 ad
243 3560 407 3620 maternos
444 3554 579 3620 Latinos
615 3554 676 3620 hoa
712 3555 843 3618 senatus
876 3552 1067 3618 consultum
1148 3618 1152 3622 ,
