2430 3944
231 163 265 220 IL
284 162 526 219 INCERTORUM
545 162 775 218 SENTENTIAE
794 164 841 218 ΕΤ
860 164 965 220 LIBRI
1040 164 1106 229 519

90 348 225 391 uxorem
248 326 398 391 heredem
423 328 552 409 scripsit
580 331 612 392 et
641 328 669 391 ei
698 327 867 391 substituit
894 329 986 393 filios.
1010 351 1107 412 quae-

90 417 190 480 situm
216 419 275 498 est,
299 437 340 480 an
364 416 528 480 institutio
548 417 657 480 uxoris
680 416 800 480 nullius
820 419 976 480 momenti
1000 419 1045 482 sit
1067 439 1106 482 eo
1140 467 1143 472 ,

89 505 175 588 quod
211 504 251 569 ab
285 526 322 569 eo
356 504 457 588 grado
490 506 549 568 filii
581 527 648 570 non
682 507 790 569 esseut
820 504 1012 570 exheredati.
1058 528 1107 571 re-

90 593 208 677 spondi
232 615 307 657 eum
333 593 478 678 gradum,
502 616 602 677 aquo
621 593 680 657 filii
698 594 867 676 praeteriti
886 594 963 679 sint,
985 595 1107 660 nullius

90 703 162 746 esse
177 682 341 765 momenti,
356 685 389 746 et
402 682 483 765 ideo,
498 682 669 747 cumidem
685 682 855 746 substituti
873 686 1107 767 proponantur,

90 793 129 834 ex
152 775 349 835 testamento
365 792 420 835 eos
434 771 567 836 heredes
586 771 733 835 extitisse
753 770 864 855 videri,
887 771 1011 836 scilicet
1030 773 1107 856 quia

88 881 154 924 non
173 863 280 925 totum
299 864 531 924 testamentum
550 860 717 924 infirmant
732 859 799 943 filii,
820 859 875 924 sed
890 864 1018 924 tantum
1033 883 1106 924 eum

90 947 241 1034 gradum,
274 949 329 1032 qni
361 949 402 1013 ab
434 949 527 1014 initio
559 971 626 1013 non
655 949 770 1033 valuit,
802 947 887 1013 sicut
914 971 1107 1032 responsum

89 1043 152 1120 est,
181 1037 210 1100 si
239 1061 257 1102 a
285 1039 390 1120 primo
420 1038 463 1102 sit
489 1038 576 1103 filins
604 1037 812 1123 praeteritus,
840 1060 860 1101 a
883 1038 1023 1102 secundo
1052 1060 1105 1102 ex-

89 1125 271 1190 heredatus.

180 1233 223 1296 2?
256 1231 295 1297 D.
314 1232 366 1310 28,
385 1234 416 1314 2,
430 1234 460 1298 2.
497 1231 588 1297 Idem
617 1232 675 1317 (sc.
699 1230 874 1319 Ulpianus)
902 1232 987 1297 libro
1016 1236 1105 1298 sexto

88 1320 297 1404 Regularum.
331 1357 375 1367 —
407 1320 613 1387 Nominatim
646 1321 857 1386 exheredatus
885 1321 972 1385 filius
1001 1325 1033 1385 et
1060 1324 1107 1385 ite

88 1410 219 1474 videtur
251 1409 348 1474 ‘filius
371 1432 461 1474 meus
486 1411 618 1475 exheres
642 1408 734 1494 esto',
761 1410 789 1474 si
812 1432 872 1475 nec
895 1432 1013 1475 nomen
1037 1411 1106 1475 eius

87 1520 275 1581 expressum
301 1499 353 1583 sit,
376 1499 522 1564 simodo
546 1499 660 1564 unicus
681 1499 737 1584 sit3
761 1521 838 1563 nam
857 1500 884 1563 si
902 1499 1011 1583 plures
1031 1503 1108 1564 sunt
1148 1579 1149 1582 Ἴ

87 1586 162 1669 filii,
198 1589 338 1673 benigna
369 1588 638 1671 interpretatione
670 1588 780 1672 potius
814 1610 833 1652 a
860 1588 1024 1673 plerisque
1057 1610 1106 1653 re-

88 1676 266 1759 spondetur
289 1677 413 1740 nullum
437 1676 665 1741 exheredatum
690 1698 769 1740 esse.

366 1854 416 1919 De
438 1856 631 1937 adquirendo
653 1854 825 1919 hereditate.

178 1979 209 2043 3.
232 1977 271 2044 D.
295 1977 348 2061 39,
371 1979 401 2057 6,
420 1979 472 2043 21.
495 1977 586 2043 Idem
605 1975 663 2064 (sc.
682 1975 842 2063 Iulianus)
861 1978 945 2042 libro
965 1978 1104 2043 secundo

87 2067 129 2130 ad
145 2066 300 2132 Urseium
314 2066 475 2132 Ferocem.
493 2104 531 2113 -
547 2067 632 2131 Eum
648 2067 754 2152 quint
769 2067 873 2132 adiret
891 2067 1105 2131 hereditatem

85 2155 257 2241 pecuniam
286 2157 471 2239 accepisset,
493 2156 707 2240 plerique...
730 2156 967 2240 responderunt
988 2157 1103 2220 mortis

85 2267 185 2310 causa
209 2264 282 2308 eom
306 2266 431 2328 capere.

178 2356 214 2414 cf.
238 2355 278 2434 II,
303 2358 321 2414 2
345 2376 373 2431 p.
399 2358 472 2416 264.

179 2477 210 2540 4.
232 2474 272 2538 Ι).
287 2475 339 2555 29,
353 2476 383 2555 2,
397 2475 450 2557 45,
465 2476 495 2539 4.
517 2474 608 2539 Idem
632 2472 691 2562 (sc.
706 2472 866 2561 Iulianus)
889 2474 974 2540 libro
997 2474 1104 2560 primo

85 2564 127 2629 ad
151 2562 302 2628 Urseium
317 2563 477 2629 Ferocem.
494 2601 532 2611 —
558 2616 564 2628 .
582 2615 611 2630 ..
635 2587 655 2628 a
673 2564 866 2649 quibusdam
884 2565 1105 2648 respondetur,

84 2653 115 2719 si
145 2653 230 2716 liber
255 2652 354 2718 homo
382 2653 437 2734 qui
464 2655 551 2718 bona
580 2653 642 2717 fide
666 2653 746 2716 mihi
773 2652 945 2737 serviebat,
970 2656 1105 2737 propter

85 2764 137 2806 me
162 2741 256 2805 heres
279 2742 449 2806 institutus
475 2743 546 2824 erit,
569 2763 664 2826 posse
693 2763 766 2806 eum
794 2741 884 2807 iussu
914 2765 985 2807 meo
1014 2743 1103 2807 adire

83 2829 309 2895 hereditatem.

501 2955 552 3020 De
574 2955 688 3038 tepolis.

447 3085 494 3143 De
517 3086 579 3144 dote
600 3085 735 3158 relapsio.

177 3194 206 3258 5.
231 3193 270 3258 D.
295 3194 347 3277 31,
372 3194 414 3258 82
438 3216 485 3277 pr.
507 3193 597 3257 Idem
621 3192 678 3279 (sc.
702 3191 839 3282 Paulus)
869 3194 952 3258 libro
978 3193 1102 3258 decimo

86 3282 330 3358 Quaestionum.
358 3319 401 3328 -
503 3288 538 3345 in
562 3282 637 3347 dote
660 3282 818 3369 relegata¹
839 3304 1028 3363 responsum
1053 3289 1103 3346 est

84 3375 190 3436 totam
215 3393 286 3436 eam
311 3393 349 3434 ex
372 3375 569 3438 testamento
593 3371 661 3455 peti
683 3394 789 3456 posse.

158 3541 182 3592 1.
202 3536 250 3592 Fz.
269 3537 442 3607 praelegeta.
