2430 3944
95 190 138 254 36
166 191 213 246 III.
228 189 305 246 cml
319 191 467 247 CLAUDII
482 193 618 248 NERON.
629 191 775 248 CALBAE
784 194 891 251 saMP.
900 195 997 250 IURIS
1008 193 1112 252 CONS.

304 399 351 456 Dc
373 399 485 458 haedis
507 400 684 458 toacoolooe
707 400 905 459 condicionali.

185 525 214 589 3,
239 519 341 598 D.35‚
354 521 380 598 1,
393 518 463 602 6‚1.
504 517 704 599 Pomponius
728 517 811 582 libro
835 518 932 582 tertio
956 518 997 583 ad
1021 517 1114 585 Sabi-

95 632 173 675 num
192 607 242 696 (P
255 604 347 694 423).
368 643 406 654 —
428 603 491 692 (‘Si
514 627 624 670 servos
648 610 753 670 certos
772 607 844 690 quis
863 608 1114 692 manumisisset,

95 700 190 764 heres
210 721 281 764 esse
300 699 408 761 iussus
428 699 505 758 erat.
543 694 735 778 quibusdam
756 717 793 758 ex
813 695 864 759 his
884 702 960 760 ante
979 698 1113 762 mortuis

189 811 261 854 cum
289 787 335 849 ita
365 789 452 848 esset
480 782 650 866 scriptum:
683 782 724 847 ‘si
751 783 822 848 filia
849 787 882 848 et
910 790 1015 848 mater
1042 807 1114 850 mea

96 878 217 943 vivent'
246 877 349 941 altera
376 873 442 936 iam
471 875 602 935 mortua
628 869 683 957 ..')
709 870 847 936 Sabinus
872 922 900 937 ..
924 879 957 937 st
980 871 1112 940 Cassius

96 966 189 1050 quasi
207 962 426 1047 impossibiles
441 981 496 1025 eas
511 960 714 1025 condiciones
729 961 763 1025 in
777 964 974 1026 testamento
990 964 1113 1047 positas

95 1077 155 1140 pro
179 1076 245 1118 non
269 1050 399 1133 scriptis
424 1071 503 1113 esse.

384 1234 431 1291 Dc
453 1234 651 1292 substitutione
667 1233 822 1306 pupillari.

183 1355 214 1418 4.
234 1353 272 1417 D.
282 1350 377 1437 425,
387 1351 440 1417 28.
469 1349 643 1415 Iavolenus
658 1351 744 1416 libro
758 1352 864 1434 primo
878 1351 1113 1435 Epistularum.

96 1441 261 1507 -Pater
288 1441 430 1506 familias
458 1440 618 1522 impuberi
645 1440 728 1524 filio,
757 1439 785 1504 si
813 1446 887 1504 ante
910 1441 1113 1524 pubertatem

96 1532 300 1609 decessisset,
329 1530 498 1595 substituit
525 1527 677 1592 heredem
787 1551 838 1593 me
866 1529 947 1594 illud
973 1531 1113 1596 maxims

96 1623 216 1702 movet,
253 1619 339 1704 quod
375 1618 641 1703 praeceptoribus
674 1619 738 1681 tuis
771 1618 878 1702 placet
908 1640 1010 1682 unum
1043 1640 1113 1685 essa

95 1712 336 1773 testamentum.
353 1778 356 1784 ,

183 1818 286 1878 Verba
308 1824 378 1877 sunt
400 1817 464 1877 eius
488 1817 540 1892 qui
562 1817 743 1876 Javolenum
767 1818 924 1877 consuluit.

352 2013 399 2071 Dc
416 2017 552 2086 postumo
575 2014 675 2072 herode
697 2015 854 2072 scribendo.

185 2133 215 2198 5.
243 2132 283 2198 D.
297 2133 354 2214 28,
368 2133 403 2215 2,
418 2134 497 2216 Cpr.
543 2130 702 2213 Ulpianus
730 2132 813 2196 libro
837 2133 935 2197 tertio
960 2134 1000 2198 ad
1024 2133 1114 2199 Sabi·

96 2244 175 2286 num
195 2219 246 2308 (P.
257 2216 369 2306 2445).
391 2257 429 2266 —
447 2269 472 2284 ..
491 2223 541 2283 est
560 2221 751 2304 quaesitum,
770 2243 811 2285 an
830 2222 867 2305 is,
886 2221 938 2304 qui
959 2243 1114 2307 generare

95 2311 190 2375 facile
223 2331 291 2374 non
323 2309 443 2392 possit,
472 2312 660 2391 postumum
688 2309 838 2374 heredem
866 2310 971 2375 facere
1000 2314 1114 2398 possit

97 2404 130 2462 et
159 2398 272 2462 scribit
296 2395 427 2461 Cassius
536 2417 644 2479 posse3
673 2419 749 2461 nam
778 2403 811 2462 et
837 2420 969 2463 uxorem
999 2401 1114 2467 ducere

98 2492 130 2551 et
150 2486 304 2568 adoptare
323 2487 441 2567 potest.
479 2484 654 2567 spadonem
673 2507 801 2570 quoque
815 2509 910 2570 posse
925 2492 1112 2571 postumum

95 2575 247 2639 heredem
263 2574 402 2637 scribere
417 2576 450 2636 et
464 2571 572 2638 Labeo
589 2577 621 2637 et
635 2572 767 2639 Cassius
782 2576 935 2658 scribunt,
959 2579 1113 2662 quoniam

97 2684 156 2728 nec
181 2666 270 2727 aetas
294 2683 354 2726 nec
378 2662 534 2726 sterilitas
558 2662 587 2726 ei
610 2663 656 2726 rei
680 2664 911 2747 impedimento
935 2671 994 2730 est.

520 2898 628 2958 Liber
650 2899 688 2958 11.

375 3033 425 3098 Dc
447 3032 612 3100 hereditate
634 3037 834 3119 adquirendo.

503 3165 551 3223 Dc
573 3168 701 3225 aetnae.

186 3281 215 3346 6.
239 3280 278 3346 D.
288 3283 341 3365 22,
351 3283 380 3368 6,
391 3284 421 3367 3,
433 3283 461 3346 1.
507 3282 704 3367 Pomponius
727 3284 811 3349 libro
835 3286 933 3350 tertio
958 3287 998 3352 ad
1023 3287 1112 3353 Sabi·

45 3373 47 3378 ’
96 3393 176 3435 num
196 3365 245 3457 (P.
264 3369 355 3458 416).
381 3409 419 3417 —
445 3419 476 3436 ..
496 3369 627 3436 Cassius
646 3373 864 3456 ignorantiam
884 3373 1043 3441 Sabinum
1065 3377 1111 3441 ita

98 3460 316 3542 accipiendam
336 3460 536 3526 existimasse
555 3460 653 3524 refert
670 3483 737 3526 uon
757 3463 915 3547 deperditi
929 3468 963 3528 et
976 3467 1111 3531 nimium

98 3549 201 3613 securi
223 3548 373 3614 hominis.
1059 3581 1063 3587 ¹
