2430 3944
147 163 213 235 426
253 163 283 218 V.
302 161 453 217 NERVAE
471 161 518 217 ΕΤ
537 162 691 218 TRAIANI
708 161 814 218 ΤΕΜΡ.
833 161 930 218 IURIS
948 161 1131 219 corisum

235 326 287 390 99.
315 323 353 390 D.
373 325 448 390 ibid.
465 327 488 407 ς
508 328 535 391 1.
561 361 599 372 -
624 325 714 390 Idem
731 326 812 390 iuris
829 345 903 404 esse,
929 326 958 390 si
979 330 1159 408 potestatem

145 416 330 482 corntucendi
346 414 482 499 babebat,
499 420 535 479 nt
548 412 597 478 ei²
607 415 744 496 pretium
758 415 966 479 conductionis
976 419 1158 496 praestaret.

144 505 198 570 sed
222 504 253 569 si
279 504 393 569 locator
419 505 594 568 conductori
614 508 792 586 potestatem
821 504 1030 577 condneendae
1052 505 1160 570 mmm

145 613 208 658 nou
229 592 347 672 pensu
367 597 396 657 et
417 593 445 657 is
467 593 501 656 in
519 613 582 674 qna
599 591 750 657 babitaret
766 592 966 675 condnaisset,
989 593 1160 658 tantumei

138 682 365 766 praestandmn
385 685 483 762 putat,
506 684 657 763 qnantum
679 681 746 745 sine
763 680 832 745 dolo
850 680 932 744 malo
945 682 1160 763 praestitisset.

144 774 274 836 actuum
296 771 510 852 sipraluitam
528 769 746 834 habitationem
764 768 925 852 tabuisset,
942 771 1160 852 proportione

144 860 290 941 temporis
312 879 349 922 ea
373 859 519 924 locatione
540 859 648 923 domus
670 859 876 923 deducendum
897 877 969 923 esse.

509 1005 555 1063 De
576 1006 675 1064 insula
698 1005 799 1064 locata.

237 1107 308 1172 100.
333 1106 371 1171 Ι).
385 1106 434 1184 19,
448 1106 478 1191 2,
492 1106 535 1170 58
549 1127 596 1187 pr.
611 1105 778 1170 -Labeo
794 1107 876 1171 libro
892 1109 1008 1190 quarto
1022 1107 1159 1190 posteri·

145 1216 236 1260 orum
256 1216 275 1258 a
294 1193 447 1260 Iavoleno
467 1197 726 1278 epitomatorem.
749 1230 787 1241 -
808 1195 953 1260 Insulam
975 1215 1038 1259 nuo
1055 1196 1158 1278 pretio

144 1288 241 1349 totam
264 1284 370 1348 locasti
392 1288 420 1348 et
441 1303 509 1347 eam
531 1284 695 1348 vendidisti
716 1285 777 1366 ito,
803 1287 839 1348 ut
860 1284 989 1366 emptori
1011 1285 1159 1350 mercedes

145 1373 370 1455 inquilinorum
393 1373 570 1438 accederent.
611 1373 752 1453 anamais
774 1393 842 1437 eam
860 1374 1022 1438 conductor
1040 1375 1159 1438 maiore

136 1463 239 1546 pretio
268 1462 389 1538 locaret,
418 1466 520 1525 tamen
547 1461 583 1525 id
603 1462 733 1542 emptori
754 1461 879 1543 accedit,
906 1462 988 1543 quod
1008 1462 1065 1527 tibi
1088 1483 1156 1528 con·

142 1551 249 1615 ductor
271 1549 381 1614 debeat

484 1625 531 1684 De
553 1629 647 1700 operis
670 1627 813 1686 locatione.

236 1727 307 1791 101.
336 1726 373 1792 D.
389 1727 464 1793 ibid.
480 1729 499 1807 ξ
516 1727 543 1792 1.
568 1765 609 1774 -
633 1727 677 1791 In
703 1728 802 1808 operis
829 1726 1068 1792 locatioue'non
1091 1732 1160 1792 erat

34 1896 37 1900 Α
142 1816 268 1899 dictum,
290 1821 361 1880 ante
378 1836 471 1897 quam
494 1818 574 1881 diem
597 1816 679 1899 effici
695 1816 825 1891 deberet·
848 1816 961 1896 deinde,
983 1816 1013 1879 si
1030 1817 1077 1880 ita
1093 1814 1159 1896 fac·

144 1910 210 1970 tum
236 1925 299 1969 non
325 1910 411 1984 esset,
439 1906 548 1987 potanti
574 1905 714 1970 locuturis
735 1904 936 1984 interfuisset,
964 1908 1085 1968 tantam
1102 1925 1158 1986 pe·

141 1994 267 2060 auretam
289 1995 452 2059 conductor
467 1994 663 2075 promiserat.
706 1997 829 2057 eatenus
851 2013 919 2058 eam
941 1993 1156 2074 oblipationem

141 2082 283 2148 contrabi
311 2088 398 2165 puto,
429 2088 579 2165 quatenus
606 2083 656 2146 uir
687 2082 782 2147 bonus
812 2083 848 2146 de
878 2082 978 2164 spatio
1011 2083 1157 2164 temporis

143 2173 345 2253 aestimasset,
377 2172 452 2252 quia
483 2172 518 2235 id
547 2175 650 2235 actum
677 2175 806 2252 apparet
832 2190 905 2253 esse,
932 2175 969 2234 ut
994 2190 1027 2234 eo
1055 2172 1156 2252 spatio

142 2261 358 2336 absolveretur,
381 2261 448 2325 sine
469 2281 526 2341 quo
548 2260 618 2341 fieri
639 2280 703 2323 uon
722 2261 827 2340 possit.

235 2348 306 2412 102.
331 2347 368 2413 Ι).
383 2348 458 2412 ibid.
474 2352 493 2428 ξ
508 2349 538 2412 2.
555 2384 593 2395 -
612 2348 747 2428 Quidam
766 2349 799 2412 iu
816 2348 984 2428 municipio
999 2347 1156 2413 balineum

141 2438 364 2520 praestandum
386 2438 502 2502 annuis
524 2438 634 2519 repluti
655 2431 837 2501 nummum²
859 2438 1048 2501 conduxerat
1069 2441 1099 2501 et
1115 2437 1158 2502 ad

141 2525 333 2605 refectionem
349 2526 487 2606 fornacis
499 2526 677 2608 fistularum
695 2526 904 2606 similiumque
917 2545 1022 2589 rerum
1036 2529 1157 2590 eentum

142 2609 326 2678 nummum8
361 2620 397 2679 ut
420 2619 654 2697 praestarentur
685 2615 725 2693 ei,
762 2619 945 2678 conuenerat.
993 2615 1158 2680 conductor

140 2708 262 2768 eentum
284 2723 426 2768 nummos
442 2709 570 2786 petebat.
610 2704 656 2767 ita
679 2704 707 2767 ei
729 2702 829 2767 deberi
847 2703 922 2782 dieo,
945 2703 1029 2766 siin
1047 2723 1156 2767 earum

141 2812 247 2856 rernm
269 2792 459 2872 refectionem
482 2813 550 2856 eam
570 2793 734 2873 pecuniam
757 2792 894 2872 impendi
914 2791 1091 2856 satisdaret.

564 2983 672 3042 Liber
695 2982 731 3040 V.

436 3091 484 3157 De
506 3093 655 3174 emptione
676 3092 856 3156 venditione.

510 3205 557 3262 De
578 3205 670 3278 fundo
693 3207 791 3277 empto.

234 3305 305 3371 103
331 3303 542 3389 D191,51,
558 3306 585 3369 1.
621 3304 710 3369 Idem
731 3302 786 3389 (sc.
802 3300 926 3391 Labeo)
942 3305 1025 3369 libro
1042 3305 1155 3406 quinto

141 3395 358 3479 posteriorum
400 3415 419 3457 a
458 3392 612 3457 Iavoleno
654 3394 915 3477 epitomatorem
958 3429 1000 3439 -
1084 3393 1155 3458 ‚si

216 3531 365 3587 1Ft.uti.
439 3532 699 3588 ordonummis
773 3531 884 3585 3Trib.
903 3532 1020 3587 nummi.
