2430 3944
943 113 957 143 ο

354 202 378 253 6.
401 195 611 253 mvouuuus
629 196 778 254 Priscus
1005 200 1070 266 447

145 393 196 461 De
218 396 367 478 emptione
388 397 560 462 venditione
581 402 610 462 et
630 398 667 462 de
688 398 835 462 momdoto
857 399 984 464 emendi.

335 517 383 577 De
404 519 491 593 fundi
514 519 625 578 numdi
646 519 793 579 mandute.

150 627 203 692 37.
225 626 264 691 D.
275 628 361 706 17,1,
371 628 414 693 36
426 649 473 710 pr.
504 628 674 693 Iavolenus
688 627 773 693 libro
787 628 926 712 septimo
941 650 980 693 ex
995 627 1073 695 Oas-

58 717 120 783 sio.
132 753 173 763 -
184 715 239 801 (D.
252 717 302 799 17,
315 718 342 798 1,
352 716 405 781 35.
429 715 582 780 Neratius
590 716 673 782 libro
682 717 795 802 quinto
803 719 1074 783 Membranarum.

59 804 97 872 si
125 805 272 885 fundum,
305 806 361 889 qui
389 827 427 869 ex
455 812 547 890 parte
575 808 650 870 tuus
679 809 742 890 cst,
771 805 921 871 mandavi
947 806 1009 870 tibi
1036 810 1076 871 ut

58 915 184 960 emeres
202 891 293 976 mihi,
311 915 421 958 verum
441 900 491 958 est
509 893 699 959 mandatum
717 917 812 979 posse
826 894 873 959 ita
887 895 1076 978 consistere,

58 987 98 1048 ut
120 982 201 1046 mibi
224 982 338 1047 ceteris
356 982 507 1065 partibus
527 982 700 1068 redemptis
720 984 818 1047 etiam
836 988 928 1048 tuam
946 988 1074 1068 partem

57 1075 227 1157 praestare
251 1070 379 1136 debeas.
421 1071 523 1136 sedai
543 1072 671 1155 quidem
691 1075 779 1138 certo
799 1072 904 1157 pretio
924 1072 1075 1138 emendas

59 1183 117 1226 eas
145 1159 379 1242 mandaverim,
407 1160 658 1244 quanticumque
686 1162 824 1226 aliorum
851 1164 960 1247 partes
985 1160 1074 1225 rede·

58 1247 174 1333 meris,
206 1249 254 1313 sic
283 1254 316 1312 et
342 1251 398 1312 tua
426 1270 501 1333 pars
531 1247 745 1331 coartabitur,
777 1254 814 1314 ut
840 1270 904 1314 non
933 1248 1076 1314 abundet

59 1336 209 1403 mandati
237 1337 466 1422 quantitatem,
495 1337 528 1400 iu
558 1359 654 1422 quam
681 1339 743 1402 tibi
770 1338 941 1402 emendum
969 1343 1075 1403 totum

59 1425 226 1492 mandavi.
249 1425 300 1490 sin
319 1429 428 1490 autem
446 1425 536 1490 nullo
556 1430 643 1490 certo
660 1426 764 1511 pretio
779 1427 956 1492 constituto
971 1448 1076 1492 emere

60 1513 125 1580 tibi
148 1515 368 1580 mandaverim
388 1520 487 1600 tuque
510 1536 549 1578 ex
572 1514 708 1580 diversis
731 1513 844 1599 pretiis
868 1519 974 1600 partes
993 1519 1078 1580 cete

59 1626 173 1669 rorum
196 1603 381 1686 redemeris,
409 1606 442 1668 et
464 1608 554 1668 tuam
577 1607 703 1686 partem
727 1602 789 1670 viri
814 1604 892 1669 boni
916 1605 1077 1670 arbitratu

60 1692 234 1758 aestimato
262 1692 366 1775 pretio
394 1690 466 1756 dari
495 1690 651 1779 oportet),
678 1693 725 1758 ita
751 1698 787 1758 ut
813 1714 916 1759 ommes
936 1713 1076 1775 summos

60 1782 195 1846 maiores
225 1784 254 1845 et
284 1781 419 1847 minores
449 1787 597 1847 coacervet
627 1787 656 1846 et
685 1782 732 1845 ito
756 1783 931 1864 portionem
962 1784 991 1847 ei
1022 1783 1078 1864 qui

61 1870 248 1936 umudotum
274 1871 404 1953 uiseepit
424 1864 565 1952 praestet.
616 1871 699 1952 quod
723 1874 752 1935 et
773 1871 911 1953 plerique
934 1871 1076 1952 probunt.

152 1959 205 2025 38.
224 1957 264 2022 D.
277 1957 353 2022 ibid.
368 1961 388 2039 ξ
401 1962 430 2024 1.
445 1995 487 2004 -
501 1957 608 2024 Simili
626 1960 715 2024 modo
733 1964 762 2024 et
778 1961 813 2023 iu
831 1958 888 2023 itio
902 1961 1006 2044 specie,
1023 1959 1077 2023 ubi

62 2051 141 2112 certo
174 2049 274 2130 pretio
312 2048 367 2112 tibi
402 2069 498 2112 emere
529 2048 680 2113 momdovi
710 2053 739 2111 et
769 2047 908 2112 otiorum
936 2049 1077 2130 portium

61 2137 188 2202 nomime
214 2138 366 2202 commode
387 2138 542 2219 nepotium
561 2137 683 2219 pessisti
705 2141 733 2201 et
755 2136 849 2201 uilius
871 2137 992 2217 emeris,
1015 2156 1078 2218 pro

62 2230 120 2290 tuo
145 2230 238 2307 porte
269 2230 390 2291 tontum
423 2226 478 2290 tibi
498 2230 692 2308 praestetur,
724 2226 851 2307 quouti'
865 2227 988 2290 interest
1014 2231 1079 2309 tuo,

59 2316 227 2380 dummodo
258 2316 346 2379 iutro
376 2316 412 2380 id
437 2316 586 2397 pretium,
617 2316 699 2397 quod
724 2314 871 2379 moudoto
899 2315 1076 2379 continetur.

60 2404 140 2488 quid
161 2405 244 2468 mim
264 2405 324 2488 fiet,
346 2404 375 2469 si
397 2406 504 2487 mipuo
524 2405 622 2485 pretio
644 2402 686 2484 iii,
708 2423 778 2468 eum
798 2403 908 2485 quobus
927 2403 982 2467 tibi
999 2423 1076 2467 com·

61 2493 171 2558 munis
190 2491 310 2575 fundus
332 2497 406 2576 erat,
428 2513 493 2557 rem
511 2493 627 2558 obicere
643 2492 690 2558 oet
707 2493 880 2557 necessitate
897 2493 943 2556 rei
958 2490 1078 2571 fomiti·

61 2583 133 2647 aiis
156 2581 203 2647 oei
224 2581 292 2646 aiio
314 2602 409 2647 causo
431 2581 631 2666 copermtur?
676 2601 740 2645 um
761 2582 855 2645 etiam
879 2586 912 2645 tu
932 2581 976 2644 ud
997 2581 1078 2645 idem

61 2671 263 2753 dispendium
285 2671 449 2736 deduceris.
489 2672 542 2736 sed
561 2691 615 2735 uec
638 2670 757 2734 tucrum
780 2670 837 2734 tibi
854 2689 891 2734 eo
909 2669 966 2734 hoe
983 2688 1081 2734 eoum

61 2758 228 2842 adquirere
262 2758 359 2843 debes,
391 2780 460 2824 eum
486 2760 669 2823 mundatum
692 2759 866 2841 protritum
893 2777 955 2824 esse
981 2758 1080 2835 debet·

62 2868 161 2930 meque
182 2849 269 2912 enim
291 2848 347 2912 tibi
369 2849 587 2913 eoncedendum
605 2852 650 2912 est
661 2852 788 2929 propter
805 2847 860 2913 doc
876 2848 1079 2913 uenditionem

62 2937 326 3091 giffre'dqiwd
343 2937 644 3089 antimosioremeius
661 2938 707 3000 rei
724 2941 887 3019 emptorem
905 2957 967 3002 esse
984 2956 1082 3018 quom

109 3046 218 3090 imon
241 3046 329 3090 uum
350 3047 381 3091 es
415 3044 593 3108 copuooeria

158 3114 210 3179 39.
237 3113 277 3178 Ι).
290 3115 365 3179 ibid.
380 3116 401 3195 ἐ
415 3114 444 3178 2.
460 3151 502 3160 -
518 3114 606 3195 Quod
622 3114 651 3177 si
666 3113 810 3199 fundum,
832 3115 886 3195 qui
901 3134 958 3196 per
974 3117 1081 3195 partes

63 3203 161 3283 veuit,
189 3204 349 3268 emendum
375 3204 431 3269 tibi
455 3204 663 3282 mandassem,
690 3204 743 3266 sed
763 3203 820 3284 ito,
843 3207 879 3266 ut
903 3222 965 3267 um
989 3201 1081 3265 aliter

64 3293 216 3357 monum
234 3296 346 3371 teuem,
368 3293 510 3375 quamsi
528 3297 624 3356 totum
639 3290 774 3371 fundum
792 3311 914 3375 emerea,
936 3292 966 3355 si
984 3294 1080 3355 totum

65 3401 164 3447 emere
191 3400 253 3445 uon
274 3383 431 3463 potuem'e:
459 3382 494 3444 iu
515 3380 661 3464 portibus
687 3381 822 3444 euieudis
848 3380 904 3444 tibi
927 3380 1080 3462 nepotium

61 3469 208 3555 passeris,
243 3471 306 3535 sive
339 3469 482 3535 habueris
512 3472 548 3534 iu
579 3489 611 3534 eo
635 3468 734 3549 fundo
759 3473 884 3550 purtem
916 3469 978 3532 siue
1009 3487 1085 3546 uon,

66 3566 97 3626 et
122 3560 248 3638 eueniet,
274 3563 311 3623 ut
335 3560 365 3624 is
391 3560 441 3624 oui
466 3559 526 3624 tote
547 3560 734 3625 mundatum
756 3559 869 3624 dotum
893 3560 938 3620 est
957 3551 1104 3636 perturbo
