2430 3944
130 185 196 250 306
232 185 265 242 V.
285 183 434 240 NERVAE
452 183 498 238 ΕΤ
516 184 669 240 TRAIANI
688 185 794 242 ΤΕΜΡ.
814 184 911 240 IURIS
930 182 1110 240 CONSULTI

503 401 554 467 De
575 403 769 485 usucapione.

219 544 271 610 37.
304 543 342 608 D.
361 545 414 626 41,
434 546 464 629 3,
483 546 561 628 8pr.
612 544 731 609 Paulus
763 544 848 609 libro
882 544 1071 610 duodecimo
1105 545 1147 610 ad

131 632 271 697 edietum
297 631 347 719 (P.
361 633 450 720 232).
470 669 511 679 —
531 631 640 699 Labeo
664 631 818 698 Neratius
842 633 1078 717 responderunt
1100 657 1148 721 ea,

132 742 215 804 quae
239 722 324 786 servi
346 722 554 807 peculiariter
571 722 682 788 naneti
701 724 785 805 suut,
807 720 998 807 <adomim
1018 721 1147 788 infante

130 831 259 896 quoque
286 811 337 875 vel
365 810 509 897 furioso>
537 810 672 895 usucapi
699 832 805 895 posse,
833 811 910 894 quia
939 809 1019 876 haee
1047 811 1147 877 etiam

130 900 323 983 ignorantes
347 899 470 964 domini
493 899 695 983 usucapiuut.

218 1011 312 1070 Leuel
336 1011 368 1071 P.
393 1012 430 1070 ad
453 1011 537 1071 Paul.
560 1013 660 1070 notat:
686 1005 734 1069 ‘In
756 1010 921 1087 posteriore
945 1011 1036 1071 edisti
1059 1016 1147 1088 parte

130 1103 252 1175 praetor
275 1099 330 1158 ait:
356 1093 436 1159 ‘inve
459 1099 586 1160 vinealis
611 1092 701 1161 esset’
724 1118 784 1158 non
805 1099 907 1158 addito
929 1093 978 1176 (ut
995 1101 1028 1159 in
1045 1102 1146 1177 priore

129 1179 232 1269 parte)
256 1188 347 1248 verbo
371 1181 556 1248 ‘servitute'z
584 1188 643 1247 huo
666 1191 782 1264 spectat
804 1189 839 1246 fr.
856 1189 929 1247 232.
967 1189 1003 1249 of.
1018 1187 1086 1264 Ulp.
1104 1192 1146 1249 62

129 1277 168 1335 ad
197 1272 534 1352 ediot.50,17,118'.
586 1277 622 1338 of.
648 1276 782 1336 eiusdem
809 1276 867 1336 viri
896 1276 1063 1337 doctissimi
1090 1278 1147 1339 Ed.

129 1368 245 1441 perpet.
260 1386 287 1441 p.
305 1367 345 1425 96
369 1385 398 1424 n.
415 1368 464 1426 19.

218 1453 255 1512 ef.
275 1454 310 1511 D.
330 1455 381 1532 41,
401 1456 430 1528 3,
450 1456 491 1514 47
521 1453 634 1513 Paulus
661 1454 738 1513 libro
766 1453 813 1511 III
840 1453 879 1512 ad
901 1453 1069 1515 Neratium.
1113 1452 1149 1515 Si

129 1544 262 1618 emptam
289 1561 353 1603 rem
376 1542 450 1600 mihi
473 1544 650 1618 procurator
677 1543 837 1620 ignorante
865 1561 912 1601 me
936 1562 1002 1603 meo
1026 1545 1147 1604 nomine

130 1629 368 1707 adprehenderit,
379 1631 516 1706 quamvis
530 1630 709 1709 possideam,
726 1649 792 1690 eam
805 1650 864 1690 non
878 1631 1062 1710 usucapiam,
1077 1633 1148 1710 quia

129 1722 164 1777 ut
186 1718 361 1795 ignorantes
383 1718 617 1796 usuoeperimus‚
639 1719 671 1778 in
693 1719 895 1795 peculiaribus
916 1723 1036 1780 tantum
1054 1723 1147 1781 rebus

129 1809 283 1882 receptum
306 1811 360 1868 est.

422 1948 424 1952 ⁸
483 1961 533 2026 De
555 1963 590 2026 iu
611 1982 677 2026 rem
698 1981 792 2026 uerso.

220 2105 271 2169 38.
293 2103 331 2168 D.
344 2103 394 2186 15,
405 2105 435 2184 3,
447 2104 498 2168 19.
534 2103 655 2168 Paulus
674 2105 757 2169 libro
777 2107 892 2188 quarto
912 2103 1146 2179 Quaestionum

130 2190 179 2278 (P.
205 2188 315 2278 1315).
350 2228 392 2238 —
424 2190 524 2256 Filius
562 2192 704 2256 familias
741 2196 854 2278 togam
887 2194 979 2276 emit;
1015 2200 1145 2260 mortuo

131 2281 247 2346 deinde
267 2302 304 2345 eo
323 2285 416 2364 pater
434 2281 589 2365 ignorans
608 2285 641 2345 et
658 2285 776 2365 putans
792 2303 883 2345 suam
898 2303 969 2346 esse
983 2281 1147 2349 dedicavit

131 2392 203 2434 eam
227 2370 261 2433 in
284 2369 380 2432 funus
404 2369 483 2433 eius.
519 2367 673 2434 Neratius
692 2370 775 2434 libro
795 2369 883 2454 <...>
900 2369 1145 2455 Responsorum

62 2510 65 2516 ,
131 2457 178 2522 111
201 2459 327 2522 iurem
351 2459 454 2541 patris
478 2479 608 2522 versum
631 2458 746 2542 videri,
770 2459 803 2523 in
827 2459 953 2523 actione
977 2463 1087 2524 autem
1106 2461 1147 2525 de

130 2545 257 2630 peculio
286 2545 370 2629 quod
398 2547 432 2609 in
459 2567 568 2610 rerum
595 2549 711 2611 natura
738 2569 804 2611 non
832 2551 930 2628 esset,
953 2569 1018 2612 uno
1049 2549 1145 2614 modo

132 2634 295 2698 aestimari
330 2635 458 2717 debere,
491 2636 518 2699 si
546 2635 621 2699 dolo
648 2637 734 2700 malo
764 2635 831 2700 eius
861 2657 999 2719 quooum
1028 2642 1147 2722 agatur

129 2723 253 2786 factum
273 2727 366 2788 esset.
403 2723 518 2807 atquin
537 2723 565 2786 si
583 2723 650 2788 filio
670 2727 763 2807 pater
777 2728 890 2809 togam
904 2746 1009 2788 emere
1024 2724 1145 2805 debuit,

130 2812 163 2875 in
187 2832 253 2875 rem
278 2811 380 2894 patris
404 2833 454 2876 res
478 2833 572 2876 versa
594 2817 726 2877 estnon
743 2835 829 2878 nuno
848 2835 911 2898 quo
929 2811 1144 2899 funerabitur,

131 2899 187 2963 sed
216 2921 278 2984 quo
307 2903 452 2985 tempore
480 2902 571 2985 emit3
600 2900 696 2964 funus
725 2901 811 2965 enim
838 2901 898 2965 filii
923 2924 977 2966 aes
1002 2903 1144 2968 alienum

129 2987 234 3070 patris
264 2992 325 3069 est,
359 2995 391 3052 et
418 2988 479 3054 hoo
506 2987 660 3054 Neratius
690 3011 830 3074 quoque,
863 2992 918 3074 qui
946 2991 984 3054 de
1012 2991 1047 3055 in
1076 3014 1145 3056 rem

132 3098 225 3140 verso
257 3081 383 3161 patrem
411 3077 516 3141 teneri
542 3078 684 3162 putavit,
716 3078 858 3143 ostendit
885 3079 1053 3165 negotium
1082 3081 1145 3146 hoo

132 3165 178 3245 [id
193 3168 243 3229 est
258 3166 458 3250 sepulturam
473 3170 506 3230 et
520 3166 617 3231 funus
631 3168 703 3248 filii]
718 3168 823 3252 patris
839 3189 908 3232 esse
924 3190 978 3232 aes
992 3169 1145 3254 alienum,

130 3275 196 3318 non
218 3254 286 3320 filii.

219 3365 319 3424 Eisele
334 3365 364 3423 Z.
375 3363 402 3423 d.
413 3364 537 3425 San-St.
548 3366 599 3440 XI,
611 3349 651 3426 61
667 3360 778 3427 ‘Wenn
800 3386 857 3426 nur
875 3367 960 3428 nieht
979 3369 1032 3428 der
1050 3388 1144 3446 ganne

131 3453 254 3513 Passus:
288 3456 319 3512 et
349 3455 405 3512 hoo
432 3453 574 3514 Neratius
602 3475 719 3533 quoque
817 3475 877 3517 non
909 3456 964 3515 filii
994 3476 1053 3518 von
1086 3459 1145 3518 den

131 3541 358 3618 Kompilatoreu
379 3536 440 3602 ist'.
549 3612 555 3625 ·
