2430 3944
146 185 212 251 436
249 184 282 241 V.
302 183 453 240 NERVAE
472 182 519 238 ΕΤ
537 182 691 238 TRAIANI
709 181 816 239 ΤΕΜΡ.
833 181 930 238 Iulus
949 182 1132 240 CONSULTI

147 349 234 431 apud
249 349 353 413 uirum
370 346 506 432 habebat,
523 348 654 412 divortio
670 348 753 428 faoto
771 347 901 412 ducenta
918 368 941 411 o
957 347 1029 413 uiro
1045 352 1161 413 errante

146 437 298 518 stipulata
319 441 394 502 erat.
439 436 540 502 Labeo
557 439 660 519 putat,
683 439 802 518 quauta
823 437 878 501 dos
898 435 1021 519 fuisset,
1045 441 1161 503 tantam

146 526 260 606 deberi,
289 526 352 591 sive
368 527 509 608 prudens
531 525 642 591 mutim
657 526 734 607 ptus
755 529 830 590 esset
850 525 1003 609 stipmlata
1024 526 1092 592 sire
1113 527 1163 592 im

140 611 288 699 prudens.
335 613 487 679 Labeonis
508 615 692 680 sententiam
708 613 814 696 probo.

238 701 310 769 145.
339 701 377 770 D.
396 702 473 768 ibid.
492 705 513 784 ᾗ
532 705 561 768 5.
592 739 630 750 -
666 701 750 769 Unor
780 702 910 768 diuortio
935 702 1020 783 foeto
1042 709 1164 786 partem

146 793 227 857 dotis
243 796 404 874 receperat,
420 796 545 874 partem
565 793 649 873 opud
664 792 768 856 uirum
785 792 962 873 reliquerat,
980 793 1094 858 deinde
1110 793 1165 858 otii

146 885 296 964 nupserat
324 884 353 946 et
384 881 496 946 iterum
528 882 623 946 viduo
647 879 734 960 faeta
760 881 803 945 ad
822 881 962 963 priorem
989 882 1099 947 uirum
1124 901 1164 947 re

147 971 260 1054 dierat,
288 970 340 1035 eui
366 974 485 1035 eentum
511 966 632 1035 denuol
659 970 723 1035 doti
748 970 873 1035 dederat
897 990 995 1052 neque
1021 971 1095 1035 eius
1117 991 1166 1054 pe-

147 1059 269 1141 cuniae,
295 1078 375 1140 quae
396 1058 515 1140 reliqua
538 1079 576 1124 ea
594 1059 702 1141 priore
723 1058 790 1123 dote
811 1063 890 1139 erat,
916 1059 1105 1124 mentionem
1125 1059 1165 1140 fe·

138 1151 237 1212 ¹oerat.
292 1148 421 1212 divortio
454 1146 537 1227 faeta
568 1147 722 1229 reliquum
753 1167 790 1212 en
815 1148 923 1230 priore
955 1148 1024 1212 dote
1057 1149 1164 1215 iisdem

147 1236 253 1301 diebus
270 1237 374 1301 uirum
391 1236 584 1300 redditurum
601 1237 648 1300 ait
665 1235 775 1319 Labeo,
797 1235 907 1317 quobus
924 1236 1118 1316 reddidisset,
1140 1236 1166 1302 si

147 1325 290 1407 superius
314 1325 482 1390 diuortimn
504 1326 585 1390 inter
607 1345 656 1390 eos
675 1325 795 1405 foetum
816 1345 880 1390 non
901 1329 991 1404 esset,
1018 1327 1168 1407 quoniam

143 1414 264 1496 prioris
285 1414 365 1478 dotis
386 1433 482 1479 eausa
503 1414 539 1478 in
561 1418 730 1496 sequentem
752 1415 831 1478 dotis
852 1414 1070 1497 obtipationem
1096 1418 1168 1480 esset

150 1501 322 1578 transtata;
345 1506 375 1566 et
395 1501 449 1567 boe
471 1522 576 1568 oerum
594 1507 680 1584 puto.

240 1590 312 1654 146.
340 1588 379 1654 D.
397 1590 474 1655 ibid.
494 1591 559 1672 56.
584 1627 626 1638 —
651 1589 689 1658 Si
715 1591 764 1656 uir
790 1611 889 1656 sooero
914 1591 1039 1657 iniussu
1062 1592 1168 1658 neoris

151 1682 293 1744 manente
315 1680 514 1745 matrimonio
537 1681 635 1745 datan
657 1684 811 1763 aooeptam
831 1680 962 1761 feor‘sset,
989 1681 1117 1746 etiamsi
1137 1680 1170 1747 id

146 1771 275 1851 proptor
291 1772 450 1851 opestrdm
461 1770 557 1834 sooeri
568 1769 688 1850 foetum
702 1773 785 1854 esset,
802 1769 865 1834 oiri
878 1773 981 1834 tamen
993 1770 1169 1852 perieulum

149 1856 294 1937 futurum
316 1857 364 1922 ait
384 1857 499 1939 Labeo,
522 1862 552 1922 et
572 1857 628 1923 boo
648 1878 753 1923 ouum
776 1862 827 1923 est.

242 1945 315 2010 147.
344 1944 383 2010 D.
401 1946 478 2011 ibid.
497 1949 517 2028 ξ
534 1947 563 2011 7.
591 1982 634 1993 -
662 1945 700 2011 Si
730 1948 800 2028 puis
825 1967 886 2030 pro
917 1947 1046 2012 muliere
1073 1950 1168 2014 dotem

149 2035 217 2100 viro
230 2035 386 2118 promisit,
407 2036 515 2101 deinde
532 2035 637 2101 berede
654 2035 781 2100 muliere
799 2036 907 2102 reiiota
923 2037 1092 2120 decesserit,
1109 2057 1169 2119 quo

152 2145 190 2188 en
210 2127 303 2206 parte
329 2123 441 2188 mutim
468 2126 497 2189 ei
522 2124 607 2190 bores
628 2129 714 2207 esset,
735 2145 798 2207 pro
819 2145 856 2190 ea
873 2129 966 2207 parte
988 2126 1070 2190 dotis
1086 2125 1168 2208 pui-

152 2212 266 2296 eutum,
284 2213 366 2295 quod
381 2213 444 2277 uiri
458 2211 579 2299 fuisset,
596 2214 640 2278 ad
653 2213 812 2279 mutierem
824 2213 981 2298 pertinere
999 2215 1047 2279 ait
1061 2215 1170 2300 Labeo,

151 2302 228 2382 puio
249 2321 304 2366 neo
325 2301 435 2366 metius
457 2303 586 2384 amnites
607 2307 690 2385 esset,
713 2304 795 2384 quod
815 2304 933 2386 enipere
949 2303 1000 2368 air
1018 2303 1058 2368 ab
1077 2324 1170 2370 unam

152 2410 215 2455 non
236 2389 400 2474 potuisset,
414 2390 463 2455 >ob
489 2392 525 2456 id
549 2412 587 2456 en
613 2392 790 2456 detrimento
816 2392 879 2455 oiri
904 2391 1065 2456 mutierem
1095 2394 1169 2458 uu

145 2479 279 2560 pletori;
303 2483 331 2542 et
351 2478 406 2544 boo
427 2499 532 2544 ouum
549 2485 634 2562 puto.

561 2679 670 2739 Liber
693 2679 761 2740 VII.

241 2801 416 2862 Iauolenum
442 2803 499 2864 hoo
526 2804 605 2866 libro
627 2805 675 2864 vel
698 2804 810 2864 iterum
832 2805 868 2864 de
891 2805 959 2866 iure
982 2805 1100 2866 dotium
1123 2807 1168 2866 vel

152 2892 189 2951 de
212 2891 317 2952 tutelis
340 2891 450 2951 dixisse
474 2893 547 2953 setis
571 2896 687 2954 eertum
709 2892 836 2953 videtur.

553 3088 662 3149 Liber
684 3087 768 3148 VIII.

570 3205 621 3272 De
643 3208 753 3274 tutelis.

246 3321 317 3387 148.
350 3321 389 3386 D.
413 3323 465 3407 26,
488 3323 519 3406 2,
543 3323 595 3388 33.
650 3321 823 3388 Iavolenus
860 3323 945 3390 libro
984 3329 1101 3391 octavo
1133 3347 1168 3390 ex

153 3411 388 3494 posterioribus
405 3410 577 3475 Labeonis.
596 3448 639 3458 -
660 3411 826 3478 Tutorebus
843 3413 889 3476 ita
907 3413 1007 3479 datis:
1027 3413 1167 3480 ‘lurcium

227 3565 240 3611 1
262 3559 310 3614 Fl.
329 3558 435 3614 decem.
