2430 3944
449 194 474 244 9.
493 186 697 246 Ammonius
1018 191 1079 255 191

65 351 99 415 in
127 349 230 416 fundo
258 351 370 436 legato
392 350 542 416 inutilem
566 351 724 434 futurem,
750 353 867 419 deinde
890 375 929 418 ex
951 354 1085 440 reliquis

64 438 214 524 partibus
243 438 336 505 fundi
363 440 446 525 legis
472 439 635 505 Falcidiae
662 441 845 524 portionem
873 441 1085 526 decessurum,

64 528 149 593 sicut
172 549 213 592 ex
238 528 388 594 omnibus
411 529 540 614 legatis.

426 693 474 752 De
490 694 606 768 peculio
629 694 728 767 leaeo.

154 794 186 861 5.
215 793 254 860 D.
269 794 323 880 33,
336 794 367 875 8,
380 794 411 876 6,
424 796 454 858 4.
490 793 651 878 Ulpianus
671 795 755 860 libro
774 795 951 862 vicensimo
971 797 1084 881 quinto

63 885 105 948 ad
134 882 297 950 Sabinum
325 879 376 969 (P.
394 881 508 967 2680).
532 918 577 929 -
604 931 634 949 ..
662 905 734 949 oum
762 882 892 950 Gnaeus
918 884 1085 950 Domitius

62 972 150 1037 filiae
166 993 245 1037 suae
258 971 421 1055 peculium
435 971 520 1056 quod
540 971 608 1036 eins
628 976 714 1036 esset
727 973 878 1058 legasset,
896 979 929 1039 et
943 996 1085 1039 annuum

63 1061 150 1146 quod
175 1065 207 1125 ei
231 1059 347 1126 solitus
371 1064 442 1125 erat
460 1065 544 1145 dare,
566 1060 699 1126 biennio
718 1083 785 1127 non
803 1062 953 1146 dedisset,
977 1063 1086 1128 sedin

64 1148 250 1215 rationibus
270 1148 338 1214 suis
357 1150 539 1214 rettulisset
556 1149 642 1214 filiae
661 1170 696 1214 se
710 1150 825 1215 debere
840 1151 1085 1237 quinquaginta,

64 1237 245 1305 Atilicinus
269 1237 466 1304 existimavit
488 1240 599 1322 legato
622 1260 689 1303 non
711 1239 831 1304 cedere.

153 1332 202 1392 De
235 1329 287 1392 Gn.
315 1331 443 1392 Domitii
481 1331 654 1392 nominibus
690 1332 824 1411 vulgatis
860 1354 888 1395 v.
915 1333 1085 1394 Wilmanns

62 1421 213 1497 Exempla
231 1420 263 1479 H
285 1440 314 1496 p.
329 1422 394 1481 324
418 1424 449 1480 et
470 1421 648 1499 Prosopogr.
666 1420 699 1480 Π
714 1423 765 1482 23.

155 1505 186 1570 6.
218 1501 448 1590 D.15‚1,17.
495 1503 655 1587 Ulpianus
683 1504 766 1570 libro
795 1504 970 1572 vicensimo
998 1527 1085 1572 nono

63 1593 104 1658 ad
138 1593 281 1658 edictum
314 1591 364 1679 (P.
384 1591 489 1678 852⁸).
520 1629 558 1639 —
588 1592 634 1657 Et
662 1592 818 1659 Proculus
851 1600 884 1659 et
911 1594 1085 1661 Atilicinus

63 1681 266 1765 existimant,
289 1681 373 1747 sicut
394 1679 459 1765 ipsi
481 1681 594 1747 vicarii
616 1686 692 1746 sunt
710 1683 745 1747 in
763 1683 899 1767 peculio,
921 1684 969 1747 ita
987 1684 1085 1749 etiam

61 1771 193 1856 peculia
215 1791 334 1836 eorum.

284 1917 332 1976 De
354 1920 531 1978 momentis
553 1918 742 1978 mansoribus
764 1918 872 1992 tepetis.

154 2044 184 2084 v.
203 2023 291 2098 Resp.
313 2026 342 2083 2.

265 2184 312 2241 De
335 2185 467 2242 cautione
489 2185 649 2258 leqatorum
671 2185 889 2243 servandorum.

159 2286 190 2348 7.
213 2282 254 2348 Ι).
267 2283 380 2365 32,19.
399 2320 442 2330 -
461 2282 583 2348 Valens
608 2284 693 2350 libro
713 2285 826 2369 quinto
845 2283 1086 2348 Fideicommis-

63 2395 178 2439 sorum
193 2368 244 2459 (P.
253 2371 318 2455 14).
328 2409 371 2419 -
385 2370 419 2436 Si
433 2371 496 2436 tibi
511 2373 656 2458 legatum
672 2378 723 2437 est
737 2373 789 2437 vel
802 2372 1086 2437 fideicommissum

62 2462 232 2542 relictum,
255 2462 303 2525 uti
326 2461 403 2547 quid
426 2462 537 2541 facias,
560 2462 688 2526 etiamsi
711 2483 777 2526 non
801 2463 937 2526 interest
958 2461 1085 2527 heredis

62 2552 96 2615 id
122 2550 206 2633 fieri,
228 2549 411 2635 negandam
435 2549 498 2614 tibi
519 2551 690 2628 actionem,
713 2551 741 2614 si
758 2572 824 2615 non
843 2571 957 2615 caveas
975 2551 1086 2615 heredi

61 2640 227 2721 futurum,
258 2639 343 2723 quod
372 2636 541 2703 defunctus
568 2639 683 2722 voluit,
713 2638 821 2704 Nerva
849 2643 882 2704 et
909 2638 1085 2704 Atilicinus

62 2778 93 2794 ..
118 2729 325 2811 putaverunt.

488 2821 536 2879 De
557 2821 668 2893 fouere.

157 2923 187 2987 8.
216 2919 435 3004 D.11‚7,28.
480 2920 680 3005 Pomponius
708 2921 793 2986 libro
822 2922 934 3006 quinto
962 2921 1085 2987 decimo

65 3012 108 3078 ad
137 3009 298 3076 Sabinum
326 3007 376 3096 (P.
397 3008 499 3096 corb).
528 3047 570 3056 -
600 3009 692 3087 Quod
725 3010 753 3074 si
784 3011 874 3074 nulla
904 3010 962 3075 dos
991 3015 1087 3096 esset,

62 3107 145 3166 tuno
175 3119 303 3164 omnem
331 3099 496 3182 inpensam
528 3097 586 3186 (ac.
609 3096 748 3185 funeris)
771 3102 896 3183 patrem
919 3105 1086 3183 praestare

63 3189 183 3255 debere
207 3187 381 3252 Atilicinus
410 3189 457 3252 ait
484 3193 541 3252 aut
568 3188 702 3253 heredes
728 3187 797 3252 eius
822 3188 979 3269 mulieris,
1006 3192 1086 3272 puta

64 3278 299 3361 emancipatae.
349 3276 434 3361 quod
468 3277 495 3341 si
528 3297 630 3361 neque
663 3276 797 3342 heredes
829 3277 949 3342 habeat
982 3298 1084 3360 neque

63 3370 159 3452 pater
183 3365 336 3430 solvendo
360 3366 412 3449 sit,
435 3364 589 3431 maritum
612 3367 645 3429 in
670 3369 826 3450 quantum
849 3365 954 3430 facere
976 3367 1086 3448 potest

63 3479 125 3541 pro
149 3455 212 3520 hoc
236 3454 415 3538 conveniri,
442 3475 482 3518 ne
506 3453 625 3518 iniuria
649 3454 716 3518 eius
741 3454 900 3519 videretur
923 3452 1085 3537 quondam

63 3565 198 3610 uxorem
224 3543 291 3607 eius
316 3543 512 3627 insepultam
535 3543 682 3626 relinqui.
