2430 3944
113 117 179 180 484
215 115 249 171 V.
266 113 416 169 NERVAE
436 113 895 171 ETTRAIANITEMP.1URIS
915 113 1098 170 CONSULTI

530 326 639 385 Liber
660 325 712 386 XI.

485 445 535 510 De
558 447 751 512 testamentis.

203 561 254 626 58.
273 560 312 624 D.
328 562 380 643 36,
397 564 424 644 1,
438 562 491 626 48.
526 559 697 624 Iavolenus
712 560 796 624 libro
812 561 983 626 undecimo
999 559 1131 646 Epistu-

113 652 301 717 larum-
337 648 427 714 Seius
458 648 650 714 Saturninus
686 650 926 732 archipuhernus
960 671 1000 715 ea
1036 651 1132 715 alasse

113 740 307 806 Britannica
334 743 508 803 testamento
535 738 736 819 fiduciariam
758 739 883 820 reliquit
870 739 1044 804 theredem
1073 739 1130 804 Va·

116 831 228 895 terium
250 827 468 893 Maximumt
455 826 670 910 trierarchum,
697 848 719 892 a
741 849 834 909 quop
835 828 903 911 sctit,
928 828 1055 910 ceptio
1077 848 1131 892 suo

115 916 186 984 Seio
211 916 340 1000 Oceano,
368 937 438 980 uem
460 916 503 980 ad
524 935 624 980 anuos
645 916 772 980 sedecim
789 877 988 999 pervertisset
963 916 1131 981 theridi

115 1011 208 1071 tatem
222 1011 294 1070 resti
284 1007 398 1070 it.ueret
433 1003 524 1070 Seius
541 1003 678 1069 Oceanus
692 1009 856 1087 antequam
871 965 1012 1094 impleris
1024 1025 1131 1086 annos,

115 1095 276 1176 defunctus
303 1099 352 1159 est.
397 1113 481 1157 nuuc
501 1092 638 1157 Medius
648 1092 787 1195 Seneca,
809 1094 917 1176 quise
940 1055 1131 1159 avunculum

117 1183 184 1250 Seii
208 1183 321 1248 Oceani
347 1183 422 1246 dicit
409 1182 654 1265 t,prouimitat
642 1201 670 1247 rs
695 1184 819 1247 nomine
846 1182 918 1246 haec
945 1182 1027 1252 hona
1047 1185 1130 1265 petit,

115 1273 281 1338 Manimus
308 1276 410 1335 autem
438 1270 625 1335 trierarchus
651 1270 712 1335 sihi
733 1291 771 1334 ea
791 1272 928 1336 uindicat
948 1272 1030 1350 ideo,
1060 1272 1131 1354 qaia

116 1362 275 1440 defunctus
303 1364 347 1424 est
371 1361 400 1424 is
422 1360 472 1425 eui
493 1361 651 1424 restituere
673 1360 776 1425 iussus
797 1364 873 1424 erat.
917 1381 1033 1442 quaem
1056 1380 1132 1443 erpo,
1214 1418 1215 1423 ,

115 1454 223 1513 utrum
250 1448 323 1512 haee
351 1448 430 1522 hona
459 1448 502 1512 ad
533 1447 690 1514 Valerium
718 1448 899 1512 Maximum
927 1449 1131 1514 trierarchum

116 1537 253 1602 heredem
274 1537 475 1619 fiduciariam
493 1538 669 1618 pertineant
686 1557 728 1601 an
747 1539 790 1602 ad
805 1537 958 1602 Mallium
975 1535 1132 1621 Senecam

117 1626 172 1708 aui
194 1646 225 1691 se
240 1626 335 1709 pueri
356 1625 491 1706 defuncti
513 1626 699 1690 aauuadum
721 1645 782 1690 esse
803 1626 886 1690 dicit.

205 1722 378 1804 Respondi:
405 1725 434 1788 si
453 1721 544 1788 Seius
563 1722 709 1802 Oceanus,
731 1725 782 1787 cui
799 1724 1036 1806 fideicommissa
1054 1724 1132 1790 here

117 1813 200 1877 ditas
227 1833 265 1877 en
292 1816 466 1877 testamento
489 1809 555 1876 Seii
579 1809 758 1891 Saturnini,
786 1832 856 1877 cum
882 1833 984 1878 annos
1007 1814 1132 1879 sedecim

117 1900 251 1983 habaet,
287 1921 308 1964 a
347 1899 468 1965 Valerio
498 1900 645 1965 Maximo
679 1901 844 1982 fiduciario
875 1900 981 1966 herede
1012 1902 1133 1967 restitui

118 1990 234 2068 debeat,
263 1990 448 2071 priusquam
474 1990 678 2071 praefinitum
706 1996 822 2071 tempus
849 1991 958 2055 aetatis
987 1991 1131 2074 impleret,

118 2080 253 2158 decessit,
280 2078 448 2159 fiduciaria
474 2077 625 2142 hereditas
652 2079 696 2141 ad
721 2098 789 2143 eum
808 2080 953 2161 pertinet,
982 2081 1026 2144 ad
1047 2100 1132 2162 quem

119 2173 214 2235 cetera
241 2167 321 2231 hona
345 2165 458 2230 Oceani
478 2167 699 2249 pertinuerint,
725 2169 872 2247 quoniam
894 2169 959 2232 dies
983 2170 1132 2250 fideieom

120 2257 210 2320 missi
236 2256 302 2319 oioo
332 2253 449 2320 Oceano
477 2256 577 2339 cessit,
605 2255 718 2320 scilicet
742 2257 771 2320 si
794 2258 993 2338 prorepaudo
1020 2261 1133 2340 tempus

119 2344 281 2408 seductionis
318 2345 443 2408 tutelam
479 2345 580 2426 mapis
615 2343 718 2408 heredi
752 2345 915 2426 fiduciario
949 2347 1133 2427 permisisse,

119 2453 215 2514 quam
242 2433 391 2496 incertum
418 2433 498 2497 diem
524 2433 750 2512 fideicommissi
776 2434 966 2498 constituisse
988 2435 1132 2500 videatur.

533 2626 584 2691 De
607 2628 719 2708 hepatis

210 2747 262 2814 59
281 2750 319 2814 D
335 2751 387 2835 35,
402 2751 430 2833 1,
445 2752 496 2815 67.
533 2750 705 2815 Iavolenus
720 2751 802 2815 libro
817 2751 1101 2839 undecimoEp‘t
1059 2757 1132 2818 istu·

120 2839 293 2903 larum.—
315 2801 393 2905 Oui
414 2801 470 2905 ioh
492 2839 550 2904 hac
571 2841 744 2904 condicione
763 2839 882 2920 fundus
899 2842 999 2907 atiani
1019 2778 1132 2926 tihatus

119 2926 264 2993 essetr
236 2929 265 2992 si
290 2948 411 2992 seruam
437 2949 500 2993 nou
526 2929 753 2994 manumiserit'
780 2933 820 3008 et,
851 2930 881 2995 si
908 2932 1131 3013 manumiserit,

121 3016 253 3099 hepatum
277 3017 372 3095 fundi
393 3018 436 3081 ad
457 3017 617 3081 Maeuium
639 3018 826 3083 translatum
848 3024 937 3098 esset,
968 3021 1132 3104 iepatarius

121 3107 157 3169 de
182 3126 246 3170 nou
273 3105 428 3169 liberando
455 3107 615 3170 satisdedit
637 3112 667 3171 et
688 3107 820 3189 deputam
842 3110 958 3190 accepit
982 3114 1012 3174 et
1029 3113 1131 3192 postea

122 3194 270 3258 liberauit.
311 3213 435 3278 quaero,
458 3215 501 3258 an
523 3195 645 3277 aliquid
664 3195 788 3260 Maeuio
811 3196 910 3261 detur.

210 3290 391 3374 Respondit:
422 3292 450 3357 si
476 3293 527 3357 cui
552 3294 598 3357 ita
621 3294 751 3376 lepatum
778 3294 837 3358 erit
864 3292 904 3359 ‘si
929 3313 1053 3362 sarum
1073 3314 1129 3359 nou

121 3378 358 3460 manumiserit’,
385 3381 585 3446 satisdatione
612 3383 790 3464 interposita
817 3384 953 3464 accipere
976 3386 1017 3450 ah
1033 3383 1128 3450 herede

118 3469 254 3554 lepatum
275 3470 391 3556 poterit
417 3474 458 3554 et,
484 3471 512 3535 si
532 3475 636 3552 postea
658 3491 778 3536 seruum
800 3475 1034 3560 manumiserit,
1060 3491 1127 3539 orm
