2430 3944
97 156 164 221 ’120
178 156 225 213 III.
236 154 312 211 usn
323 155 470 212 CLAUDII
479 153 613 211 NERON.
624 152 770 211 GALBAE
781 155 889 212 ΤΕΜΡ.
900 153 997 211 iulus
1007 153 1108 211 CONS.

493 335 544 402 De
565 337 712 402 societate.

190 461 238 527 15.
271 461 310 526 Ι).
330 461 382 544 17,
399 462 430 541 2,
449 460 500 524 76.
520 461 572 526 78.
591 461 642 526 80.
692 459 848 524 Proculus
881 457 966 524 libro
996 459 1108 544 quinto

97 550 329 636 Epistularum.
353 585 396 596 -
419 547 596 614 Societatem
621 569 738 626 meeum
759 549 847 614 eoisti
869 569 906 614 ea
928 548 1110 635 ooadioo'oue,

97 646 133 704 ul
153 640 257 704 Nerua
280 640 399 704 amisus
420 639 591 703 eommunis
608 641 714 719 partes
735 637 888 703 societatis
910 638 1109 703 constitueret

98 729 204 793 Nerua
221 729 387 813 carmulam,
404 731 441 790 ui
458 731 491 790 tu
508 748 543 792 eu
562 728 670 791 triente
687 726 787 792 sosius
801 745 887 808 esses,
905 745 1011 809 opaea
1024 725 1110 792 besse.

97 818 236 900 quaeris,
267 822 372 881 utrum
403 820 508 880 ratum
540 816 576 880 iel
599 816 668 880 iure
694 815 846 880 societatis
872 815 916 879 sit
942 834 987 879 aa
1013 814 1110 881 nuto

97 906 202 970 miuus
228 926 266 970 eu
293 906 399 987 aequis
419 903 565 986 partubus
591 904 667 969 sosii
692 905 798 968 simus.
843 903 984 969 eaistiam
1009 907 1111 977 aulem

97 995 207 1059 melius
229 999 258 1058 te
279 995 490 1075 quaesiturum
506 991 615 1077 fuisse,
637 997 743 1057 rutrum
760 1011 797 1057 ea
813 991 863 1057 bis
876 991 1021 1074 partubus
1038 990 1112 1058 sosii

98 1103 229 1148 essemus
246 1103 325 1164 quas
342 1083 370 1147 is
389 1082 599 1166 constituisset,
617 1101 659 1146 au
678 1102 715 1146 ea
727 1080 777 1146 bis
789 1099 869 1162 queas
880 1081 986 1145 airum
999 1080 1111 1146 bonum

97 1173 276 1236 constituere
311 1171 497 1253 oportuisset.
552 1170 741 1235 arbitrorum
777 1170 861 1234 enim
893 1189 1008 1252 seuera
1038 1168 1112 1235 serui

97 1262 166 1324 duo.
207 1280 306 1324 uuum
328 1259 489 1342 eiusmodi,
517 1263 552 1322 ul
573 1259 636 1323 siae
658 1278 789 1341 aequum
811 1259 854 1322 sit
873 1258 937 1323 siae
959 1258 1109 1343 iniquum*

94 1369 204 1430 parere
226 1348 399 1429 debeamus,
426 1348 509 1429 quod
529 1347 717 1432 observatur,
744 1366 813 1412 oum
835 1367 872 1412 eu
894 1347 1110 1428 compromisso

97 1439 141 1501 ad
161 1437 314 1501 arbitrum
337 1436 414 1500 ilum
436 1439 488 1519 est,
510 1435 642 1500 alterum
666 1437 822 1520 eiusmodi,
844 1439 880 1501 ul
900 1435 944 1500 acl
961 1435 1034 1500 boui
1050 1434 1111 1500 oiri

98 1526 262 1590 arbitrium
284 1526 381 1607 redipi
403 1524 514 1606 debeat,
537 1525 592 1588 etsi
614 1525 799 1589 aomiualim
816 1542 952 1605 persona
975 1525 1019 1589 sit
1035 1544 1110 1590 som

90 1613 364 1697 prehensurum
386 1613 541 1678 arbitratu
560 1613 625 1695 fiat.
646 1617 650 1692 Ι
670 1614 706 1678 ia
718 1613 881 1695 proposita
899 1616 1002 1677 aulem
1020 1633 1110 1695 arrae·

97 1702 196 1767 stione
222 1702 389 1766 arbitrium
415 1702 477 1766 oiri
504 1701 575 1765 boui
600 1702 740 1767 existimo
766 1701 951 1783 sequendam
975 1721 1040 1766 esse
1064 1699 1113 1785 [eo

97 1792 198 1873 mauis
223 1793 306 1872 quael
331 1791 481 1856 iudicium
499 1811 559 1872 pro
581 1791 660 1861 meio
684 1791 779 1855 borrae
799 1790 874 1872 aaa
901 1788 994 1869 esl?].
1013 1792 1019 1869 1
1038 1788 1115 1872 quid

98 1879 180 1944 euim
201 1881 230 1944 si
252 1880 358 1944 Nerua
381 1879 592 1961 constituisset,
614 1883 650 1943 ut
671 1879 749 1944 altar
770 1898 807 1943 aa
828 1877 996 1942 millesima
1013 1876 1114 1960 portel

97 1968 176 2034 alter
215 1989 252 2033 ea
286 1971 345 2033 dua
380 1967 551 2033 millesimis
579 1967 726 2049 partubus
756 1967 856 2032 socius
888 1966 985 2031 esset?
1036 1965 1115 2032 illud

92 2061 192 2141 potest
218 2059 395 2122 corromieus
421 2075 482 2121 esse
508 2057 570 2120 oiri
597 2057 668 2122 boai
694 2056 838 2134 arbitrio,
866 2060 902 2119 ul
924 2075 988 2120 mou
1009 2050 1115 2138 utiqut

97 2166 139 2212 ea
161 2147 267 2228 aequis
282 2145 428 2229 partebus
447 2146 646 2230 sumsimus,
669 2144 761 2209 ueluti
777 2145 807 2208 si
824 2143 902 2207 alter
912 2143 990 2225 plus
1008 2150 1115 2226 operae

97 2237 270 2300 industriae
289 2236 410 2318 prateae
426 2234 577 2316 pecuniae
599 2235 828 2298 insacietatem
851 2231 1019 2298 collaturus
1041 2236 1113 2298 erat

187 2346 439 2422 ef.1).17,2,6
468 2344 651 2420 Pomponius
683 2344 759 2404 libro
791 2362 869 2404 nono
902 2343 941 2402 ud
970 2342 1115 2415 Sabinum

98 2426 144 2515 (P.
165 2427 253 2514 532).
304 2433 336 2492 Si
368 2433 542 2493 societatem
576 2434 693 2492 mesum
728 2433 833 2492 coieris
866 2450 902 2491 ea
934 2432 1116 2511 condicione,

98 2526 133 2582 ut
159 2525 262 2597 partes
291 2521 442 2581 societatis
470 2521 681 2599 constitueres,
709 2521 747 2580 ud
774 2521 847 2581 boni
872 2520 931 2581 viri
954 2521 1116 2581 arbitrium

99 2629 134 2669 ea
157 2629 205 2670 res
229 2610 391 2688 redigenda
410 2612 457 2669 est
477 2655 483 2668 .
503 2613 534 2668 et
552 2611 730 2670 conveniens
749 2612 795 2669 est
813 2609 872 2669 viri
889 2609 961 2669 bani
979 2609 1116 2683 arbitrio,

55 2714 57 2718 ’
98 2702 134 2757 ut
161 2717 221 2758 non
249 2699 352 2774 utique
381 2717 417 2758 ex
444 2698 547 2774 eequis
574 2698 712 2775 partibus
740 2698 814 2758 socii
837 2698 943 2774 simus,
970 2689 1067 2759 'veluti
1091 2698 1116 2770 si

97 2787 177 2846 alter
199 2788 268 2862 plus
291 2807 399 2863 operae
422 2785 587 2846 industriae
611 2786 754 2864 pecuniae
776 2788 808 2845 in
831 2786 1006 2846 societatem
1024 2787 1115 2847 oolla·

100 2879 187 2934 turus
211 2876 259 2935 sit.

461 2957 511 3023 De
534 2958 602 3024 iure
624 2959 750 3024 dotium.

188 3083 238 3148 16.
262 3082 301 3148 Ι).
311 3083 364 3168 50,
376 3083 427 3163 16,
440 3082 510 3149 125.
544 3082 633 3147 Idem
647 3081 703 3167 (so.
716 3080 887 3170 Proculus)
901 3082 985 3146 libro
1000 3039 1115 3166 quinto

98 3172 330 3256 Epistularum.
355 3208 396 3217 -
421 3170 530 3255 Nepos
553 3171 691 3237 Proculo
715 3192 773 3235 suo
798 3171 943 3235 salutem.
989 3167 1115 3256 Abeo,

99 3261 219 3347 quiite
237 3261 346 3325 dotem
368 3257 478 3326 diuit12
491 3259 588 3325 *cum
606 3259 811 3325 commodum
830 3260 899 3345 erit,
923 3259 1008 3324 dolis
1026 3259 1116 3325 filiae

98 3389 187 3433 meae
211 3367 271 3432 tibi
295 3371 388 3431 erunt
408 3351 513 3449 Hsb’‚
536 3370 677 3450 putasne
700 3367 849 3451 protinus
872 3365 996 3450 nuptiis
1019 3365 1118 3431 factis

171 3531 184 3578 1
207 3524 282 3580 Trib.
301 3523 437 3594 promisit.
