2430 3944
493 193 520 241 4.
538 184 719 241 Perorsos
1048 187 1115 251 229

94 350 198 412 tatem
226 348 426 414 revenderet.
462 352 577 435 postea
598 354 756 435 patronus
786 349 927 414 defuncti
954 349 1114 416 bonorum

94 435 339 521 possessionem
358 441 472 503 oontm
490 439 620 503 tabulas
639 437 779 522 petierat
797 441 831 503 et
847 442 974 522 partem
992 439 1115 504 heredi·

94 526 187 608 tatis,
221 547 304 610 quae
333 525 524 612 debebatur,
556 528 745 592 abstulerat.
796 526 952 593 Proculus
980 525 1112 594 Cassius

94 613 434 681 fideicommissarium
460 637 520 699 pro
550 620 620 680 rata
649 615 734 700 quod
763 616 863 681 solvit
892 620 1039 698 repetere
1062 617 1115 681 de-

95 703 171 768 here
195 703 299 769 aiunt.

185 813 365 892 Sequuntur
386 816 473 876 haee:
497 810 633 877 ‘Paulus
662 817 719 876 hoo
742 816 808 876 iure
830 816 968 876 utimur.
984 861 991 878 .
1006 811 1025 877 .'

184 905 225 964 ef.
243 902 309 964 aar.
325 907 354 981 a,
370 907 433 964 248
443 923 505 981 sqq.
530 908 559 984 3,
574 908 626 965 41.

434 1058 485 1124 De
508 1060 644 1126 liberine
665 1061 781 1126 relicta.

186 1165 242 1230 21.
266 1165 305 1231 D.
321 1167 374 1249 40,
388 1167 418 1246 7,
433 1166 485 1249 20,
500 1167 530 1231 3.
566 1166 688 1232 Paulus
711 1167 796 1232 libro
820 1171 912 1232 sexto
931 1167 1056 1232 decimo
1075 1166 1116 1231 ad

101 1253 267 1318 Plautium
290 1251 341 1342 (P.
362 1252 473 1342 1227).
496 1291 538 1302 -
562 1255 595 1320 Is
623 1256 676 1320 eui
704 1277 815 1321 servus
842 1256 1011 1340 pecuniam
1039 1256 1115 1321 dare

102 1344 204 1408 iussus
230 1347 342 1407 estut
365 1344 448 1408 liber
472 1348 567 1428 esset,
590 1345 736 1410 deeeseit.
783 1342 932 1429 Sabinus,
955 1345 983 1409 si
1007 1345 1116 1410 deoem

101 1431 267 1497 habuisset
293 1438 423 1517 parata,
453 1433 590 1497 liberum
618 1433 702 1517 fore,
729 1434 805 1516 quia
832 1456 899 1499 non
928 1438 1031 1498 staret
1056 1455 1116 1518 per

102 1541 181 1600 eum,
204 1541 271 1604 qno
294 1521 402 1585 minus
426 1521 527 1587 daret.
966 1605 967 1608 Ἴ

183 1610 239 1674 22.
267 1608 306 1674 D.
326 1610 379 1691 40,
397 1610 429 1695 4,
446 1611 499 1695 40,
516 1610 545 1675 1.
591 1610 790 1694 Pomponius
818 1610 902 1677 libro
932 1612 1048 1696 quinto
1076 1633 1115 1676 ex

101 1696 225 1762 Plautio
262 1695 311 1784 (P.
330 1696 420 1781 345).
452 1735 489 1746 -
521 1720 675 1764 ...eum
708 1700 768 1764 sub
801 1699 988 1765 condicione
1021 1722 1115 1766 servo

101 1785 232 1852 libertas
265 1809 324 1871 per
355 1786 642 1853 fideicommissum
675 1787 768 1852 detur
795 1793 827 1852 et
853 1789 923 1874 ipse
950 1789 1115 1873 praesenti

103 1874 147 1940 die
170 1874 322 1954 daretur,
334 1897 400 1941 non
425 1876 519 1940 aliter
540 1875 737 1960 mancipare
762 1899 835 1942 eum
855 1881 998 1962 cogetur,
1017 1900 1115 1961 quam

102 1966 134 2027 ut
160 1967 315 2029 caveatur
343 1965 502 2029 existente
530 1964 718 2031 condicione
741 1964 904 2030 libertatis
928 1988 1001 2031 eum
1024 1966 1116 2030 resti·

104 2055 205 2117 lutum
229 2052 285 2138 iri3
309 2075 386 2117 nam
409 2053 443 2117 in
468 2054 618 2119 omnibus
636 2055 704 2118 fere
724 2053 828 2119 causis
847 2054 1113 2119 fideicommissas

103 2140 264 2206 libertates
300 2163 360 2225 pro
399 2141 521 2208 direeto
559 2142 643 2207 datis
679 2143 856 2207 habendas.
911 2142 967 2207 sed
1000 2142 1114 2207 Ofilius

105 2229 214 2314 aiebat,
237 2230 266 2294 si
289 2231 450 2296 adimendi
472 2231 574 2315 legati
597 2253 694 2296 eausa
716 2231 997 2296 fideicommissum
1014 2231 1114 2296 liber-

105 2321 198 2382 tatem
220 2322 362 2384 testator
384 2319 534 2404 dedisset,
559 2341 597 2384 ea
619 2342 696 2385 vera
719 2341 804 2405 esse3
831 2320 860 2384 si
883 2341 958 2386 vero
983 2319 1111 2385 onerari

105 2405 248 2472 heredem
264 2431 283 2472 a
295 2412 452 2474 testatore
462 2408 641 2494 legatarius
652 2409 838 2493 ostenderit,
852 2407 1114 2474 aestimationem

106 2493 202 2561 nihilo
225 2497 333 2562 minus
356 2498 514 2582 legatario
537 2498 775 2581 praestandam.

185 2585 252 2651 23?
287 2584 327 2650 D.
345 2587 400 2669 40,
419 2585 450 2670 5,
469 2586 499 2650 8.
553 2586 753 2670 Pomponius
785 2586 870 2652 libro
903 2588 1041 2671 septimo
1075 2609 1114 2651 ex

108 2669 225 2739 Plautio
259 2672 308 2760 (P.
332 2673 422 2760 364).
455 2713 498 2722 -
530 2674 615 2739 Eum
653 2677 704 2740 oui
736 2675 824 2740 mille
856 2676 981 2740 nummi
1012 2676 1113 2760 legati

109 2759 245 2847 fuissent,
265 2763 293 2827 ei
311 2768 444 2849 rogatus
463 2763 579 2828 fuisset
599 2764 715 2849 viginti
733 2786 861 2829 servum
876 2766 1112 2842 manumittere,

111 2869 166 2914 non
182 2852 256 2937 cogi
273 2851 557 2917 fideicommissam
574 2852 759 2917 libertatem
778 2859 952 2938 praestare,
978 2854 1006 2917 si
1025 2855 1112 2936 lega-

112 2939 170 3003 tum
192 2962 256 3005 non
281 2945 421 3023 caperet.

189 3034 390 3094 Tribonianus
432 3036 641 3112 respondentis
682 3037 801 3096 nomine
843 3036 942 3096 deleto
984 3035 1112 3095 addidit:

114 3111 249 3183 ‘consati

396 3205 447 3272 De
468 3209 617 3290 emptione
639 3209 817 3274 venditione.

190 3313 239 3378 24.
269 3313 309 3378 D.
328 3315 381 3394 21,
399 3315 429 3399 2,
448 3316 501 3398 22,
522 3316 550 3380 1.
599 3314 795 3399 Pomponius
825 3315 911 3381 libro
939 3316 1044 3398 primo
1074 3334 1113 3377 ex

117 3392 227 3466 Plautio
255 3400 306 3490 (P.
331 3399 421 3489 326).
453 3440 497 3450 —
531 3401 565 3468 Si
591 3405 758 3469 seeundum
785 3398 995 3487 monnpinin²
1022 3401 1112 3488 fundi

176 3563 189 3610 1
207 3559 281 3616 Trib.
300 3559 421 3615 tradere.
472 3565 497 3614 2.
519 3561 594 3616 Trib.
613 3577 665 3632 pro
684 3560 831 3616 evictione.
