2430 3944
337 210 362 259 4.
386 205 417 260 L.
437 203 621 261 NERATIUS
641 205 787 262 PRISCUS
1002 207 1066 271 287

50 373 197 451 principe,
219 373 348 433 fortasse
377 391 403 433 a.
423 374 465 434 83
493 374 542 432 131
571 393 596 433 a.
622 377 678 452 87,
705 374 878 436 Domitiano
910 376 1067 437 interfecto

50 464 172 542 legatus
190 481 246 539 pro
267 464 405 538 praetore
423 462 455 520 in
473 462 627 537 provincia
646 463 809 538 Pannonia,
828 483 914 537 anno,
932 469 968 524 ut
988 466 1066 527 vide-

50 556 114 626 tur,
144 553 186 612 98
215 552 264 612 131
293 553 349 627 99,
377 569 396 610 a
423 569 481 626 quo
508 550 622 610 Plinius
650 552 764 612 amicus
790 551 918 613 Voconii
939 554 1067 614 Romani

51 640 152 717 gratia
181 639 356 700 beneficium
391 639 513 716 aliquod
546 639 635 717 petiit
669 631 730 718 (ep.
752 634 877 722 2,13),
910 643 959 701 cui
988 643 1067 702 idem

51 728 248 789 Saturninum
271 727 490 789 commendavit
513 719 573 808 (ep.
591 731 620 806 7,
635 721 685 810 8),
709 730 824 790 accitus
854 731 886 789 in
909 731 1067 791 consilium

52 817 176 878 Traiani
219 818 254 877 D.
280 820 332 893 37,
357 819 407 894 12,
433 813 482 897 5),
521 818 573 894 qui
609 837 678 876 eum
710 836 910 880 successorem
942 819 1068 898 elegisse

52 906 186 966 traditur
222 907 286 967 vita
305 905 395 965 Hadr.
415 897 460 986 4),
482 923 536 965 nec
560 906 660 966 minus
684 906 715 965 in
738 907 886 967 Hadriani
910 909 1067 968 consilinm

53 989 138 1075 (ibid.
155 986 227 1076 18),
250 997 394 1072 patronus
418 995 584 1054 scribarum
607 996 855 1072 quaestoriorum.

143 1085 225 1143 Iuris
248 1084 404 1143 consultus
423 1082 565 1142 Neratius
590 1103 658 1144 cnm
676 1085 781 1144 multis
799 1086 972 1146 litterarum
989 1104 1067 1145 com·

52 1173 162 1233 mercio
200 1173 376 1233 coniunctus
418 1172 555 1248 inprimis
590 1173 752 1233 Proculum
785 1177 906 1234 secutus
941 1194 986 1235 ex.
1022 1195 1067 1250 gr.

53 1261 197 1321 Marcello
220 1261 308 1320 fratri
332 1279 385 1320 suo
408 1260 563 1337 respondit
582 1255 632 1340 (D.
648 1263 699 1339 33,
715 1265 744 1341 7,
760 1265 811 1338 12,
826 1258 883 1343 43)
907 1268 938 1323 31
960 1263 1067 1323 Rufino

54 1343 104 1433 (D.
118 1349 189 1410 ibid.
205 1347 225 1425 ξ
240 1341 298 1431 35)
321 1353 352 1409 31
374 1349 511 1410 Aristoni
535 1344 585 1430 (D.
602 1353 653 1428 19,
669 1353 696 1426 2,
713 1354 764 1426 19,
780 1346 823 1430 2).

143 1438 321 1515 Composuit
342 1441 500 1514 praeterea
522 1438 615 1498 libros
639 1440 675 1499 de
698 1440 765 1500 iure
786 1440 877 1517 civili,
900 1440 1015 1500 scilicet
1032 1459 1068 1500 ex

55 1528 183 1604 Plautio,
206 1528 421 1604 Epistularum,
443 1527 676 1604 Responsorum,
694 1528 949 1608 Membranarum,
969 1530 1067 1606 Regu·

55 1619 163 1690 larum,
187 1617 315 1692 denique
338 1616 374 1676 de
396 1616 510 1692 nuptiis
532 1616 652 1677 librum.

142 1706 267 1765 Scholae
285 1705 481 1765 Proculianae
504 1706 641 1781 princeps
661 1705 806 1765 successit
823 1706 962 1767 Iuventio
981 1705 1067 1767 Celso
1155 1689 1162 1711 ⁹

58 1814 120 1854 cum
152 1795 215 1853 filio
248 1795 312 1853 eius
343 1787 539 1874 (Pomponius
562 1785 671 1875 553),
704 1794 756 1871 qui
787 1795 834 1854 bis
867 1796 971 1854 consul
998 1795 1065 1873 fuit,

57 1884 163 1943 iterum
183 1901 209 1942 a.
226 1885 288 1942 129
309 1885 340 1942 31
355 1883 477 1958 quidem
491 1903 559 1942 curn
572 1882 697 1941 Neratio
711 1883 853 1942 Marcello
867 1875 915 1964 (O.
931 1886 960 1960 7,
976 1886 1005 1960 9,
1019 1876 1066 1963 3).

140 1972 305 2048 Postquam
338 1971 492 2031 Hadriano
528 1971 662 2047 principe
694 1970 936 2031 Membranarum
972 1972 1065 2031 libros

59 2060 222 2139 composuit
245 2051 295 2138 (D.
310 2063 361 2138 44,
377 2063 406 2137 2,
423 2051 545 2140 11pr.),
575 2060 679 2119 eodem
707 2060 841 2136 principe
869 2059 991 2119 ridetur
1017 2059 1066 2119 de·

59 2152 190 2222 cessisse,
217 2149 393 2225 priusquam
422 2148 604 2224 Pomponius
632 2149 725 2208 libros
753 2148 792 2207 ad
815 2148 960 2207 Sabinum
987 2166 1066 2207 com-

58 2239 167 2315 posuit,
190 2238 222 2296 in
245 2238 322 2297 libro
341 2238 418 2296 enim
439 2236 483 2297 VI
501 2239 575 2297 haec
592 2238 748 2312 leguntur:
773 2232 905 2296 ‘Priscus
924 2237 1066 2296 Neratius

59 2319 256 2387 existimabat'
281 2319 331 2406 (D.
347 2327 399 2401 34,
415 2327 444 2403 3,
460 2329 488 2402 8,
504 2329 523 2384 2
548 2326 579 2383 Ρ.
595 2318 685 2406 509).

10 2418 12 2503 ζ
140 2414 256 2474 Filium
278 2415 385 2474 habuit
403 2415 523 2474 Priscus
541 2414 677 2474 Priscum
696 2412 757 2472 VH
778 2415 877 2474 virum
901 2415 1067 2490 epulonem,

59 2504 189 2582 legatum
216 2503 349 2581 Augusti
380 2522 435 2580 pro
462 2507 600 2578 praetore
625 2503 658 2562 in
684 2502 840 2562 Pannonia
866 2502 1006 2562 inferiore
1036 2506 1067 2562 et

59 2592 209 2653 Pannonia
236 2592 401 2668 superiore,
434 2594 574 2668 nepotem
601 2591 753 2650 Fufidium
780 2591 927 2668 Priscum,
958 2609 1065 2667 prone·

59 2686 155 2755 potem
178 2681 324 2741 Atticum.
370 2680 511 2740 laudatur
532 2680 658 2739 Neratio
681 2680 842 2739 Marullina
864 2680 927 2738 filia
949 2679 1067 2738 Neratii

60 2769 148 2830 Prisci
177 2770 322 2847 consulis,
345 2770 444 2829 utrius
466 2772 580 2846 autem,
605 2769 727 2827 maioris
754 2768 850 2828 Prisci
873 2787 911 2826 an
934 2768 1067 2846 minoris,

10 2858 13 2883 ¹
61 2858 220 2919 dubitatur.
274 2859 438 2917 laudantur
474 2859 506 2916 L.
529 2857 647 2917 Neratii
674 2857 771 2916 Prisci
803 2875 918 2930 servae,
950 2857 1067 2917 Neratii

61 2945 149 3008 Prisci
173 2966 272 3024 serva,
295 2947 369 3006 iuris
393 2947 522 3006 consulti
545 2949 576 3005 et
602 2946 705 3005 fratris
733 2945 827 3004 Norat
828 2945 928 3004 iorum
950 2946 1067 3022 vilicus,

10 3034 415 3115 11313131111113311311113.
457 3034 520 3094 CIL
540 3035 591 3111 IX,
616 3035 711 3094 2454.
735 3036 831 3095 2455,
856 3034 951 3093 2458
971 3036 1066 3093 2484.

10 3125 151 3223 ·2.531
176 3125 344 3183 Wilmanns
356 3125 584 3184 1152-1158.
607 3123 756 3199 Borghesi
771 3141 836 3198 opp.
847 3121 915 3198 Vp.
929 3123 992 3183 350
1002 3141 1066 3199 sqq

10 3170 231 3273 Mommseni
245 3213 304 3271 ind.
319 3212 410 3271 Plinii
425 3213 468 3273 ed.
483 3213 594 3287 Keilp.
610 3212 683 3272 420.
711 3211 836 3271 Hermes
850 3210 938 3287 IHp.
955 3213 1065 3288 38sqq

10 3280 234 3380 P'r0sopogr.

146 3390 335 3468 Quamquam
354 3409 389 3449 ex
407 3390 444 3449 iis
461 3408 537 3467 quae
552 3388 689 3466 diximus,
701 3408 774 3447 num
788 3388 953 3448 Neratius
945 3407 977 3446 m
990 3387 1068 3445 hanc

64 3479 263 3540 collectionem
280 3479 469 3554 recipiendus
488 3479 536 3555 sit,
555 3477 687 3536 dubitari
704 3496 792 3554 posse
811 3481 946 3553 apparet,
964 3479 1067 3535 tamen

64 3585 124 3626 cnm
144 3569 265 3629 Traiani
289 3571 388 3627 aetate
412 3587 478 3627 eum
503 3585 646 3643 responsa
668 3566 785 3626 dedisse
809 3567 925 3626 constet
948 3556 998 3644 (D.
1015 3566 1069 3637 37,
