2430 3944
214 205 248 263 V.
268 205 369 273 QUOD
388 205 559 262 ‘DIOITUR’
579 205 652 261 VEL
672 205 806 262 ‘vomo
824 206 990 262 DICITUR‘.
1054 207 1120 272 593

197 371 250 435 27.
275 368 312 434 D.
336 370 365 451 8,
389 370 419 451 6,
441 371 471 435 3.
518 367 619 434 Gaius
642 370 726 433 libro
751 370 890 452 septimo
914 369 954 433 ad
982 370 1122 436 edictum

103 458 315 544 provinciale.
339 494 381 504 -
404 457 479 522 Iura
496 459 701 543 praediorum
720 463 826 522 morte
840 461 873 522 ei
887 458 1003 542 capitis
1023 460 1121 524 demi·

103 548 242 612 natione
264 568 332 612 non
354 546 459 631 perire
482 546 582 631 vulgo
604 547 760 611 traditum
783 550 842 612 esi.

366 749 394 806 2.
421 745 474 805 Ad
493 745 651 806 edietum
673 746 865 823 praetorio.

311 863 362 931 De
383 866 587 948 copnitoribus
609 870 638 930 et
652 866 916 948 procuratoribus.

193 988 260 1056 28?
283 990 321 1054 D.
347 990 397 1072 12,
420 990 451 1071 3,
475 990 504 1054 7.
544 987 705 1073 Ulpianus
728 988 814 1055 libro
837 995 952 1056 octavo
976 991 1016 1056 ad
1040 991 1121 1058 edie-
1183 978 1186 991 ¹

101 1083 183 1143 inm.
210 1114 248 1125 -
273 1076 384 1163 Vulgo
402 1079 621 1162 praesumitur
640 1079 738 1143 alium
757 1078 791 1143 in
809 1079 902 1144 litem
920 1101 985 1145 non
1005 1079 1120 1146 debere

102 1169 214 1232 iurare
238 1189 334 1253 quam
358 1167 523 1231 dominum
547 1167 623 1232 litis.

195 1256 248 1321 29.
281 1254 320 1322 D.
344 1255 427 1339 3‚3‚
452 1257 502 1321 12.
548 1254 648 1321 Gaius
675 1256 757 1321 libro
784 1256 882 1321 terlio
913 1256 953 1321 nd
978 1257 1119 1323 edictum

100 1345 312 1430 provinciale.
338 1380 377 1391 —
478 1345 593 1409 dicitnr
620 1345 795 1429 aliquando
819 1346 997 1430 cogendum
1019 1348 1120 1430 coqui·

102 1431 220 1498 torem¹
242 1433 395 1498 iudicium
423 1434 583 1518 accipere,
611 1433 710 1498 veluti
739 1436 765 1498 si
788 1435 938 1500 dominus
965 1457 1118 1519 praesens

102 1543 173 1587 non
197 1523 240 1586 sil
264 1526 297 1586 ei
321 1529 410 1586 actor
433 1522 584 1587 adfirmat
606 1527 712 1586 tractu
734 1524 890 1607 temporis
913 1523 1058 1588 futurum
1082 1529 1124 1589 ut¹

100 1632 155 1675 ros
203 1615 299 1676 erent.

178 1634 245 1766 p30.
274 1699 314 1764 D.
344 1699 394 1783 17,
423 1699 451 1783 1,
479 1699 510 1782 8,
541 1700 571 1765 3.
617 1696 777 1782 Ulpianus
807 1700 892 1764 libro
925 1701 1118 1787 trigensimo

98 1788 209 1874 primo
232 1787 273 1852 ad
296 1787 445 1853 edictum.
471 1824 509 1833 -
536 1836 565 1852 ..
593 1808 788 1872 quamquam
811 1836 841 1852 ..
864 1789 963 1872 vulgo
992 1790 1118 1854 dicatur

99 1881 345 1962 procuratorem
374 1880 449 1941 anie
472 1876 565 1941 litem
586 1880 803 1940 contestatam
830 1876 936 1940 facere
968 1899 1118 1960 procura·

100 1972 209 2030 iorem
232 1986 297 2030 non
321 1986 425 2050 posse.

238 2141 290 2207 De
310 2143 495 2224 defendendo
517 2163 551 2208 eo
573 2144 661 2208 ouius
681 2144 805 2208 nomine
822 2143 893 2225 quis
913 2143 988 2225 apii.

189 2267 242 2331 31.
266 2267 305 2332 D.
328 2269 382 2350 26,
406 2268 435 2349 7,
458 2268 511 2333 23.
557 2266 719 2351 Ulpianus
747 2267 832 2332 libro
857 2287 942 2331 nono
967 2265 1007 2330 ad
1030 2266 1115 2332 edio·

97 2361 180 2422 ium.
201 2391 244 2402 -
258 2354 368 2440 Vulgo
393 2357 586 2421 observatur
607 2379 648 2421 ne
670 2359 761 2420 tutor
782 2359 895 2420 caveat
917 2357 1022 2418 ratam
1045 2377 1113 2420 rom

97 2443 262 2529 pupillum
285 2445 484 2528 habiturum,
509 2445 585 2530 quin
607 2466 676 2509 rem
697 2443 733 2508 in
756 2444 910 2508 iudicium
934 2443 1068 2508 deducit.

255 2621 305 2686 De
327 2622 474 2686 bonorum
491 2622 680 2705 possessiom
701 2631 807 2687 contro
829 2620 959 2686 tabulas.

189 2746 240 2811 32.
264 2745 303 2810 D.
326 2746 379 2825 37,
401 2747 432 2829 4,
458 2746 506 2811 19.
534 2783 572 2794 -
598 2793 627 2810 ..
646 2745 875 2828 Tryphoninus
894 2745 978 2809 libro
998 2745 1112 2831 quinio

94 2834 224 2900 decimo
253 2834 522 2918 Disputationum
545 2884 580 2899 ..
605 2871 642 2880 -
669 2883 702 2900 ..
730 2834 828 2921 volgo
856 2834 974 2898 dicitur
1001 2834 1113 2898 liberis

94 2925 210 2989 datam
234 2923 394 2987 bonorum
416 2923 653 3006 possessionem
676 2930 788 2986 contra
809 2922 932 3007 lignum
957 2943 1036 2988 esso.

171 3062 181 3092 ¹
203 3061 280 3116 Τνῶ.
298 3063 516 3132 procuratorem.

508 3328 704 3358 —Qoe—

150 3667 251 3716 Iurispr.
265 3667 383 3707 utohodr.
397 3666 446 3705 rell
461 3666 496 3705 od.
510 3665 610 3706 Bremer.
630 3665 663 3717 11,
672 3667 691 3705 ².
866 3655 905 3704 38
