2430 3944
98 192 164 256 550
467 183 742 240 murrinum

189 353 262 418 100.
285 350 324 415 D.
338 351 392 434 47,
407 350 459 432 10,
475 348 525 430 11,
539 349 569 414 3.
600 345 761 431 Ulpianus
785 345 871 410 libro
895 346 1112 432 quinquegen-

98 443 180 507 simo
209 441 349 525 septimo
378 438 418 503 ad
446 437 595 502 edietum.
622 473 659 482 -
686 435 721 500 si
748 433 905 499 mandatu
932 457 1007 502 meo
1030 435 1113 502 faeta

98 531 143 595 sit
175 529 271 594 elicui
302 527 434 610 iniuria,
466 526 610 610 plerique
640 524 733 589 aiunt
761 527 831 588 tam
859 545 912 588 me
941 525 999 610 qni
1027 547 1112 589 man-

99 618 172 683 davi
197 639 292 701 quam
317 638 391 680 eum
414 614 471 698 qui
495 613 637 698 suscepit
659 612 851 678 iniuriarum
874 612 989 679 teneri

191 707 262 770 101.
286 702 450 788 Ι).47,30,
462 703 512 768 13.
545 701 705 785 Ulpianus
720 701 806 767 libro
821 700 1110 788 quinquagensimo

99 795 237 879 septimo
262 793 303 858 ad
326 792 474 857 edietum.
495 827 533 837 -
556 790 590 855 si
613 791 687 875 quis
711 811 762 854 me
783 789 959 874 prohibeat
979 792 1016 856 in
1033 791 1110 856 mari

98 884 224 967 piscare
246 882 297 946 vel
321 880 534 945 everriculum
633 878 757 960 ducere,
784 900 826 943 an
849 879 1045 945 iniuriarum
1066 880 1110 944 iu-

100 970 184 1036 dicio
207 971 330 1054 possim
354 990 427 1033 eum
448 967 643 1033 convenire?
680 974 756 1032 sunt
773 967 829 1051 qui
847 971 966 1051 putent
984 969 1108 1033 iniuria·

99 1081 174 1124 rum
196 1080 248 1122 me
271 1079 367 1142 posse
390 1077 495 1141 egere.

189 1168 363 1246 Sequuntur
386 1169 473 1227 liaeo:
497 1161 540 1226 ‘et
562 1168 607 1227 111
629 1167 811 1244 Pomponius
835 1171 867 1226 et
888 1168 1029 1247 plerique
1051 1186 1107 1229 esse

99 1258 169 1317 huio
198 1257 325 1316 similem
351 1276 433 1330 eum,
461 1257 512 1333 qui
540 1256 572 1315 in
593 1256 749 1332 publicum
771 1257 875 1316 lavare
898 1257 949 1316 vel
972 1258 1005 1316 in
1027 1275 1108 1318 11111

99 1346 220 1422 publiea
244 1347 345 1405 sedere
368 1344 418 1405 vel
441 1344 474 1404 in
497 1365 555 1422 quo
578 1345 637 1405 ulio
662 1345 728 1404 loeo
751 1363 841 1422 agere
865 1346 971 1406 sedere
995 1363 1107 1407 eonver-

100 1435 161 1494 seri
187 1453 247 1494 non
274 1434 420 1510 patiatur,
450 1435 503 1492 aut
530 1435 554 1493 si
584 1433 651 1509 quis
678 1452 711 1492 re
736 1451 804 1492 mea
826 1434 873 1493 uti
897 1453 1030 1495 menon
1050 1453 1106 1512 per·

98 1516 223 1583 mittat?

476 1605 527 1671 De
549 1607 736 1671 mediatione.

190 1729 262 1793 102.
290 1728 328 1794 D.
351 1730 405 1813 12,
424 1730 458 1814 6,
477 1729 535 1813 60,
556 1732 583 1794 1.
625 1729 746 1794 Paulus
774 1729 858 1795 libro
888 1730 988 1797 tertio
1016 1730 1107 1808 Quae·

101 1817 251 1882 stionum.
280 1853 322 1864 ·-
348 1816 415 1884 Ubi
439 1866 474 1884 ..
498 1819 569 1903 quis
599 1817 683 1902 quod
711 1839 791 1903 pure
820 1819 917 1884 debet
951 1821 1014 1885 sub
1044 1840 1106 1884 oon·

100 1905 224 1972 dioione
247 1906 389 1972 novandi
412 1907 519 1971 animo
544 1907 703 1991 promisit,
726 1907 872 1991 plerique
893 1911 1020 2000 putant·
1036 1929 1105 1992 peu-

99 1997 194 2061 dente
218 1995 392 2061 novatione
416 1996 559 2059 solutum
583 1999 726 2078 repetere
749 2017 860 2080 posse,
889 1997 967 2081 quia
991 2017 1104 2080 exque

101 2085 299 2168 obligatione
328 2084 446 2165 solvat,
476 2084 580 2148 adhue
603 2083 764 2149 incertum
788 2085 844 2171 sit3
868 2085 1021 2170 idemque
1044 2104 1102 2148 esse

100 2175 212 2258 etiam,
241 2175 268 2237 si
297 2172 440 2238 diversas
468 2178 623 2255 personas
651 2195 754 2257 ponas
783 2173 917 2237 eandem
944 2174 1102 2260 pecuniam

100 2284 179 2345 pure
204 2268 236 2326 et
259 2261 318 2326 sub
344 2261 531 2326 condicione
554 2261 698 2326 novandi
720 2262 830 2326 animo
853 2263 1051 2347 promisisse.

190 2351 263 2417 103.
287 2349 357 2415 Gai.
371 2348 402 2432 3,
416 2350 468 2415 91.
489 2386 530 2395 —
551 2350 727 2434 ..quidam
746 2355 863 2433 putent
881 2351 1042 2436 pupillum
1056 2351 1101 2413 aut

100 2439 267 2503 mulierem
291 2439 342 2503 oui
366 2439 434 2502 siue
452 2437 572 2503 tutoris
593 2440 787 2504 auctoritate
805 2461 872 2503 non
892 2438 1036 2505 debitum
1054 2458 1100 2521 per

100 2547 239 2591 errorem
265 2528 376 2591 datum
395 2531 453 2611 est,
477 2549 543 2591 non
562 2529 664 2591 teneri
684 2527 896 2613 condictione,
920 2550 986 2594 non
1007 2524 1098 2611 magis

99 2636 196 2697 quam
221 2615 325 2679 mutui
349 2615 488 2681 datione.

387 2792 617 2857 nevernorum
639 2793 827 2876 oblipotloue.

189 2915 261 2978 104.
286 2913 325 2978 D.
340 2916 392 2999 45,
409 2919 437 2997 1,
454 2917 566 3001 141,4
599 2915 699 2981 Gaius
721 2917 804 2982 libro
824 2918 965 2982 seeundo
984 2918 1022 2982 de
1035 2914 1097 2980 Ver·

99 3002 212 3066 borum
234 3001 506 3086 Obligationibus.
524 3042 562 3051 -
585 3002 619 3069 Si
638 3005 723 3069 inter
743 3027 798 3071 eos
818 3007 874 3088 qui
889 3005 1012 3071 Romae
1029 3008 1097 3080 sunl,

98 3091 173 3154 talis
201 3091 259 3154 fiat
288 3094 454 3175 stipulatio
479 3093 587 3158 ‘hodie
611 3091 811 3178 Carthagine
834 3094 907 3158 dari
933 3088 1096 3180 spondes'?‚

98 3180 229 3262 quidam
248 3184 365 3265 putant
387 3201 452 3246 uon
473 3204 598 3265 semper
615 3182 717 3246 videri
730 3183 968 3266 impossibilem
983 3199 1095 3249 oausam

98 3268 304 3350 stipulationi
332 3270 503 3352 contineri,
529 3273 605 3355 quia
628 3271 734 3354 possit
756 3271 960 3357 contingere,
986 3276 1020 3335 ut
1041 3275 1095 3334 tan

100 3356 274 3438 stipulator
302 3380 398 3441 quam
428 3359 607 3442 promissor
634 3363 710 3424 ante
739 3359 872 3445 aliquod
898 3365 1024 3446 tempus
1050 3375 1094 3421 suo

97 3446 233 3528 quisque
257 3446 471 3529 dispensatori
495 3453 608 3512 notum
632 3447 744 3512 feeerit
767 3448 801 3512 in
825 3470 900 3514 eum
920 3450 1004 3514 diem
1023 3446 1093 3511 futu-

96 3552 166 3595 rum
196 3534 437 3620 stipulationem
467 3558 504 3600 ao
528 3536 755 3601 demandasset
778 3539 960 3621 promissor
982 3535 1092 3621 quidem
