2438 3930
144 185 212 248 554
513 179 789 238 suerranum.

144 368 221 412 suae
257 344 444 423 bracehium
482 347 539 410 aut
574 343 688 428 pedem
720 343 862 408 alienum
895 343 1074 430 adiecerit,
1111 348 1161 412 aut

144 434 266 520 scypho
300 457 412 498 ansam
440 433 491 497 vel
519 432 653 497 fundum
660 482 669 517 ,
701 433 754 496 vel
786 432 985 499 candelabro
1021 435 1160 521 sigillum

144 526 201 588 aut
233 544 363 588 mensae
395 521 523 606 pedem,
559 520 723 586 dominum
756 521 823 585 eius
856 523 960 586 totius
995 524 1045 588 rei
1080 524 1161 589 effici

143 633 281 696 vereque
314 614 455 676 statuam
488 632 580 675 suam
612 611 773 676 dicturum
807 612 840 674 et
872 610 1033 696 scyphum
1067 612 1159 697 pleri·

144 723 206 786 que
231 750 260 764 ..
284 700 406 764 dieunt.

233 803 269 862 cf.
290 823 319 879 p.
335 803 385 863 65.

235 904 307 969 121.
334 902 373 968 D.
389 903 423 985 6,
439 902 520 986 1,5‚
540 905 569 968 1.
610 900 770 986 Ulpianus
797 902 882 966 libro
911 906 1005 968 sexto
1034 903 1155 970 decimo

144 993 184 1058 ad
212 993 362 1058 edictum.
385 1027 428 1038 —
456 990 546 1055 Idem
576 989 632 1076 (se.
660 989 873 1076 Pomponius)
901 991 1032 1075 scribit,
1068 994 1096 1058 si
1123 1015 1157 1057 ex

144 1081 238 1146 melle
271 1101 356 1162 meo,
390 1080 464 1144 vino
496 1082 554 1144 tuo
585 1079 707 1144 foetum
740 1080 783 1144 sit
812 1080 967 1163 mulsum,
1001 1082 1155 1166 quosdam

143 1169 346 1234 existimasse
368 1167 401 1232 id
426 1217 456 1233 ..
479 1168 719 1233 communicari.

234 1258 306 1322 122.
334 1256 372 1321 D.
391 1257 445 1341 41,
465 1258 494 1340 1,
513 1257 543 1336 l,
562 1257 590 1322 7.
632 1255 731 1321 Gaius
760 1256 844 1320 libro
868 1255 1010 1322 secundo
1034 1257 1153 1324 Rerum

144 1344 404 1412 cottidianarum
429 1344 495 1408 sive
519 1344 711 1410 Aorsorum.
737 1381 775 1391 -
800 1343 863 1410 Est
890 1346 1060 1411 ..media
1091 1369 1155 1412 sen·

143 1436 294 1499 tentia..
313 1432 577 1518 existimantium,
596 1434 624 1498 si
643 1433 765 1517 species
785 1432 825 1497 ad
843 1434 1018 1499 materiam
1039 1435 1155 1501 reverti

142 1524 257 1607 possit,
279 1521 386 1586 verius
405 1543 483 1604 esse,
503 1523 587 1605 quod
608 1521 748 1586 Sabinus
767 1525 800 1586 et
819 1519 951 1587 Cassius
970 1529 1154 1608 senserunt;

143 1611 171 1675 si
192 1631 257 1674 non
278 1611 382 1692 possit
400 1612 526 1691 reverti,
549 1610 656 1675 verius
675 1632 754 1695 esse,
774 1611 858 1694 quod
876 1608 1007 1676 Nervae
1027 1618 1061 1677 et
1081 1612 1153 1678 Pro·

143 1699 214 1764 culo
246 1699 376 1782 placuit.
423 1699 631 1764 ..videntur
661 1704 770 1764 tamen
798 1698 879 1763 mihi
906 1703 995 1765 recte
1026 1702 1153 1786 quidam

143 1786 262 1852 dixisse
292 1808 358 1851 non
388 1788 501 1852 debere
535 1787 676 1852 dubitari
709 1787 787 1872 quin
819 1786 933 1852 alienis
972 1789 1074 1872 spicis
1107 1813 1155 1855 ex·

142 1897 271 1941 cussum
298 1875 495 1941 frumentum
524 1876 592 1940 eius
621 1876 676 1958 sit,
704 1876 794 1941 ouius
822 1879 854 1940 et
882 1876 991 1960 spicae
1015 1878 1153 1944 fuerunt

233 1965 305 2030 123.
329 1964 354 2029 Ι.
368 1966 398 2049 2,
412 1969 438 2048 l,
448 1966 500 2030 34.
513 2001 555 2011 -
574 1963 608 2030 Si
623 1966 694 2048 quis
709 1965 743 2029 in
758 1964 862 2028 aliena
875 1965 989 2030 tabula
1003 1968 1154 2051 pinxerit,

142 2054 272 2138 quidam
299 2059 416 2137 putant
438 2054 584 2119 tabulam
606 2056 751 2137 picturae
775 2052 900 2136 cedere,
927 2054 1004 2118 aliis
1030 2058 1155 2122 videtur

141 2143 310 2226 picturam,
335 2141 576 2226 qualiscumque
599 2142 652 2227 sit,
675 2143 806 2207 tabulae
829 2142 949 2207 cedere.

231 2255 266 2314 ef.
291 2253 355 2313 as.
385 2253 425 2330 Π,
445 2256 495 2312 rs.

369 2407 419 2473 De
442 2408 630 2490 adquirendo
651 2428 756 2471 rerum
778 2408 923 2473 dominio.

232 2533 305 2596 124.
329 2530 398 2595 Gai.
413 2532 528 2610 3,166.
543 2567 585 2577 -
600 2581 608 2595 .
623 2581 630 2594 .
649 2531 705 2614 qui
724 2533 842 2596 nudum
861 2532 911 2595 ius
928 2531 1108 2607 Quiritium
1125 2536 1157 2599 in

142 2641 234 2684 servo
263 2620 375 2701 habet,
399 2621 475 2685 licet
499 2619 647 2684 dominus
672 2620 728 2703 sit,
752 2621 859 2685 minus
882 2624 994 2686 tamen
1018 2624 1102 2687 iuris
1124 2625 1157 2687 in

142 2730 180 2773 ea
198 2729 232 2771 re
252 2707 371 2772 habere
390 2708 587 2793 intelligitur
606 2730 702 2792 quarn
721 2708 978 2774 usufructuam'us
999 2715 1033 2774 et
1053 2713 1156 2776 bonae

140 2796 217 2859 fidei
242 2817 419 2880 possessor.
456 2820 532 2862 nam
555 2797 662 2881 placet
684 2818 723 2860 ex
743 2799 833 2862 nulla
856 2819 955 2861 causa
978 2799 1009 2862 ei
1030 2799 1157 2885 adquiri

141 2905 250 2966 posse,
286 2884 365 2948 adeo
398 2888 435 2950 ut
462 2887 560 2950 etiam
588 2886 780 2950 nominatim
813 2887 841 2950 ei
875 2886 945 2949 dari
978 2887 1156 2971 stipulatus

141 2971 239 3036 fuerit
268 2995 393 3056 servus,
416 2974 616 3056 mancipiove
638 2975 769 3038 nomine
794 2976 861 3038 eius
886 2977 1064 3059 acceperit,
1090 2978 1156 3062 qui·

142 3060 217 3124 dam
241 3061 426 3126 existiment
449 3062 530 3126 nihil
555 3063 583 3125 ei
607 3063 741 3147 adquiri.
1056 3149 1065 3190 κ

390 3231 439 3295 De
455 3232 644 3312 possessione
666 3236 696 3295 et
716 3233 909 3314 usucapione.

231 3354 303 3419 125.
326 3352 364 3417 D.
379 3355 432 3437 41,
446 3356 476 3436 2,
490 3355 519 3436 3,
536 3355 587 3419 16.
620 3353 739 3420 Paulus
757 3356 840 3420 libro
861 3357 1156 3443 quinquagensimo

140 3449 257 3526 quarto
281 3443 320 3506 ad
344 3441 493 3508 edictum.
520 3480 557 3488 —
580 3441 717 3517 Quidam
738 3498 744 3510 .
762 3494 771 3512 .
790 3450 906 3528 putant
927 3447 1095 3512 columbas
1114 3498 1122 3514 .
1140 3496 1155 3528 .,

138 3552 221 3616 quae
255 3532 295 3596 ab
328 3530 481 3597 aedificiis
509 3533 627 3601 nostris
651 3533 773 3618 volant,
798 3534 877 3597 item
902 3557 988 3618 spes,
1012 3558 1095 3620 quae
1118 3558 1155 3601 ex
