2430 3944
172 191 206 245 IL
225 191 465 247 INCERTORUM
484 191 715 247 SENTENTIAU
734 192 781 246 UT
800 192 908 247 LIBRI.
980 194 1045 260 559

81 356 263 458 ignorante
230 354 471 420 tadversario
495 354 712 420 constituitur.
758 357 834 440 quin
853 362 886 421 et
872 358 951 423 tiam
971 363 1048 425 sunt

76 444 90 508 i
113 447 231 528 putant
255 466 328 508 eum
352 465 479 528 quoque
506 447 658 526 procurat
660 465 749 508 orem
772 445 881 530 videri,
905 448 956 512 cui
979 470 1046 514 non

76 531 230 597 mandat
215 536 294 617 tum,
318 533 347 596 si
366 532 461 597 modo
480 531 647 597 bonafide
667 532 799 598 accedat
817 533 858 599 ad
876 537 1046 621 negotium

90 624 203 686 caveat
225 625 331 686 ratam
354 643 422 685 rem
446 620 612 686 dominum
635 620 833 688 habiturum.

124 736 196 801 151.
243 736 282 801 D.
306 736 335 815 3,
359 738 390 821 3,
415 739 441 801 1.
487 735 647 820 Ulpianus
679 736 764 801 libro
785 758 873 802 nono
897 737 938 803 ad
962 739 1045 806 edic-

76 847 111 890 ιι.
133 861 170 871 -
216 826 412 910 ..quamvis
432 825 571 910 quidam,
590 827 628 890 ut
641 825 885 908 Pomponius„
896 827 1046 913 ,scribit

76 937 96 978 n
126 873 243 998 putent
269 912 365 978 unius
393 915 441 978 rei
464 914 596 978 mandat
582 918 651 978 tum
675 914 905 1007 suscipientem
930 879 1046 1000 procui

76 1007 176 1067 torem
195 1024 274 1086 esse,
292 1002 386 1068 sicuti
404 1024 445 1067 nc
459 1003 488 1066 is
506 1002 646 1087 quidem,
666 1025 722 1086 qur
740 1024 809 1067 rem
822 1004 1046 1088 perferendam

76 1091 83 1154 l
107 1090 282 1174 epistulam
305 1091 356 1157 vel
378 1091 529 1156 nuntium
553 1091 777 1174 perferendum
797 1092 948 1212 suscepit,
973 1116 1045 1177 pro·

76 1179 100 1243 ie
124 1179 316 1263 appellatur.

269 1357 358 1438 Quod
379 1362 476 1423 meas
498 1338 730 1440 moropaulum
751 1358 816 1423 erit.

123 1481 196 1546 152.
232 1480 272 1545 D.
295 1482 328 1566 4,
345 1481 375 1564 2,
394 1481 424 1563 9,
443 1482 473 1546 2.
519 1480 678 1564 Ulpianus
701 1481 786 1547 libro
810 1481 981 1548 undecimo
1004 1484 1044 1548 ad
1087 1549 1088 1552 ,

76 1570 183 1635 ictum.
202 1606 247 1618 -
266 1619 317 1635 ...
340 1569 539 1653 Pomponius
564 1569 677 1634 scribit
699 1570 855 1654 quosdam
875 1620 905 1636 ..
929 1576 1044 1657 putare

78 1680 132 1723 am
155 1659 239 1722 servi
262 1659 550 1722 manumissionem
568 1658 618 1721 vel
642 1657 780 1723 aedificii
799 1660 1048 1742 depositionem,

75 1748 222 1832 nmquis
245 1749 377 1812 coactus
395 1746 482 1829 fecit,
506 1746 546 1810 ad
566 1746 805 1811 restitutionem
827 1747 923 1811 huius
948 1749 1044 1813 edicti

76 1836 261 1920 rrigeudam
287 1857 364 1901 esse.

123 1940 197 2006 153.
244 1941 283 2008 D.
313 1943 344 2025 4,
370 1942 401 2023 2,
430 1943 481 2022 14,
508 1939 539 2005 5.
584 1938 744 2024 Ulpianus
768 1940 852 2006 libro
874 1941 1045 2008 undecimo

97 2031 247 2095 edictum.
268 2067 306 2076 -
333 2081 362 2095 ..
382 2031 511 2114 quidam
535 2033 652 2114 putant
675 2029 842 2094 bonafide
865 2034 1043 2113 emptorem

98 2121 218 2204 ecqui
244 2141 313 2183 rem
340 2118 451 2183 intulit
478 2121 717 2203 comparantem
748 2141 812 2184 non
850 2118 953 2183 teneri
984 2140 1043 2183 nec

76 2231 105 2272 nr
131 2209 186 2292 qui
210 2208 294 2273 dono
319 2207 442 2290 accepit
464 2208 516 2271 vel
540 2207 666 2272 coires
689 2207 799 2292 legata
822 2210 881 2272 est.

121 2338 156 2397 cf.
180 2357 208 2413 p.
233 2337 306 2396 241.

413 2445 463 2511 De
484 2447 552 2511 dolo
574 2447 666 2511 molo.

124 2569 195 2635 154
241 2570 280 2635 D.
303 2572 335 2654 4,
357 2570 387 2654 3,
412 2569 463 2654 18,
481 2570 510 2635 5.
556 2569 676 2634 Paulus
703 2569 788 2633 libro
810 2568 979 2633 undecimo
1003 2570 1044 2635 ad

76 2661 181 2724 ictum.
212 2695 254 2706 -—
288 2657 323 2723 Si
356 2681 499 2741 servum,
535 2680 629 2744 quem
659 2663 695 2722 tu
728 2657 807 2722 mihi
838 2660 1044 2743 promiseras,

76 2771 116 2813 us
140 2746 304 2833 occiderit,
327 2748 366 2812 de
388 2747 462 2812 dolo
486 2748 574 2812 malo
596 2748 755 2812 actionem
774 2744 900 2830 (mihi)
917 2748 951 2811 in
970 2769 1043 2812 eum

74 2837 172 2901 udam
192 2836 338 2921 plerique
357 2887 363 2901 .
380 2889 386 2901 .
405 2840 532 2921 putant,
556 2836 632 2920 quia
649 2843 686 2900 tn
704 2856 724 2898 a
742 2857 793 2900 me
813 2834 970 2901 liberatus
989 2837 1044 2902 sis.

368 3030 419 3096 De
440 3032 537 3113 capite
559 3031 697 3096 minutia.

126 3155 198 3222 155.
244 3154 283 3220 D.
312 3155 363 3238 15,
393 3158 421 3236 1,
448 3155 500 3218 42.
550 3153 641 3219 Idem
669 3153 726 3240 (sc.
757 3153 931 3238 Ulpianus)
960 3153 1042 3218 libro

77 3244 221 3310 odecimo
245 3246 285 3308 ad
309 3245 457 3309 edictum.
480 3279 523 3290 —
546 3242 585 3306 In
610 3243 835 3328 adrogatorem
855 3243 893 3305 de
915 3242 1043 3325 peculio

76 3335 194 3398 tionem
218 3333 355 3398 dandam
378 3332 511 3416 quidam
608 3337 731 3416 putant

122 3457 271 3541 ‘quamvis
295 3461 423 3521 Sabinus
446 3463 478 3520 ot
501 3458 620 3521 Cassius
649 3481 685 3520 ex
708 3464 777 3520 ante
809 3461 894 3536 gesto
927 3460 963 3518 do
990 3480 1041 3535 pe-

76 3553 113 3612 lio
138 3552 285 3612 actionem
307 3570 367 3610 non
390 3568 455 3610 esso
478 3549 606 3610 dandam
629 3541 820 3610 existiment'.
