2430 3944
157 208 221 273 180
236 207 283 264 III.
294 206 370 262 GAII
379 205 526 263 CLAUDII
534 203 671 261 Nason.
681 203 824 261 anuum
834 203 943 262 rnMP.
952 203 1052 261 lours
1062 203 1163 262 CONS.

515 367 567 434 De
588 369 657 432 iure
678 368 804 434 dotium

244 475 308 542 21?
344 474 384 541 D.
403 475 456 559 23,
475 475 505 559 3,
522 474 624 559 48pr‘.
677 473 767 539 Idem
801 471 859 561 (sc.
885 471 1047 560 Iulianus)
1079 475 1165 541 libro

151 566 294 632 secundo
319 564 358 629 ad
383 561 535 629 Urseium
557 562 711 628 Ferocem
733 560 783 650 (P.
803 559 893 650 892).
916 598 959 609 -
982 563 1057 628 Tali
1080 564 1166 629 facta

152 653 359 738 stipulatione
397 652 518 718 ‘decem
549 653 585 716 in
618 673 702 716 anno
734 651 882 736 proximo
915 651 1000 716 dotis
1034 653 1166 718 nominc

151 745 226 808 dare
251 740 425 827 spondes?
463 740 647 825 quaesitum
672 743 730 824 est,
753 762 857 805 annus
878 762 918 806 ex
936 762 1001 825 quo
1019 742 1167 826 tempore

153 836 239 896 esset
272 829 500 911 numerandus,
532 833 641 894 utrum
668 849 708 892 ex
735 828 786 893 die
814 829 1035 913 stipulationis
1062 829 1168 896 factae

154 941 198 985 an
217 940 311 984 exeo
331 919 390 1002 die,
409 939 472 1002 quo
486 918 544 983 dos
564 939 634 983 esse
647 917 809 1001 potuisset
827 915 939 1002 [idest
956 917 1169 1002 nuptiarum].

153 1013 187 1073 et
210 1029 400 1091 responsum
424 1011 475 1071 est
495 1027 534 1071 ax
552 1007 603 1071 die
621 1005 810 1090 nuptiarum
828 1028 948 1072 aunum
967 1027 1038 1072 esse
1056 1029 1168 1072 nume·

152 1096 304 1179 randum,
330 1115 386 1178 ne,
414 1095 443 1160 si
470 1094 565 1160 aliter
593 1095 852 1175 observaremus,
880 1095 909 1159 si
935 1095 1024 1160 intra
1047 1117 1168 1160 annum

151 1185 286 1269 nuptiae
309 1184 415 1248 factae
437 1205 504 1248 nou
527 1183 606 1267 sint,
629 1182 731 1248 videri
753 1184 859 1268 possit
882 1183 941 1248 dos
964 1205 1004 1249 ex
1026 1205 1065 1249 ea
1088 1184 1168 1249 obli·

153 1273 286 1358 gatione
311 1272 428 1337 deberi

245 1362 297 1428 22.
325 1359 407 1425 Ibid.
431 1362 495 1441 §L
510 1395 552 1409 -·
570 1357 667 1425 Socer
690 1379 810 1442 genero
834 1381 893 1426 sno
918 1360 964 1426 sic
987 1361 1168 1445 legaverat:

155 1450 268 1515 ‘Lucio
295 1449 383 1513 Titio
412 1448 498 1515 filiae
526 1469 616 1514 meae
643 1448 774 1514 nomine
801 1452 929 1515 centum
957 1448 1051 1515 heres
1078 1472 1170 1516 meus

154 1539 289 1603 damnas
320 1541 390 1602 esto
421 1536 519 1603 dare’.
568 1536 652 1602 hanc
681 1537 851 1620 pecuniam
878 1558 1033 1622 generum
1060 1542 1171 1625 petere

156 1627 271 1690 debere
301 1626 532 1710 exactam<que
560 1626 601 1690 ab
630 1625 692 1709 eo>
715 1632 881 1710 acceptam
904 1625 1023 1710 legatis
1046 1626 1170 1709 referri,

156 1714 212 1780 sed
241 1714 345 1779 nihilo
373 1715 479 1779 minus
508 1713 593 1779 dotis
622 1735 693 1778 esse
717 1713 839 1779 factam
862 1717 896 1779 et
918 1714 1058 1780 divortio
1083 1714 1170 1780 facto

154 1805 203 1869 rei
234 1801 381 1868 acoriacl
409 1804 534 1868 actione
561 1802 688 1867 mulieri
717 1803 911 1868 reddendam
938 1801 1095 1869 Proculus
1123 1826 1170 1868 re-

155 1890 315 1958 sondit'.

172 1915 193 1976 p
247 1980 300 2046 23.
322 1978 362 2044 D.
377 1979 428 2063 23,
442 1980 473 2065 4,
489 1979 540 2045 22.
567 1978 658 2043 Idem
673 1979 731 2065 (sc.
745 1975 908 2067 Iulianus)
925 1980 1011 2045 libro
1030 1983 1170 2046 secundo

158 2069 199 2134 ad
232 2065 383 2134 Urseium
411 2067 565 2133 Ferocem
597 2064 646 2154 (P.
667 2066 756 2154 893).
790 2104 828 2115 -
862 2067 1001 2144 Quidam
1032 2068 1170 2135 fundum

159 2157 242 2222 dotis
266 2179 364 2222 causa
387 2157 427 2221 ab
451 2178 547 2221 uxore
571 2178 630 2221 sua
653 2160 821 2241 acceperat
842 2157 991 2243 interque
1015 2179 1071 2222 eos
1095 2180 1171 2225 oon-

158 2250 299 2329 venerat,
317 2249 355 2310 ut
372 2245 534 2310 mercedes
555 2246 622 2309 eius
640 2243 733 2309 fundi
751 2244 801 2310 vir
819 2247 911 2310 uxori
927 2247 1026 2310 annui
1039 2248 1170 2312 nomine

158 2335 258 2399 daret.
303 2334 416 2398 deinde
445 2355 518 2398 eum
544 2333 680 2398 fundum
708 2333 758 2398 vir
786 2335 883 2399 matri
911 2335 1057 2399 mulieris
1082 2340 1170 2401 certa

157 2421 1170 2579 {tritt{llnllttssttllttttttttdlssttt

157 2599 335 2684 reliquerat
357 2562 587 2662 et'divortinm
609 2598 732 2664 factum
755 2604 834 2665 erat
877 2600 926 2664 vir
949 2600 1064 2666 deinde
1083 2605 1170 2685 pete·

158 2689 218 2752 bat
241 2709 260 2751 a
281 2687 413 2751 muliere
432 2687 603 2771 mercedes,
627 2709 706 2772 quas
725 2691 829 2752 mater
847 2688 1011 2754 debuerat.
1048 2691 1171 2774 placuit

160 2776 380 2859 exceptionem
409 2774 536 2858 mulieri
563 2776 634 2840 dari
660 2799 726 2841 non
750 2776 874 2859 debere,
902 2776 952 2842 ‘ac
976 2779 1004 2842 si
1025 2777 1116 2843 inter
1139 2801 1171 2844 se

161 2869 194 2928 et
221 2865 326 2928 virurn
353 2883 420 2928 non
446 2865 665 2949 convenisset,
692 2870 729 2929 ut
756 2864 819 2930 hae
841 2866 1003 2931 mercedes
1028 2867 1093 2932 sibi
1117 2868 1172 2933 ali·

162 2955 346 3017 mentorum
381 2953 511 3018 nomine
547 2951 724 3038 darentur'‚
761 2975 833 3018 oum
864 2954 1010 3019 futurum
1043 2956 1100 3041 sit,
1136 2963 1171 3021 ut

161 3040 398 3125 quodammodo
426 3042 618 3107 donationes
646 3043 732 3107 inter
759 3042 865 3107 virum
888 3046 921 3108 et
943 3065 1077 3109 uxorem
1102 3067 1172 3110 con·

160 3131 337 3282 {mentun
373 3152 451 3195 nam
475 3130 560 3215 quod
583 3132 683 3196 annui
705 3131 836 3213 nomine
855 3131 961 3217 datur,
979 3134 1102 3216 species
1124 3138 1172 3199 est

185 3219 357 3284 ouationis.
1210 3223 1213 3232 '

234 3362 249 3481 2
269 3356 513 3483 Ξῗξοέοέεοτῌο
527 3427 603 3484 facto
618 3429 653 3483 de
668 3430 734 3484 dote
749 3429 860 3484 actione
875 3428 987 3484 mulieri
1000 3431 1173 3487 reddendam

162 3499 296 3554 Proculus
315 3498 460 3568 respondit
478 3500 508 3553 et
525 3498 615 3556 nihilo
634 3498 726 3554 minus
746 3500 820 3556 dotis
834 3518 894 3556 esse
909 3501 1022 3557 factam.
1055 3506 1174 3560 corrccit

162 3571 287 3640 Iherirry.
