2430 3944
142 186 207 251 508
513 183 791 240 ADDITAMENTA.

143 351 242 428 mitti,
262 371 333 415 cum
349 352 484 432 uterque
498 348 585 412 filius
600 347 668 412 eius
682 347 716 411 in
735 347 842 432 prima
857 351 964 412 aetate
980 349 1159 431 decesserit,

146 439 369 592 diodoliiium
389 437 563 502 decedente
580 436 655 501 ilico
676 437 873 502 substitutus
892 437 1012 501 ineius
1035 441 1159 522 partem

238 631 274 689 cf.
297 629 328 688 Π
352 632 368 688 1
393 650 422 705 p.
447 630 520 688 425.

235 733 265 797 8.
294 729 327 796 Ο.
358 731 387 813 6,
411 731 463 812 29,
488 733 508 796 3
536 729 750 816 (Iustinianus
774 753 802 795 a.
826 727 916 815 530).
948 767 987 777 -
1101 752 1160 795 cer·

145 823 254 885 tatum
287 823 337 883 est
370 818 456 901 apud
489 824 612 883 veteres
742 842 814 885 cum
851 819 952 904 igitur
984 818 1013 883 is
1046 820 1101 903 qui
1130 820 1158 882 in

145 914 257 973 ventre
286 908 479 993 portabatur
501 907 698 993 praeteritus
721 908 836 987 fuerat,
864 907 919 991 qui
944 908 972 971 si
997 907 1038 972 ad
1061 909 1159 973 lucem

147 997 266 1060 suisset
295 996 454 1074 redactus,
482 1018 558 1060 suus
592 996 685 1060 heres
709 996 797 1082 patri
829 997 997 1080 existeret,
1034 997 1065 1061 si
1100 1019 1158 1061 nou

145 1085 228 1150 alius
250 1107 324 1150 eum
340 1085 544 1150 antecederet
563 1089 596 1149 et
608 1085 770 1151 nascendo
785 1088 915 1168 ruptum
930 1089 1159 1150 testamentum

146 1173 297 1258 faciebat,
321 1174 350 1238 si
372 1178 543 1258 postumus
562 1174 596 1237 in
616 1174 702 1238 hunc
721 1174 851 1257 quidem
866 1173 979 1238 orbem
995 1174 1158 1240 devolutus

146 1273 204 1345 est,
234 1285 311 1327 voce
342 1267 451 1326 autem
479 1284 545 1327 non
573 1263 692 1327 emissa
721 1264 761 1328 ab
790 1263 851 1326 hae
880 1263 951 1327 luce
975 1264 1158 1329 subtractus

146 1355 205 1434 est,
229 1352 450 1435 dubitabatur,
477 1350 505 1414 si
528 1351 557 1415 is
580 1356 751 1435 postumus
775 1357 907 1435 ruptum
932 1352 1040 1416 facere
1065 1355 1159 1416 testa·

144 1445 290 1505 mentum
321 1443 439 1524 potest.
466 1444 594 1504 veteres
622 1441 721 1505 animi
749 1440 874 1505 turbati
902 1445 990 1522 sunt,
1018 1440 1098 1525 quid
1126 1439 1159 1504 de

144 1532 280 1612 paterno
305 1528 411 1611 elogio
435 1527 641 1593 statuendum
665 1528 717 1593 sit.

235 1630 271 1690 of.
294 1630 326 1688 II
352 1632 368 1689 1
393 1651 422 1707 p.
446 1633 521 1691 426.

235 1733 265 1797 9.
289 1729 323 1796 O.
348 1732 378 1810 6,
408 1733 460 1814 29,
483 1733 506 1796 4
534 1731 749 1811 (Iustinianus
773 1755 801 1798 a.
824 1729 912 1819 530).
942 1770 985 1780 —
1016 1733 1160 1814 Quidam,

146 1845 219 1887 oum
233 1826 466 1886 testamentum
481 1821 631 1904 faciebat,
649 1821 700 1885 his
715 1821 823 1887 verbis
842 1844 919 1886 usus
935 1825 1000 1887 est:
1020 1822 1061 1887 ‘si
1079 1822 1160 1886 filius

144 1912 197 1977 vel
219 1911 289 1975 filia
311 1910 398 1974 intra
423 1910 532 1973 decem
560 1932 729 1975 mensuum
753 1910 892 1994 spatium
921 1918 999 1995 post
1027 1915 1161 1976 mortem

146 2022 252 2065 meam
275 1999 398 2062 fuerint
418 1999 505 2080 editi,
524 1998 656 2062 heredes
676 1999 783 2064 sunto'
808 2000 858 2063 vel
883 1999 931 2064 ita
950 1999 1048 2064 dixit:
1069 1999 1160 2063 ‘filius

145 2090 197 2154 vel
234 2089 310 2169 filia,
349 2087 404 2171 qui
437 2088 524 2151 intra
561 2109 686 2151 menses
721 2089 886 2172 proximos
919 2090 1039 2153 mortis
1079 2109 1161 2153 meae

146 2182 334 2255 nascentur,
370 2176 504 2240 heredes
544 2176 661 2239 sunto’.
708 2177 849 2261 iurgium
888 2178 1033 2260 antiquis
1072 2179 1161 2242 inter-

146 2266 367 2350 pretatoribus
402 2266 511 2350 legum
542 2269 688 2328 exortum
722 2272 784 2342 est,
822 2288 864 2330 an
897 2266 1086 2350 videantur,
1117 2265 1162 2348 <si

145 2357 220 2420 vivo
245 2358 401 2418 testatore
424 2353 632 2437 nascuntur>,
655 2376 720 2418 non
740 2355 899 2419 contineri
917 2359 1116 2420 testamento
1134 2357 1162 2417 et

146 2444 208 2509 hoc
232 2447 362 2525 ruptum
386 2443 500 2507 facere.

237 2532 289 2597 10.
312 2530 380 2595 Gai.
404 2532 440 2612 2,
463 2530 515 2596 55.
540 2568 580 2577 -
606 2580 636 2597 ..
660 2531 832 2596 voluerunt
855 2534 979 2595 veteres
1005 2532 1160 2598 maturius

147 2621 343 2685 hereditates
358 2619 448 2701 adiri,
468 2625 505 2683 ut
527 2627 635 2684 essent
654 2621 709 2704 qui
725 2642 816 2684 sacra
830 2619 974 2685 facerent
1000 2672 1052 2687 ...
1077 2626 1109 2686 et
1150 2624 1162 2682 t

148 2709 323 2775 creditores
347 2709 515 2791 haberent,
538 2730 557 2771 a
581 2731 644 2793 quo
669 2731 764 2773 suum
788 2715 1075 2794 consequerentur.

455 2867 504 2932 De
528 2868 671 2951 lectitatis
693 2868 859 2933 heredibus.

240 2986 290 3048 11.
323 2982 362 3047 D.
387 2982 419 3065 5,
440 2984 471 3063 4,
494 2984 574 3066 3pr.
619 2982 738 3048 Paulus
767 2985 849 3049 libro
879 2986 1024 3068 septimo
1054 2986 1158 3050 deoiuo

148 3074 189 3138 ad
204 3073 376 3138 Plautium.
392 3108 436 3116 —
451 3073 587 3155 Antiqui
607 3073 709 3136 libero
729 3076 835 3138 ventri
854 3073 902 3137 ita
921 3078 1158 3159 prospexerunt,

148 3165 185 3228 ut
213 3163 246 3227 in
275 3165 403 3244 tempus
432 3161 584 3224 nascendi
612 3162 721 3225 omnia
749 3162 778 3227 ei
806 3161 878 3226 iura
903 3162 1037 3248 integra
1068 3183 1159 3228 rescr-

147 3255 269 3317 varent.

561 3338 611 3403 De
634 3339 749 3423 bootis.

240 3457 289 3519 12.
322 3455 360 3519 D.
385 3454 437 3535 35,
468 3457 497 3537 2,
532 3455 560 3531 1,
593 3454 622 3519 9.
655 3454 774 3520 Paulus
807 3456 893 3520 libro
927 3456 1087 3542 singulari
1122 3451 1153 3518 ad

144 3544 252 3630 tegern
287 3543 473 3610 Falcidiam.
505 3579 542 3590 -
575 3540 609 3605 Si
636 3566 713 3607 usus
737 3545 860 3609 fructus
884 3545 1013 3630 legatus
1037 3545 1088 3629 sit,
1109 3539 1152 3624 qui
