2430 3944
175 160 233 223 JXX

176 329 235 398 illa
261 329 354 389 verba
381 327 512 404 prudens
541 327 678 405 dixisset,
652 328 739 398 tc
762 327 877 387 Mucius
901 328 1002 388 aiebat
1025 327 1141 404 expiari
1164 333 1200 389 ut

180 417 308 494 impium
330 436 391 476 non
413 435 500 493 posse
524 408 554 498 (I
577 437 605 492 p
626 409 712 498 57).

269 506 469 584 Pomponium
491 509 624 584 quoque,
641 525 708 580 cum
731 505 805 564 iuris
829 505 956 564 Romani
979 505 1125 584 originem
1148 527 1199 566 ex-

177 595 292 671 plicare
316 595 373 654 sibi
396 596 615 672 proposuisset,
640 597 677 654 ut
700 596 813 653 ceteros
837 595 1006 654 sacerdotes
1030 596 1201 673 neglegam,

175 687 262 744 ,certe
286 685 321 744 de
345 684 537 760 pontificibus
562 702 623 742 non
646 682 743 742 dicere
767 702 827 742 non
849 682 992 760 potuisse,
1007 683 1200 744 ,Tritoniano

178 791 253 835 uero
272 773 328 833 hoo
346 773 504 848 Pomponii
522 776 613 848 caput
632 771 832 831 omittendum
850 772 943 831 fuisse
961 772 1066 851 negari
1083 773 1200 847 nequit.

179 862 281 939 itaque
295 862 328 920 in
342 860 369 937 ξ’
379 864 418 930 13
435 863 507 920 haee
522 862 585 920 fere
599 860 799 936 Pomponium
814 861 968 938 scripsisse
983 880 1100 921 censeo:
1118 856 1201 922 ‘con-

180 969 309 1028 sequens
332 954 387 1027 est,
410 953 445 1010 ut
463 943 570 1030 <tam>
592 950 627 1008 de
651 950 887 1027 magistrausum
909 944 1022 1027 <quam
1045 950 1081 1009 de
1101 968 1200 1010 sacer-

179 1039 296 1100 dotium
324 1032 535 1117 publicorum>
558 1037 729 1098 nominibus
758 1041 789 1098 et
817 1039 933 1114 origine
962 1033 1199 1116 cognoscamus'

268 1127 314 1187 Ac
355 1147 392 1186 ne
428 1127 461 1185 in
497 1127 638 1186 mutilato
676 1126 797 1204 quidem
833 1127 993 1204 Pomponii
1016 1129 1200 1206 ,fragmento

179 1218 287 1275 harum
316 1236 417 1275 rerum
439 1217 570 1294 vestigia
593 1217 713 1276 desunt:
741 1235 812 1275 nam
835 1219 867 1275 et
889 1218 926 1275 de
949 1217 1076 1294 collegio
1099 1217 1200 1293 ponti-

175 1305 267 1364 ficum
298 1297 333 1387 (ξ
354 1297 388 1386 6)
412 1307 444 1364 et
469 1305 505 1364 de
530 1305 666 1364 maximis
691 1305 808 1364 duobus
831 1305 1023 1381 pontificibus
1047 1309 1083 1364 ut
1109 1305 1200 1364 iuris·

175 1395 325 1454 consultis
349 1394 465 1459 eximiis
491 1394 610 1454 disserit
625 1390 690 1469 ,(§§
706 1396 757 1454 39:
782 1386 848 1474 41).
898 1395 951 1454 sed
975 1394 1054 1471 quod
1076 1394 1202 1453 maximi

178 1482 326 1543 momenti
350 1487 408 1542 est:
433 1483 483 1543 rel
507 1483 594 1543 eiecti
617 1483 700 1541 illius
723 1483 831 1559 capitis
854 1483 1056 1560 fragmentum
1081 1483 1202 1544 videtur

174 1575 282 1631 extare
321 1571 419 1631 alieno
454 1571 520 1631 loco
552 1572 713 1649 insertum,
744 1571 861 1637 scilicet
892 1570 912 1647 ξ
940 1575 973 1633 6:
1006 1564 1074 1650 ‘(ex
1105 1572 1201 1631 isdem

180 1657 232 1736 [sc.
248 1661 367 1738 legibus
381 1660 442 1719 XII
455 1655 645 1735 tabularum]
663 1660 739 1737 legis
754 1660 887 1719 actiones
902 1661 1084 1736 compositae
1104 1652 1201 1742 sunt).

178 1749 336 1809 omnium'
358 1750 480 1814 tamen
498 1743 675 1827 harum(?)
695 1751 731 1808 et
749 1749 1022 1824 interpretandi
1041 1750 1202 1809 scientia

178 1841 214 1896 et
242 1839 405 1898 actiones
434 1838 529 1914 apud
557 1838 996 1914 collegiumspontificum
1020 1842 1139 1912 erant,
1165 1858 1202 1897 ex

177 1927 287 2004 quibus
323 1926 563 1987 constituebatur
596 1927 662 2004 quis
695 1945 812 2005 quoquc
848 1946 926 1986 anno
965 1931 1081 2003 praesto
1119 1930 1202 1988 esset

177 2011 339 2093 privetis’.¹
393 2020 428 2076 ut
464 2035 568 2076 eorum
599 2035 676 2092 qnae
705 2016 767 2074 dixi
792 2035 942 2075 summam
969 2016 1093 2076 faciam:
1122 2018 1200 2076 hanc

178 2097 410 2181 ‘interpretandi
437 2098 605 2165 scientiem'
634 2105 772 2168 stillam
796 2098 880 2165 ‘iuris
906 2105 1003 2166 civilis
1028 2099 1197 2165 scientiam’

176 2193 209 2252 in
237 2195 341 2253 eodem
370 2194 468 2269 capite
497 2194 570 2253 olim
597 2213 616 2252 a
638 2193 803 2269 Pomponio
834 2194 985 2271 expositas
1014 2193 1107 2252 fuisse
1130 2193 1199 2252 veri

178 2283 366 2343 simillimum
380 2289 434 2342 est.
458 2283 562 2360 itaque
580 2281 605 2341 si
619 2282 686 2358 quis
697 2283 853 2358 Pomponii
868 2285 1080 2362 fragmentum,
1098 2282 1202 2359 quoad

177 2370 266 2430 hodie
294 2370 359 2430 fieri
382 2371 491 2447 possit,
519 2370 681 2430 restituere
704 2371 794 2444 volet,
817 2372 845 2430 ei
869 2391 937 2431 cum
961 2391 979 2431 a
999 2371 1073 2432 locis
1097 2391 1115 2430 a
1134 2371 1200 2430 Tri·

177 2459 308 2519 boniano
333 2459 451 2518 omissis
474 2463 540 2518 tum
563 2459 602 2518 ab
622 2459 755 2519 eiusdem
774 2461 988 2520 additamentis
1007 2461 1058 2520 vel
1077 2460 1200 2536 abipso

177 2546 315 2608 confictis
342 2547 391 2607 vel
417 2566 453 2607 ex
476 2549 544 2608 aliis
567 2549 731 2626 fragmenti
753 2549 891 2625 partibus
913 2549 1107 2625 transpositis
1130 2568 1201 2624 pro·

179 2635 372 2695 ficiscendum
386 2637 456 2715 erit,
476 2637 527 2715 qui
546 2637 666 2714 singula
684 2638 777 2698 verba
793 2640 952 2698 emendare
966 2639 1109 2715 studebit,
1129 2657 1200 2697 eum

176 2724 354 2803 plerumque
386 2745 446 2786 non
478 2725 691 2802 Pomponium,
725 2727 777 2786 sed
810 2727 1028 2788 Tritonianum
1061 2727 1202 2786 emenda·

176 2816 280 2874 turum
304 2832 368 2874 esse
391 2814 497 2882 indico.

177 2957 179 2963 ’
245 2966 484 3060 assensuri
506 2991 763 3053 POMPONIANI
787 2993 960 3054 eunoun
983 2992 1136 3057 scurrus

462 3122 464 3129 ,
548 3082 828 3143 tirrannum.

176 3218 178 3223 ·
252 3192 276 3253 L
307 3196 388 3254 De
375 3198 451 3256 curis
473 3189 600 3276 <popuii
622 3194 773 3279 Romani>
796 3199 958 3274 crepiocet
975 3216 1122 3274 processu.

178 3317 182 3320 ’
269 3343 340 3349 —-
362 3311 566 3372 necessarium
593 3308 631 3388 [it
633 3331 707 3391 aque
736 3310 837 3391 nobis]
861 3314 945 3375 videt
932 3318 983 3374 tur
1005 3313 1101 3391 ipsius
1124 3313 1201 3374 iuris

179 3393 272 3476 <nost
272 3395 321 3479 ri>
345 3400 492 3479 originem
516 3403 606 3478 atque
629 3420 803 3477 processum
826 3403 1033 3464 demonstrare
1057 3396 1132 3485 (pr.)

177 3556 184 3590 .·
252 3540 276 3592 1.
297 3534 361 3591 Ocd.
380 3537 523 3605 praeesset
540 3533 667 3606 privatis
