2430 3944
467 170 492 219 a.
511 162 675 218 mmoms
1007 165 1073 234 279,

61 326 108 416 (P.
124 323 217 414 851).
244 363 282 372 -
302 324 347 390 Et
370 327 425 410 qui
449 327 527 390 duas
552 348 643 391 areas
666 326 775 409 habet,
798 326 936 393 alteram
959 330 1075 394 monci

56 413 180 500 pundo¹
203 437 329 480 servam
353 415 447 480 alteri
472 415 598 480 efficere
621 418 738 499 potest.

485 574 536 640 De
558 596 649 657 aquo.

150 682 215 747 16?
238 681 276 747 D.
288 682 317 762 8,
327 683 357 763 3,
368 682 419 747 31.
455 681 599 746 Iulianus
620 682 705 746 libro
725 682 863 747 secundo
884 703 922 745 ex
940 680 1074 748 Minicio

61 770 110 860 (P.
125 767 216 858 852).
240 808 282 816 —
306 769 383 835 Tria
409 770 542 853 praedia
569 770 721 835 continua
744 771 845 834 trium
869 769 1074 835 dominorum

61 864 161 926 erant.
210 860 268 924 imi
300 858 424 942 praedii
460 858 609 923 dominus
645 880 684 923 ex
717 881 843 924 summo
876 859 976 923 fundo
1009 859 1075 926 imo

59 949 159 1015 fundo
197 947 387 1012 servitutem
424 969 526 1032 aquae
564 949 746 1033 quaesierat
779 951 812 1012 et
844 968 902 1033 per
934 947 1076 1012 medium

60 1037 194 1102 fundum
224 1037 355 1101 domino
384 1036 575 1101 concedente
602 1037 638 1100 in
666 1058 759 1101 suum
787 1056 903 1120 agrum
931 1036 1076 1102 ducebat

60 1130 175 1211 postea
205 1125 291 1189 idem
325 1147 486 1189 summum
519 1124 655 1189 fundum
686 1127 766 1190 emit
793 1174 801 1190 .
829 1124 943 1189 deinde
974 1126 1076 1189 imum

60 1215 205 1298 fundum,
220 1215 253 1278 in
268 1235 362 1297 quem
379 1235 496 1297 aquam
511 1213 690 1298 induxerat,
702 1213 856 1279 vendidit
893 1214 1076 1299 quaesitum

61 1308 123 1388 est,
155 1325 234 1367 num
261 1303 345 1366 imus
373 1301 489 1366 fundus
516 1302 551 1366 id
578 1303 629 1366 ius
657 1324 760 1388 aquae
788 1302 964 1386 amisisset,
992 1303 1076 1389 quia,

62 1414 133 1457 cum
170 1396 308 1474 utraque
342 1390 475 1474 praedia
507 1391 651 1455 eiusdem
683 1391 806 1456 domini
837 1391 926 1456 facta
957 1395 1077 1477 essent,

61 1480 132 1564 ipsa
170 1479 233 1545 sibi
269 1478 388 1544 servire
420 1500 485 1543 non
517 1479 708 1563 potuissent.
762 1481 895 1566 negavit
928 1480 1077 1545 amisiss'e

62 1569 266 1650 servitutem,
292 1568 367 1651 quia
389 1568 570 1652 praedium,
592 1591 651 1653 per
673 1568 759 1653 quod
782 1591 868 1655 aqua
891 1568 1077 1652 ducebatur,

62 1656 196 1722 alterius
210 1656 334 1739 fuisset,
349 1661 382 1721 et
395 1655 663 1740 quemadmodum
679 1657 818 1722 servitus
833 1679 958 1723 summo
967 1657 1078 1737 fundo,

61 1749 96 1809 ut
123 1746 160 1809 in
186 1745 288 1809 imum
311 1744 448 1809 fundum
472 1767 556 1829 aqua
579 1746 717 1830 veniret,
744 1745 868 1830 imponi
893 1746 987 1810 aliter
1009 1768 1076 1811 non

61 1834 233 1918 potuisset,
264 1855 361 1918 quam
388 1837 425 1898 ut
451 1854 508 1918 per
535 1833 675 1898 medium
704 1854 830 1918 quoque
858 1834 993 1899 fundum
1020 1835 1078 1899 du·

63 1928 195 2004 caretur,
219 1922 265 1988 sic
289 1921 400 1986 eadem
424 1922 563 1986 servitus
583 1922 724 1986 eiusdem
742 1921 835 1987 fundi
854 1923 962 1987 amitti
982 1922 1077 1987 aliter

62 2033 125 2077 non
155 2014 282 2095 posset,
313 2010 377 2074 nisi
404 2010 517 2075 eodem
545 2015 692 2095 tempore
721 2011 821 2075 etiam
849 2033 907 2095 per
933 2010 1076 2075 medium

62 2099 194 2164 fundum
216 2122 300 2185 aqua
320 2098 392 2163 duci
410 2099 547 2164 desisset
566 2103 623 2163 aut
641 2099 705 2164 tria
722 2099 817 2164 simul
832 2098 964 2184 praedia
978 2101 1074 2163 unius

63 2189 183 2253 domini
208 2187 295 2252 facta
318 2191 433 2252 essent.

391 2370 438 2428 Ex
460 2369 572 2430 Iuliani
593 2369 671 2429 libro
694 2369 749 2430 III.

483 2487 534 2554 De
553 2489 658 2569 furtos.

154 2595 205 2661 17.
229 2594 268 2659 D.
277 2595 331 2675 47,
341 2595 371 2676 2,
381 2595 432 2659 60.
464 2593 555 2658 Idem
569 2592 627 2678 (so.
641 2591 799 2679 Iulianus)
819 2594 903 2658 libro
922 2594 1020 2658 tertio
1040 2615 1078 2657 ex

65 2684 196 2748 Minicio
216 2681 267 2768 (P.
278 2680 367 2769 860).
387 2719 429 2728 -
449 2681 483 2747 Si
505 2683 544 2766 is,
566 2684 622 2766 qui
645 2704 713 2747 rem
737 2682 982 2765 commodasset,
1006 2705 1078 2747 eam

65 2795 131 2838 rem
163 2773 247 2836 olam
276 2771 478 2854 abstulisset,
510 2771 591 2835 furti
619 2793 692 2835 cum
720 2792 758 2836 eo
786 2771 842 2857 agi
868 2793 935 2836 non
963 2769 1079 2856 posse²,

65 2864 138 2946 quia
160 2884 255 2926 suum
273 2861 449 2944 recepisset
466 2863 499 2923 et
517 2859 573 2923 ille
592 2859 789 2925 commodati
807 2859 963 2924 liberatus
984 2863 1079 2924 esset.

151 2950 228 3015 ‘Hoc
250 2957 353 3014 tamen
375 2955 420 3012 ita
446 2953 652 3030 accipiendum
675 2956 734 3031 est,
759 2953 786 3012 si
807 2953 906 3013 nullas
929 2953 1079 3012 retinendi

64 3062 170 3103 causas
187 3044 214 3103 is
233 3044 282 3102 oui
301 3041 489 3102 commodata
507 3060 556 3101 ros
575 3045 641 3101 orat
658 3040 778 3117 habuit3
797 3060 866 3100 nam
886 3041 912 3101 si
927 3042 1078 3117 impensas

64 3131 245 3191 necessarias
277 3132 309 3190 in
341 3150 404 3188 rem
437 3129 655 3190 commodatam
686 3130 812 3206 fecerat,
843 3130 982 3189 interfuit
1014 3131 1078 3188 eius

63 3221 163 3295 potius
186 3240 240 3295 per
261 3219 461 3278 retentionem
479 3237 529 3277 oas
549 3237 669 3278 servaro
688 3237 778 3296 quam
797 3219 879 3278 ultro
898 3217 1079 3278 commodati

66 3325 167 3385 agere,
190 3309 324 3393 ideoque¹
340 3308 415 3368 furti
438 3307 585 3366 actionem
608 3299 753 3367 habebit'.

136 3465 151 3512 1
172 3459 247 3514 Trio.
267 3460 412 3515 tradendo,

135 3536 151 3584 2
173 3530 248 3585 Trio.
267 3533 369 3599 potest.
