2430 3944
468 169 493 219 8.
512 163 688 220 VIVIANUS

297 323 300 327 ’
413 329 463 394 Dc
485 330 600 394 domm
623 329 744 409 infecto.

156 443 193 504 ef.
213 441 325 502 Iuliani
348 441 461 501 librum
483 439 585 498 LVIII
608 440 640 498 P.
658 441 732 500 739.

84 550 88 554 ·
160 526 212 593 11.
231 526 272 592 D.
281 525 334 610 39,
344 527 375 610 2,
384 525 437 608 24,
447 523 477 589 9.
517 522 609 588 Idem
630 521 688 607 (sc.
704 521 879 610 Ulpianus)
900 525 984 589 libro
1005 529 1090 590 octo·

65 616 215 702 gensimo
238 615 344 700 primo
368 614 409 678 ad
433 612 574 677 edictum
593 611 642 696 (P.
654 610 765 697 1753).
784 649 828 660 -
847 661 873 678 ..
897 612 982 697 apud
1000 612 1091 679 Vivi-

66 727 169 771 anum
192 704 331 769 relatum
357 707 415 785 est,
440 703 467 766 si
491 722 530 765 ex
551 722 630 786 agro
649 700 747 766 vicini
766 702 899 767 arbores
916 703 951 767 vi
970 705 1090 786 tempe-

66 795 166 860 statis
204 792 390 859 confractae
423 791 458 855 in
489 812 598 854 meum
632 811 747 875 agrum
779 790 958 856 deciderint
989 812 1091 874 eoque

64 884 155 949 facto
186 881 309 948 vitibus
337 881 419 945 meis
446 879 498 944 vel
527 879 694 965 segetibus
722 883 841 944 nocent
865 879 918 944 vel
943 878 1091 944 aedificia

65 971 264 1051 demoliunt,
301 969 548 1053 stipulationem
580 969 693 1051 istam,
726 968 761 1034 in
794 990 859 1052 qua
890 968 971 1034 haec
1003 990 1091 1033 com-

64 1059 313 1146 prehenduntur
340 1056 381 1123 ‘si
409 1057 485 1142 quid
509 1057 662 1122 arborum
684 1057 788 1122 locive
812 1056 893 1123 vitio
918 1057 1091 1136 acciderit,

64 1170 134 1215 non
157 1170 228 1214 esse
252 1147 376 1231 utilem,
402 1147 567 1231 quianon
591 1146 743 1211 arborum
766 1147 858 1232 vitio,
882 1146 937 1212 sed
960 1146 994 1209 vi
1016 1167 1092 1211 ven·

63 1243 177 1304 torum
206 1236 360 1302 damnum
388 1234 470 1298 mihi
498 1234 609 1299 datum
638 1238 697 1300 est.
748 1235 845 1320 plane
874 1237 901 1300 si
929 1238 1091 1300 vetustate

67 1327 222 1392 arborum
256 1324 319 1390 hoc
348 1324 460 1407 fiebat,
492 1344 666 1409 possumus
695 1323 800 1389 dicere
828 1325 910 1389 vitio
939 1324 1092 1390 arborum

66 1416 225 1480 damnum
249 1412 329 1477 mihi
352 1413 432 1478 dari.

159 1504 211 1569 12.
229 1501 343 1582 Ibide
356 1502 405 1567 10.
420 1536 462 1548 -
477 1499 568 1565 Idem
588 1501 644 1583 ait,
663 1501 690 1565 si
710 1502 822 1567 damni
835 1502 948 1567 infecti
963 1502 1091 1566 aedium

67 1615 216 1658 mearum
244 1592 377 1656 nomine
404 1589 467 1655 tibi
494 1590 688 1675 promisero,
717 1591 830 1656 deinde
856 1592 918 1655 hae
942 1590 1036 1656 cedes
1058 1591 1092 1654 vi

65 1682 277 1764 tempestatis
300 1679 336 1743 in
358 1684 417 1743 tua
440 1678 587 1743 aedificia
610 1679 785 1744 ceciderint
806 1701 906 1765 eaque
925 1678 1092 1757 diruerint,

64 1770 152 1834 nihil
171 1792 211 1834 ex
230 1790 268 1834 ec
287 1768 497 1852 stipulatione
515 1768 685 1851 praestari,
703 1770 779 1853 quia
797 1770 921 1834 nullum
938 1769 1091 1838 damnum

65 1860 150 1924 vitio
185 1879 331 1924 mearum
365 1856 495 1922 aedium
527 1855 590 1922 tibi
622 1857 786 1941 contingit
820 1859 896 1939 [nisi
928 1857 1015 1922 forte
1045 1857 1093 1921 ita

66 1947 210 2013 vitiosae
239 1967 329 2010 meae
358 1945 453 2010 aedes
480 1945 617 2028 fuerint,
644 1950 682 2009 ut
711 1946 855 2030 qualibet
882 1946 934 2010 vel
958 1945 1093 2010 minima

64 2039 266 2121 tempestate
289 2036 441 2116 ruerent}

247 2176 310 2256 Qus·
331 2176 441 2241 absens
463 2177 578 2241 iudicio
601 2175 744 2256 defensae
765 2196 829 2240 noa
852 2178 920 2241 err't.

160 2284 214 2349 13.
244 2280 284 2346 D.
298 2282 329 2365 4,
344 2283 374 2366 6,
389 2282 441 2360 35,
456 2281 486 2346 9.
531 2281 654 2347 Paulus
682 2281 768 2347 libro
796 2283 893 2347 tertio
922 2282 962 2346 ad
985 2283 1091 2364 legem

65 2373 187 2439 Iuliam
216 2375 249 2436 et
276 2369 413 2456 Papiam
441 2370 489 2454 (P.
505 2369 594 2457 939).
619 2406 661 2417 —
685 2369 846 2436 Vivianus
875 2371 987 2435 scribit
1014 2369 1092 2435 Pro·

66 2462 178 2528 culum
203 2459 411 2546 respondisse
435 2461 586 2543 militem,
609 2461 665 2545 qui
689 2464 873 2524 commeatu
896 2460 992 2543 absit,
1016 2459 1092 2523 dum

65 2553 201 2617 domum
236 2548 327 2613 vadit
360 2554 417 2613 aut
448 2547 544 2631 redit,
576 2550 623 2613 rei
656 2549 806 2634 publicae
839 2570 937 2613 causa
970 2548 1093 2632 abesse,

66 2642 146 2706 dum
170 2639 260 2704 domi
283 2637 340 2722 sit,
363 2658 429 2701 non
453 2638 575 2702 abesse.

514 2799 599 2866 Unde
620 2798 661 2864 ci.

158 2912 196 2971 cf.
216 2909 329 2970 Iuliani
350 2909 462 2968 librum
485 2909 615 2968 XLVIII
638 2908 670 2967 P.
688 2910 872 2969 656-659.

161 2996 213 3060 14.
238 2994 276 3058 D.
291 2995 345 3076 43,
361 2994 413 3076 16,
431 2995 457 3074 1,
473 2991 525 3056 41.
571 2991 732 3076 Ulpianus
756 2993 842 3057 libro
867 2985 1097 3077 sexagensimo

66 3105 156 3149 nono
181 3082 222 3147 ad
246 3081 386 3146 edictum
405 3077 455 3168 (P.
472 3078 581 3167 1529).
604 3117 641 3128 -
663 3079 739 3146 Non
761 3082 866 3146 solum
886 3129 912 3145 ..
930 3082 1093 3146 fructuum

67 3173 156 3238 ratio
184 3172 219 3236 in
246 3170 309 3235 hoc
337 3169 508 3235 interdicto
537 3168 596 3256 (ac.
614 3171 699 3235 unde
726 3167 774 3256 vi)
803 3171 954 3254 habetur,
982 3193 1094 3234 verum
1186 3207 1189 3213 »

68 3265 254 3328 ceterarum
292 3259 389 3325 etiam
425 3259 619 3322 utilitatium
656 3258 806 3324 habenda
839 3263 898 3325 est.
951 3282 1028 3323 nam
1062 3263 1094 3322 et

68 3349 234 3414 Vivianus
260 3347 360 3412 refert
382 3349 416 3410 in
439 3348 501 3412 hoc
525 3348 697 3413 interdicto
722 3349 846 3432 omnia,
875 3368 1094 3432 quaecumque

70 3438 247 3503 habiturus
274 3437 326 3501 vel
349 3435 560 3500 adsecuturos
585 3437 706 3501 eratis
730 3437 785 3521 qui
807 3437 951 3501 deiectus
975 3440 1037 3518 est,
1066 3435 1094 3498 si

74 3529 109 3593 vi
143 3528 284 3591 deiectus
314 3546 381 3590 non
409 3530 507 3608 esset,
539 3524 669 3592 restitui
698 3533 755 3590 aut
782 3532 892 3590 eorum
921 3522 1094 3607 (nomine)
