2430 3944
93 189 159 253 562
466 192 742 248 ADDITAMENTA.

243 336 290 437 St
303 373 381 455 quid
402 374 438 438 ilo
459 374 604 453 fraudem
621 374 752 456 petroci
771 374 892 454 factum
910 377 960 441 sit.

190 497 262 562 167.
309 496 432 563 Incerti
455 498 598 562 auctoris
616 497 732 582 fragm.
752 497 792 562 de
810 498 953 564 formula
970 497 1096 563 Fabiana

98 583 247 670 (Collect.
272 586 344 652 libr.
367 585 418 650 ΙΙΙ
441 609 471 671 p.
492 587 581 672 299).
605 623 648 633 —
742 591 820 651 'sunt
839 590 895 672 qui
914 594 1024 652 contre
1041 607 1095 650 sen·

98 674 217 758 <tiunt,
242 675 320 758 quia
339 674 423 740 hoec
447 675 532 740 aetio
556 698 595 752 ex
613 676 804 759 con>tractu
827 680 918 740 venit
937 681 970 740 et
987 698 1051 740 cum
1067 695 1094 738 eo

98 764 323 845 contrahetur,
350 764 449 847 <licet
477 765 523 828 ita
546 764 767 848 concipi>atur
795 765 938 830 formula
961 767 1047 849 qussi
1067 784 1094 826 ex

99 852 216 918 delicto
240 854 366 918 venerit
389 853 509 918 liberti.
842 877 848 884 ¹

189 957 225 1014 cf.
248 976 278 1031 p.
302 956 375 1015 244.

200 1119 250 1184 De
272 1119 417 1183 bonorem
435 1120 679 1200 possessiomes
702 1123 878 1184 testamento
901 1084 1017 1206 melitis.

165 1297 166 1300 η
192 1245 264 1308 168.
311 1242 350 1307 D.
370 1242 422 1325 29,
443 1245 471 1321 1,
494 1243 544 1327 17,
562 1244 592 1307 4.
640 1241 741 1307 Gaius
760 1242 844 1308 libro
860 1245 975 1328 quinto
994 1244 1093 1309 decimo

102 1332 143 1396 ed
166 1331 306 1397 edictum
336 1331 543 1414 provinciale.
569 1368 610 1379 -
626 1329 670 1402 'Si
702 1333 795 1396 miles
827 1330 1094 1398 testamentumin

102 1421 221 1485 militia
244 1420 367 1502 fecerit,
386 1420 552 1485 codicillos
571 1424 648 1505 post
667 1420 819 1484 militiam
838 1426 872 1485 et
890 1422 979 1486 intra
997 1440 1094 1487 annun

102 1509 267 1574 missionis
297 1509 463 1592 morietur,
487 1509 648 1592 plerisque
671 1509 780 1594 placet
802 1509 837 1573 in
856 1510 1014 1576 codicillis
1035 1504 1095 1573 iuris

102 1597 206 1661 civilis
226 1597 373 1681 regulam
393 1597 532 1681 spectari
551 1598 676 1679 dehere,
696 1598 857 1682 quianon
882 1604 959 1664 sunt
977 1622 996 1664 a
1014 1597 1096 1663 milite

102 1686 189 1766 facti,
212 1707 271 1750 nec
294 1685 335 1750 ad
363 1686 628 1770 impertinere,
656 1687 741 1771 quod
773 1690 974 1753 testamento
1005 1685 1097 1753 confir·

102 1775 182 1838 mati
206 1779 290 1838 sunt.

492 1864 575 1931 Ursule
597 1864 733 1947 leqttc'mi.

61 2030 62 2033 =
193 1987 266 2052 169.
312 1985 380 2050 Gai.
405 1986 435 2071 3,
458 1987 500 2050 27
512 2009 559 2071 sq.
584 2025 625 2033 —
650 1980 800 2073 Agnatos
825 2037 854 2053 ..
884 1990 992 2073 capite
1019 1986 1098 2052 demi·

104 2082 201 2141 nutos
235 2098 299 2140 non
329 2075 467 2139 secundo
501 2075 604 2157 gradu
638 2080 715 2161 post
750 2098 825 2141 suos
858 2077 993 2142 heredes
1025 2077 1116 2150 vocal¹

104 2165 161 2249 (sc.
183 2160 340 2250 praetor),
448 2164 502 2227 sed
532 2165 629 2229 tertio
657 2164 878 2249 proximitatis
907 2168 1035 2231 nomine

104 2256 214 2339 itaque
244 2254 271 2317 si
301 2252 372 2336 quis
402 2253 485 2316 elius
514 2254 558 2317 sit
585 2255 641 2338 qui
668 2255 832 2339 integrum
858 2255 909 2319 ius
934 2252 1099 2340 agnationis

103 2343 247 2428 habebit,
269 2342 296 2405 is
321 2341 429 2424 potior
448 2342 518 2425 erit,
542 2343 639 2406 etiam
665 2345 692 2407 si
707 2339 862 2428 'longiore
887 2345 990 2426 gradu
1012 2343 1100 2406 fuerit.

103 2433 189 2495 idem
204 2431 282 2495 iuris
298 2434 355 2508 est,
371 2432 408 2493 ut
423 2431 553 2514 quidem
568 2435 694 2516 putent,
709 2430 743 2494 in
759 2435 828 2496 eius
843 2434 956 2516 agnati
971 2451 1101 2516 persona,

104 2521 159 2604 qui
178 2521 325 2603 proximo
341 2525 461 2602 agnato
477 2520 646 2583 omittente
660 2518 877 2584 hereditatem
892 2520 995 2586 nihilo
1014 2519 1100 2602 magis

103 2609 172 2671 iure
199 2607 347 2691 legitimo
376 2608 569 2672 admittitur.
616 2609 670 2671 sed
699 2613 775 2673 sunt
803 2609 857 2692 qui
886 2612 1007 2692 putant
1032 2609 1100 2671 hunc

104 2697 216 2760 eodem
246 2696 347 2780 gradu
371 2718 390 2759 a
412 2701 560 2778 praetore
582 2697 700 2781 vocari,
724 2719 786 2781 quo
811 2697 911 2761 etiem
934 2720 993 2782 per
1013 2698 1100 2780 legen

105 2783 232 2868 agnatis
256 2784 418 2848 hereditas
444 2784 546 2848 detur.

247 2960 440 3026 Testamenta
462 2983 550 3044 qoem
573 2964 758 3027 admodum
780 2966 972 3046 enecantur.

195 3085 266 3150 170.
313 3083 352 3148 D.
380 3084 432 3168 50,
462 3087 491 3164 1,
514 3086 543 3150 5.
589 3086 708 3151 Paulus
737 3087 821 3152 libro
850 3086 1097 3173 quadragensimo

105 3174 217 3257 quinto
236 3173 276 3236 ad
300 3173 447 3238 edictum.
474 3211 512 3220 —
528 3174 638 3239 Labeo
653 3176 775 3240 indicet
793 3199 877 3261 eum,
896 3178 951 3262 qui
973 3176 1097 3262 pluribus

105 3262 185 3326 locis
205 3283 242 3325 ex
265 3282 366 3344 aequo
381 3263 574 3348 negotietur,
594 3285 756 3348 nusquam
775 3265 973 3331 domicilium
992 3266 1096 3330 habere.
1136 3262 1138 3287 ¹

105 3350 262 3432 quosdam
296 3354 403 3413 eutem
433 3351 537 3416 dicere
564 3353 664 3416 refert
690 3354 838 3437 pluribus
873 3356 953 3420 locis
977 3376 1042 3419 eum
1062 3351 1096 3412 in·

105 3438 209 3501 colem
235 3460 303 3502 esse
328 3441 384 3501 aut
408 3438 605 3505 domicilium
628 3442 756 3506 habere.

194 3550 230 3608 of.
253 3549 337 3608 Paul.
362 3549 442 3609 Sent.
467 3553 496 3628 4,
522 3553 549 3627 6,
574 3555 602 3611 2.
