2430 3944
319 213 323 223 ,
385 177 411 224 4.
431 167 460 224 Ο.
475 167 622 224 CASSIUS
640 168 826 224 LONGINUS
1073 172 1116 236 2¹1

115 333 213 398 adesse
235 332 333 397 iussit
356 336 487 397 etanta
511 354 584 397 eum
607 331 691 396 diem
715 332 866 417 decessit3
889 334 971 397 alter
994 356 1033 398 ex
1052 335 1121 400 liti-

117 421 270 505 gatoribus
298 443 365 486 non
402 421 515 486 adfuit.
559 421 672 506 procul
714 420 812 485 dubio
845 443 951 506 poena
989 424 1119 489 minime

118 510 272 575 commissa
301 516 363 594 est3
394 532 472 575 nam
504 514 537 574 et
560 508 708 576 Cassium
739 510 868 574 audisse
896 532 931 574 se
959 511 1119 578 dicentem

118 599 209 685 Aristo
232 599 281 664 ait
302 598 337 662 in
365 620 403 664 eo
432 599 570 684 arbitro,
599 599 654 684 qui
681 599 752 682 ipse
779 619 846 663 non
870 599 1024 680 venisset,
1052 623 1119 666 non

120 708 172 751 esse
193 689 410 753 commissam.

450 794 502 860 De
522 796 592 859 iore
613 796 758 860 iurando.

120 943 124 951 ·
190 911 242 974 21.
268 908 310 976 Ι).
331 910 382 984 12,
401 911 431 990 2,
449 910 504 991 26,
524 911 553 974 1.
598 909 719 974 Paulus
742 911 828 976 libro
852 914 968 976 octavo
993 911 1117 976 decimo

121 997 153 1061 od
178 999 314 1063 edietum
348 995 398 1083 (P.
417 999 508 1080 280).
544 1035 581 1046 -
616 996 651 1063 si
681 1002 777 1082 pater
807 1000 910 1064 filium
943 1000 1019 1065 dare
1051 1022 1118 1064 non

123 1091 247 1169 oportere
275 1089 443 1170 iuraverit,
472 1086 604 1153 Cassius
631 1088 801 1170 respondit
829 1093 862 1153 et
883 1090 971 1174 patri
995 1094 1028 1154 et
1049 1089 1117 1154 filio

122 1173 236 1240 dandam
260 1178 484 1261 exceptionem
507 1177 724 1241 iurisiurandi.

213 1385 252 1445 H.
284 1386 414 1445 Edicta
437 1388 473 1445 et
496 1386 644 1445 decreta
667 1383 786 1445 Cassii
808 1387 1002 1462 praetoris.
1069 1431 1071 1434 -

192 1507 217 1568 1.
243 1504 285 1570 D.
302 1507 335 1587 4,
353 1506 384 1585 6,
402 1504 454 1586 26,
474 1506 504 1568 7.
554 1503 714 1588 Ulpianus
742 1504 825 1568 libro
855 1505 1046 1571 duodecimo
1075 1507 1116 1572 ad

124 1591 235 1657 edictum
271 1591 321 1679 (P.
344 1589 437 1679 439).
471 1628 509 1638 —
545 1591 580 1658 si
611 1593 712 1656 feriae
745 1597 836 1658 extra
869 1594 1016 1659 ordinem
1049 1596 1116 1661 sint

122 1679 245 1764 indictae,
269 1683 311 1746 ob
336 1704 387 1746 res
410 1686 491 1765 puta
513 1703 667 1766 prospere
691 1685 802 1766 gestas
824 1683 877 1746 vel
901 1685 935 1747 in
957 1685 1116 1750 honorem

122 1770 266 1857 principis,
298 1776 332 1836 et
363 1776 536 1855 propterea
570 1771 783 1855 magistratus
815 1772 866 1836 ius
895 1794 961 1837 non
989 1772 1114 1857 dixerit,

123 1852 200 1923 Gaius
230 1857 364 1925 Cassius
400 1860 593 1924 nominatim
630 1859 777 1924 edicebat
808 1861 1038 1926 restituturum
1070 1885 1116 1947 se,

121 1945 179 2028 quia
194 1970 249 2032 per
268 1954 452 2032 praetorem
466 1948 636 2013 videbatur
649 1948 785 2031 factum3
806 1950 1012 2014 sollemnium
1028 1951 1115 2015 enim

118 2033 250 2101 feriarum
274 2037 437 2103 rationem
459 2037 574 2100 haberi
596 2059 663 2101 non
682 2037 808 2121 debere,
831 2037 908 2120 quia
927 2040 1114 2121 prospicere

117 2142 158 2188 eas
172 2127 314 2208 potuerit
332 2129 365 2190 et
383 2126 531 2190 debuerit
550 2131 648 2207 actor,
671 2148 711 2189 ne
730 2125 765 2189 in
785 2147 840 2189 eas
859 2127 990 2190 ineidat.
1027 2127 1112 2209 quod

116 2213 202 2278 verius
234 2221 299 2299 est,
332 2219 366 2278 et
398 2216 445 2278 ita
474 2211 587 2279 Celsus
619 2215 705 2278 libro
735 2214 875 2279 secundo
900 2213 1112 2298 Digestorum

113 2303 217 2367 scribit.

184 2416 221 2475 cf.
244 2415 369 2474 Pernice
391 2409 436 2473 Π2
458 2435 487 2490 p.
504 2418 565 2475 199
591 2419 654 2474 117

184 2536 214 2600 2.
240 2534 280 2601 Ι).
300 2535 352 2616 29,
370 2536 401 2615 2,
419 2534 472 2598 99.
513 2533 710 2618 Pomponius
734 2534 818 2598 libro
843 2535 947 2617 primo
971 2533 1112 2600 Senatus

107 2619 326 2687 Consultorum
354 2620 405 2709 (P.
424 2621 512 2706 806).
536 2660 581 2669 -
608 2623 720 2687 Aristo
752 2624 786 2686 in
819 2623 956 2687 decretis
985 2623 1112 2689 Fronti-

104 2709 244 2795 (ni>anis
267 2713 316 2775 ita
338 2712 445 2776 refert.
487 2710 569 2777 Cum
592 2712 673 2776 duae
695 2711 783 2775 filiae
804 2713 893 2795 patri
909 2715 1111 2777 necessariae

102 2797 227 2864 heredes
266 2801 480 2883 exstitissent,
522 2801 626 2865 altera
663 2822 697 2863 se
733 2809 868 2883 paterna
907 2801 1112 2866 abstinuerat

101 2886 288 2971 hereditate,
321 2890 424 2953 altera
456 2889 543 2954 bona
574 2894 710 2972 paterna
743 2889 906 2954 vindicare
939 2893 1110 2974 totumque

100 2997 172 3041 onus
207 2979 371 3060 suscipere
402 2983 518 3061 parata
546 2984 624 3042 erat.
670 2981 819 3042 sanctum
843 2976 993 3042 Cassium
1017 3001 1110 3063 prae-

98 3069 196 3130 torem
243 3089 341 3131 causa
386 3067 517 3150 cognita
562 3066 706 3132 actiones
751 3066 964 3131 hereditarias
1010 3068 1110 3132 utiles

97 3154 245 3219 daturum
283 3161 368 3220 recte
404 3154 587 3239 pollicitum
624 3156 667 3238 ei,
704 3177 786 3238 quae
823 3154 863 3220 ad
895 3156 1110 3219 hereditatem

94 3245 194 3327 patris
237 3255 418 3308 accesserat
459 3243 754 3328 denegaturumque
793 3244 822 3308 ei
859 3266 943 3327 quae
981 3265 1015 3308 se
1053 3244 1110 3308 ab·

94 3333 262 3397 stinuerat.

180 3444 306 3503 Pernice
324 3435 371 3503 Π2
388 3464 417 3520 p.
433 3446 495 3503 199
520 3444 571 3503 vix
593 3444 660 3503 iure
683 3443 813 3523 dubitat,
837 3463 876 3502 an
898 3445 954 3502 hoc
977 3443 1109 3501 edictum

94 3531 238 3593 aCassio
262 3536 367 3592 nostro
391 3533 579 3608 propositum
602 3533 650 3592 sit.
