2430 3944
158 175 200 238 96
227 175 276 228 ιιι.
291 173 367 228 eun
381 173 528 229 coenon
541 172 950 228 nunonemmnrnur.
962 173 1193 231 laureacus·

157 338 266 422 legata
298 341 359 419 est,
392 358 464 400 cum
498 340 620 402 certum
653 336 697 400 sit
728 337 834 421 legem
862 335 1040 401 Falcidiam
1067 338 1171 403 locum
1213 346 1215 394 l

157 427 285 507 habere,
307 447 371 490 non
395 425 607 511 stipulationi,
631 426 687 490 sed
711 425 946 508 computationi
969 426 1080 491 locum
1103 446 1177 493 essa

157 514 274 579 Pedius
305 515 365 596 ait,
397 518 435 579 ut
462 515 664 596 aestimetur,
698 514 810 599 quanti
838 515 882 578 sit
910 515 1000 598 qnod.
1024 514 1060 578 in
1089 515 1185 586 diem.

157 604 300 686 legatum
320 609 369 667 est
387 607 420 666 et
438 606 565 666 tantum
584 602 734 668 credatur
753 623 823 667 esse
838 603 993 688 legatum,
1013 607 1180 688 qnantum

157 692 256 756 efficit
276 692 470 772 aestimatio,
491 696 527 754 ut
545 714 604 775 pro
624 691 719 756 modo
740 693 807 755 eius
827 713 866 755 ex
884 693 1035 757 omnibus
1055 692 1166 778 legatis

157 780 268 844 statim
293 782 374 865 legis
397 779 559 844 Falcidiae
581 782 666 844 ratio
690 781 858 845 habeatur.

464 963 509 1018 Dc
526 964 637 1018 decimu
655 963 864 1032 computandis?

245 1073 297 1136 48.
319 1072 359 1136 D.
370 1071 422 1155 35,
432 1074 461 1153 2,
471 1072 567 1155 63pr.
604 1072 723 1137 Paulus
742 1072 827 1136 libro
847 1071 987 1137 secundo
1006 1072 1048 1136 ad
1066 1072 1189 1158 legem:

156 1159 273 1224 Iuliam
289 1164 322 1224 et
336 1159 471 1244 Papiam
487 1158 535 1246 (P.
546 1158 636 1248 937).
654 1197 692 1208 —
709 1182 803 1232 ..nec
821 1164 897 1244 post
915 1165 1054 1225 mortem
1072 1163 1160 1226 testo·
1189 1222 1195 1231 .

156 1249 237 1313 toris
269 1249 420 1314 heredem
451 1248 654 1314 institutuml
683 1271 811 1314 servum
839 1252 932 1314 tanto
960 1249 1064 1333 pluris
1092 1269 1163 1332 esse,
1190 1256 1194 1261 “

157 1359 220 1421 quo
247 1338 349 1421 pluris
369 1338 478 1402 venire
498 1342 614 1421 potest,
638 1337 756 1402 Pedius
780 1338 905 1421 scribit3
934 1341 984 1402 est
1007 1337 1094 1402 enim
1116 1337 1164 1402 ab·

158 1425 290 1490 surdum
314 1427 421 1509 ipsum
446 1449 496 1490 me
519 1428 669 1492 heredem
692 1426 879 1491 institutum
901 1448 969 1492 non
992 1449 1063 1492 esse
1085 1427 1167 1492 locu·

156 1515 340 1598 pletiorem‚
374 1519 546 1600 antequam
579 1516 705 1594 adeam,
738 1516 767 1580 si
799 1519 907 1579 autem
939 1536 1051 1580 servus
1078 1515 1168 1580 heros

156 1602 326 1667 institutus
350 1604 406 1685 sit,
435 1605 546 1668 statim
569 1627 620 1668 me
644 1604 888 1687 locupletiorem
913 1604 1076 1688 effectum,
1098 1621 1188 1669 oum.

145 1691 267 1779 'multis
297 1692 401 1758 causis
430 1693 574 1757 accidere
600 1693 718 1777 possit,
746 1714 786 1756 ne
811 1692 902 1757 iussu
926 1695 1039 1757 nostro
1069 1693 1174 1757 adeat.

157 1780 299 1864 adquirit
331 1781 424 1845 nobis
456 1785 542 1846 carte
570 1804 643 1846 oum
671 1781 799 1863 adierit,
831 1783 917 1845 esset
945 1784 1053 1845 autem
1080 1803 1176 1865 praee

155 1874 320 1952 posterum
340 1874 414 1934 ante
432 1891 492 1935 nos
511 1870 689 1954 locupletes
708 1869 780 1951 diei,
800 1891 897 1953 quam
916 1869 1179 1954 adquisierimus.

297 2123 351 2183 111.
383 2124 437 2182 Ad
460 2124 617 2183 edictum
640 2122 815 2182 aedilium
838 2123 1028 2181 curulium.

244 2247 342 2306 Huius
358 2248 496 2324 opusculi
510 2266 586 2323 quae
600 2248 764 2305 traduntur
777 2247 948 2323 fragmenta
962 2245 1180 2306 tantummodo

156 2336 192 2394 de
214 2336 370 2411 mancipiis
395 2334 557 2395 vendundis
580 2338 663 2407 aunt,
691 2354 787 2411 neque
809 2336 842 2394 in
865 2355 899 2394 eo
923 2335 1059 2411 priorum
1080 2335 1178 2395 iuris·

156 2425 359 2484 consultorum
373 2424 484 2482 mentio
498 2424 541 2486 fit.
577 2423 719 2482 laudatur
733 2427 836 2483 autem
850 2443 869 2482 a
882 2423 976 2483 Paulo
991 2426 1022 2482 et
1038 2423 1180 2500 Ulpiano

155 2512 240 2571 libris
263 2512 302 2570 ad
324 2512 455 2571 edictum
478 2511 628 2571 aedilium.

470 2681 514 2736 Dc
531 2682 678 2751 menapiis
696 2683 856 2737 vendundis.

245 2791 275 2855 1.
307 2789 346 2854 D.
362 2790 390 2874 1,
406 2792 436 2871 3,
452 2792 502 2855 13.
547 2790 707 2872 Ulpianus
735 2792 857 2855 libroI
886 2791 926 2854 ad
955 2791 1096 2856 edictum
1120 2811 1182 2855 ae‘

156 2878 269 2942 dilium
285 2880 442 2942 curulium
458 2876 507 2966 (P.
519 2877 630 2966 1757).
647 2889 685 2926 -’
703 2929 755 2962 ...,
770 2884 806 2943 ut
822 2879 868 2943 ait
883 2879 1008 2962 Pedius,
1022 2883 1182 2964 quotiens

155 2966 227 3051 lege
251 2967 372 3052 aliquid
396 2989 495 3031 unum
518 2969 570 3032 vel
594 2969 732 3032 alterum
754 2968 973 3032 introductum
996 2972 1061 3050 est,
1088 2969 1184 3033 bona

156 3055 284 3120 occasio
307 3060 356 3119 est
380 3061 494 3142 cetera,
517 3079 598 3140 quae
617 3057 755 3120 tendunt
773 3057 814 3120 ad
833 3057 967 3120 eandem
986 3057 1183 3136 utilitatem,

159 3144 209 3207 vel
233 3145 502 3227 interpretatione
525 3143 576 3209 vcl
600 3149 685 3209 certe
708 3145 927 3209 iurisdictione
951 3146 1103 3230 suppleri.

245 3263 380 3324 Huschke
394 3267 427 3323 Ζ.
438 3267 462 3324 d.
475 3264 598 3325 Sua-St.
614 3265 797 3342 XX1L337
815 3267 857 3324 ita
874 3267 1056 3325 scribendum
1068 3266 1184 3340 putat:

156 3346 196 3411 ³..
221 3356 268 3412 est
291 3348 360 3431 <si>
459 3349 621 3431 (oportet)
644 3347 797 3429 suppleri'

228 3548 241 3593 1
262 3541 309 3595 Fr.
328 3557 380 3619 nec
397 3539 529 3594 heredem
547 3543 614 3610 post
632 3559 668 3593 m.
687 3542 753 3596 test.
771 3537 940 3598 institutum.
