2430 3944
115 114 183 178 472
219 113 253 168 V.
271 109 420 167 NERVAE
438 111 486 164 ΕΤ
506 109 659 164 TRAIANI
679 109 786 167 ΤΕΜΡ.
804 109 900 166 IURIS
920 109 1102 168 CONSULTI

116 278 186 341 ium
217 274 366 340 sententis
395 274 569 358 exstitisset,
604 293 731 355 quaero,
762 293 806 337 an
842 271 987 338 eernere¹
1018 293 1133 340 neeesse

115 365 273 446 habueris,
295 383 334 427 ne
355 367 480 427 sextans
503 367 574 427 tuus
596 364 733 427 intereat.

207 452 391 534 Respondit:
426 450 508 515 nituit
541 452 677 534 interest,
713 455 819 516 utrum
851 470 888 516 eu
918 451 1133 516 substitutione

111 543 207 626 prins
230 537 400 604 creverim²
423 561 467 603 an
489 560 526 604 ea
544 541 651 620 prima
675 539 875 618 institutione,
896 559 968 605 eum
990 539 1032 604 ab
1048 545 1131 605 utra·

115 651 174 714 pue
196 649 291 695 eausa
313 649 379 692 una
402 625 516 693 cretio³
537 628 683 711 sufficiat.
715 633 840 694 sextans
861 629 978 712 itaque,
1000 630 1058 710 qui
1078 627 1132 694 sut

115 719 291 785 condicione
312 718 405 782 dotus
426 717 505 781 mitu'
526 722 583 794 est,
605 718 649 782 ad
669 737 717 781 me
738 717 838 782 sotum
854 718 999 799 pertinet.

204 818 229 866 n.
252 805 334 870 Item
369 807 399 871 si
434 810 468 870 tu
503 806 664 884 sentantis,
702 825 740 870 ea
775 826 833 887 qno
864 807 1028 871 institutus
1057 824 1131 870 esses

113 895 212 977 iteres,
245 895 385 960 omiseris
417 893 609 979 cretionem4,
639 896 793 977 numquid
822 895 959 978 dubitas,
992 895 1072 976 quin
1097 913 1132 959 er

113 985 327 1050 substitutione
350 981 521 1048 comendo⁵
547 984 692 1048 Titianae
707 983 813 1065 partis
832 982 999 1048 habiturus
1010 986 1130 1065 partem

117 1072 217 1138 esses?

202 1160 386 1243 Respondit:
411 1181 475 1224 non
496 1161 614 1243 dubito,
641 1161 726 1243 quin,
748 1161 778 1225 si
800 1158 1006 1244 (perempta)
1025 1161 1130 1243 prima

113 1250 304 1314 institutione
335 1246 507 1314 oernendo⁵
539 1249 622 1313 teres
658 1269 721 1314 esse
745 1251 879 1330 possim,
920 1251 956 1313 in
985 1253 1130 1331 potestate

115 1358 184 1402 mea
205 1339 255 1420 sit,
278 1358 372 1419 quam
389 1343 513 1421 partem
535 1338 714 1403 hereditatis
736 1342 793 1402 aut
810 1338 952 1402 omittere
968 1339 1064 1402 velim
1079 1341 1132 1403 aut

113 1428 285 1492 vindicare.

203 1516 255 1579 22.
283 1515 321 1580 D.
337 1515 434 1595 28,3,
450 1514 500 1579 15.
547 1514 721 1579 Iavolenus
750 1514 835 1580 libro
859 1519 976 1598 quarto
1002 1514 1129 1598 Epistu-

112 1604 226 1667 larum.
252 1641 290 1650 —
322 1602 383 1683 Quoi
405 1623 532 1667 uxorem
555 1608 754 1685 praepnotem
776 1603 912 1686 debebat,
935 1605 971 1668 in
998 1603 1127 1669 hostium

107 1697 288 1774 potestatem
305 1693 460 1774 peroenit;
484 1712 606 1776 quaero,
628 1693 694 1774 filio
717 1697 789 1756 nato
811 1713 870 1773 prio
892 1697 1028 1774 tempore
1045 1696 1128 1758 usta

113 1787 249 1845 mentum
277 1783 311 1845 in
338 1781 457 1845 eioitote
482 1780 603 1859 taetrum
630 1781 819 1862 rumpatur?
847 1785 876 1845 et
901 1783 930 1845 si
952 1782 1042 1863 fitius
1063 1784 1129 1845 oute

113 1871 267 1934 moriatur
302 1890 396 1951 qnam
422 1873 529 1953 pater,
567 1890 610 1933 an
643 1870 751 1950 seripti
782 1869 903 1934 heredes
935 1869 1129 1935 hereditatem

114 1958 255 2023 habituri
276 1958 361 2024 sint?
1125 2022 1126 2026 ,

202 2049 373 2128 Respondi:
404 2067 468 2110 non
487 2051 565 2129 puto
593 2047 720 2111 dubium
746 2066 820 2125 esse,
848 2047 925 2127 puin
949 2066 1010 2127 per
1039 2046 1127 2128 repen

114 2135 299 2219 Corneliam,
322 2155 399 2217 qnae
421 2137 457 2199 de
479 2136 702 2218 confirmandis
725 2155 830 2199 eorum
852 2135 1057 2220 testamentis,
1078 2131 1128 2216 qui

112 2226 149 2289 iu
171 2225 304 2289 hostiam
322 2228 469 2306 potestate
491 2225 692 2302 decessissent,
717 2225 782 2289 tata
804 2228 856 2305 est,
878 2229 953 2287 nato
975 2224 1043 2306 pilio
1063 2243 1126 2288 eon·

113 2315 200 2377 tinuo
232 2315 297 2378 eius
330 2317 554 2390 testamentum,
592 2313 646 2394 qui
677 2313 712 2376 in
741 2311 873 2376 hostium
900 2316 1052 2394 potestate
1082 2311 1126 2389 sit,

112 2407 286 2482 rumpatur.
317 2403 455 2484 sequitur
472 2421 549 2483 erpo,
567 2407 603 2465 ut
620 2421 658 2465 en
674 2421 707 2466 eo
727 2405 900 2465 testamento
919 2400 1073 2466 hereditas
1089 2399 1129 2464 ad

114 2491 268 2554 neminem
286 2492 455 2571 perueniat.

525 2604 575 2669 De
597 2605 714 2687 tepetis.

204 2720 256 2783 23.
284 2719 323 2782 D.
338 2719 389 2801 35,
405 2721 434 2804 2,
449 2720 500 2784 61.
532 2719 621 2783 Idem
638 2717 696 2806 (se.
711 2715 897 2805 Iavolenus)
912 2719 998 2784 libro
1015 2720 1125 2804 quarto

114 2806 348 2890 Epistularum.
376 2845 419 2856 -
446 2809 578 2873 Alienus
603 2808 721 2889 fundus
745 2807 800 2872 titt
822 2807 939 2890 topatus
961 2812 1013 2872 est.
1051 2807 1126 2872 hunt

115 2895 201 2960 taes
232 2917 300 2961 eum
334 2917 430 2961 emere
460 2899 525 2961 nisi
555 2899 678 2979 infinito
699 2897 802 2978 pretio
829 2916 893 2961 non
916 2901 1030 2978 posset,
1060 2895 1126 2960 emit

115 2985 211 3048 mutto
237 2985 351 3066 pluris,
378 3006 472 3067 onam
499 2987 608 3068 quanti
634 2990 713 3067 erat,
735 3004 797 3066 qua
819 2987 970 3067 emptione
992 2985 1124 3066 effectum

116 3078 168 3157 est,
190 3077 225 3137 nt
239 3074 383 3156 tepatarii
396 3075 439 3138 ad
452 3075 544 3156 tepem
558 3073 737 3138 Falcidiam
750 3078 971 3138 revocarentur.
1007 3090 1123 3156 quaero,

116 3182 200 3243 enm,
226 3164 255 3226 si
283 3164 402 3242 fundus
435 3164 527 3246 tanti,
558 3165 669 3244 quanti
695 3183 729 3226 re
755 3183 828 3227 oera
855 3162 980 3246 <erot>,
1014 3165 1122 3244 emptus

117 3255 203 3329 esset,
233 3252 331 3333 iepato
357 3271 421 3315 non
445 3251 572 3332 fererant
600 3272 758 3317 eneessura
784 3253 835 3316 ius
862 3252 936 3334 lepis
960 3250 1121 3328 Falcidiae,

187 3406 297 3462 lTrib.
318 3404 404 3461 adire.
448 3408 556 3463 nmio.
571 3406 698 3464 adierim.
745 3407 855 3463 3Trib.
874 3405 974 3462 aditio.
1016 3403 1119 3460 ΗΝ).

107 3475 277 3534 aditionem.
335 3485 350 3535 t
371 3479 446 3536 Trito.
466 3479 602 3534 adeundo.
