2430 3944
347 168 373 218 4.
397 163 428 218 L.
446 160 631 216 neamus
648 159 799 218 PRISCUS
1012 160 1078 226 321

61 326 274 411 discedamus,
294 348 391 411 quam
409 329 446 391 ut
463 347 566 391 novae
585 323 743 410 quaedam
762 324 979 410 obligationes
994 326 1080 391 inter

58 437 121 481 nos
145 415 395 481 constituantur.

426 538 476 604 De
498 539 716 604 communione.

150 645 203 711 25.
231 643 270 711 D.
287 645 338 730 10,
353 646 383 728 2,
397 646 450 710 54.
495 643 651 709 Neratius
679 644 765 710 libro
792 645 891 710 tertio
916 644 1077 711 Membra-

58 756 185 799 narnm.
214 769 256 781 -
283 733 335 798 Ex
367 733 545 799 hereditate
573 732 666 798 Lucii
693 730 787 816 Titii,
819 754 902 818 quae
934 733 1015 798 mihi
1044 738 1078 799 et

58 823 124 888 tibi
138 824 320 888 communis
335 825 415 909 erat,
427 822 521 887 fundi
535 829 662 906 partem
676 843 782 886 meam
797 822 945 906 alienavi,
960 823 1079 888 deinde

58 912 203 977 familiae
227 913 432 977 erciscundae
455 911 609 977 iudicium
632 911 718 976 inter
740 932 800 975 nos
824 914 991 995 acceptum
1017 915 1077 978 est.

58 999 831 1173 tacitaetacitaetettjttstdltff
847 1005 1078 1173 triete

58 1181 207 1243 remanet
238 1178 272 1242 in
304 1179 441 1261 pristino
473 1178 543 1243 iure
574 1177 833 1262 hereditarieque
866 1181 929 1260 est,
965 1185 1077 1242 tamen

59 1267 257 1332 alienatione
284 1288 374 1331 meae
401 1266 503 1351 partis
531 1267 599 1332 exit
624 1265 664 1330 de
686 1266 921 1333 communione.
967 1269 1077 1331 utrum

58 1360 170 1420 autem
201 1378 284 1420 unus
317 1357 411 1420 heres
443 1360 570 1438 partem
604 1376 696 1420 suam
722 1376 789 1419 non
817 1355 1008 1421 alienaverit
1035 1377 1079 1420 an

57 1445 184 1530 plures,
210 1444 293 1509 nihil
321 1445 471 1527 interest,
499 1444 646 1509 simodo
670 1443 779 1527 aliqua
800 1443 908 1528 portio
932 1444 1074 1509 alienata

58 1534 102 1598 ab
127 1533 237 1618 aliquo
261 1555 300 1597 ex
323 1533 495 1598 heredibus
518 1532 714 1597 hereditaria
737 1553 807 1597 esse
831 1532 940 1598 desiit.

469 1710 519 1776 De
540 1712 669 1795 nuptiis.

149 1819 201 1883 26.
220 1815 318 1901 D.50,
326 1817 390 1900 1,9.
427 1815 579 1882 Neratius
593 1817 677 1880 libro
692 1816 791 1880 tertio
806 1813 1077 1882 Membranarum.

58 1942 104 1954 -
121 1906 215 1987 Eius,
237 1907 292 1990 qui
315 1906 437 1970 iustum
461 1908 586 1989 patrem
608 1903 802 1989 nonhabet,
824 1905 929 1988 prima
947 1907 1038 1991 origo
1057 1928 1078 1970 a

57 2000 165 2060 matre
185 2015 286 2079 eoque
306 1995 367 2079 die,
391 2016 454 2079 quo
474 2016 513 2058 ex
533 2015 571 2058 ea
589 1993 693 2058 editus
712 1995 772 2077 est,
790 1993 955 2058 numerari
974 1994 1077 2059 debet.

148 2089 194 2148 De
226 2090 362 2148 materna
394 2089 510 2166 origine
542 2088 858 2164 0111).50‚1‚1,a,
892 2088 927 2146 de
959 2106 994 2147 eo
1024 2089 1077 2166 qui

57 2178 167 2238 matris
190 2176 394 2237 condicionem
417 2177 567 2255 sequitur,
590 2175 656 2236 Gai.
672 2179 700 2254 1,
716 2177 756 2236 67
769 2195 832 2253 sqq.

233 2349 283 2415 Da
304 2351 467 2415 mantione
488 2351 570 2414 inter
591 2348 695 2413 uirum
716 2352 745 2412 et
765 2367 901 2413 acorem.

149 2456 202 2522 27.
231 2455 269 2520 D.
283 2457 336 2535 23,
351 2457 381 2540 3,
396 2457 448 2521 53.
493 2455 647 2522 Neratius
676 2454 761 2518 libro
788 2453 886 2519 tertio
913 2452 1076 2518 Membra·

57 2568 185 2611 narum.
206 2580 246 2592 -
268 2543 349 2612 cum
372 2544 423 2610 vir
444 2545 537 2610 uxori
561 2544 681 2608 donare
702 2543 810 2627 vellet,
834 2542 960 2607 debitor
983 2542 1076 2606 muli·

58 2635 122 2700 eris
150 2634 206 2719 qui
229 2634 384 2700 solvendo
406 2656 475 2699 non
498 2637 567 2698 erat
590 2633 699 2697 dotem
722 2631 751 2696 ei
773 2631 931 2715 promisit
977 2631 1019 2695 ad
1042 2631 1075 2695 id

57 2724 238 2805 dumtaxat,
264 2722 303 2787 ad
327 2722 411 2806 quod
436 2722 591 2788 solvendo
614 2721 687 2803 fnit,
709 2719 772 2785 viri
794 2719 937 2804 periculo
961 2741 999 2785 ea
1021 2741 1076 2785 res

57 2816 123 2898 est,
155 2816 188 2877 et
215 2812 244 2877 si
271 2812 347 2895 quid
374 2811 514 2876 debitori
542 2811 582 2875 ad
610 2809 800 2875 solvendum
826 2808 994 2874 facultatis
1024 2830 1076 2873 ac-

59 2901 206 2980 cesserit,
232 2900 412 2984 periculum
440 2900 481 2964 ad
509 2921 580 2964 eam
608 2920 768 2963 summam
797 2918 879 2982 quae
905 2899 1077 2963 accesserit

59 2994 183 3056 crescet
199 2988 467 3074 permanebitque
486 2988 594 3067 etiam,
614 2988 642 3052 si
656 3008 767 3052 rursus
782 2986 955 3070 pauperior
968 2987 1075 3050 factus

60 3079 136 3161 erit,
162 3077 239 3163 qnia
259 3099 364 3162 neque
387 3082 466 3162 tum,
489 3099 562 3142 cum
585 3076 643 3141 dos
665 3075 920 3160 promitteretur,
943 3075 1075 3141 donatio

58 3166 148 3233 facta
176 3169 227 3232 est
253 3167 316 3231 nisi
344 3166 412 3231 eius
440 3166 594 3253 pecuniae
620 3185 704 3250 qnae
732 3187 752 3228 a
778 3164 925 3229 debitore
954 3163 1076 3228 servari

58 3277 127 3321 non
153 3259 298 3340 poterat,
325 3277 427 3340 neque
452 3276 525 3320 cunr
549 3253 702 3319 solvendo
725 3254 754 3318 is
779 3274 848 3318 esse
872 3254 992 3337 coepit,
1019 3252 1075 3317 do·

59 3345 202 3410 nationis
231 3365 329 3410 causa
355 3346 556 3429 permaneat,
584 3364 656 3407 cnm
683 3363 722 3406 eo
749 3342 821 3407 loco
849 3363 901 3406 res
926 3341 985 3424 sit,
1008 3361 1072 3424 quo

58 3437 155 3519 esset,
179 3434 208 3498 si
229 3437 300 3498 tum
322 3454 459 3519 quoque,
482 3455 554 3498 cum
577 3431 822 3516 promitteretur
840 3429 908 3514 dos,
931 3429 1076 3512 locuples

59 3522 184 3588 fuisset

111 3637 209 3686 Iurirpr.
222 3635 341 3678 antehadr.
354 3635 405 3677 rell.
418 3635 453 3677 ed.
467 3635 567 3676 Bremer.
590 3634 652 3688 11,r.
830 3626 870 3674 ‘m
