2430 3944
98 175 164 239 :uo
465 165 741 222 murmurum.
761 158 764 166 ’

101 336 227 403 uaros
255 332 408 416 pertinet,
440 329 521 394 utile
553 329 717 395 communi
752 327 930 395 dividundo
964 330 1118 396 iudicium

99 422 191 491 reddi
213 419 374 506 plerisque
397 418 528 502 placuit.

461 594 512 660 De
529 580 602 660 ‘iure
623 596 749 660 dotium.

189 722 240 787 76.
263 719 338 785 Vat.
357 718 396 784 fr.
413 718 485 784 115.
513 715 631 806 (Paul.)
653 755 691 765 —-
712 766 769 784 ...
788 740 808 781 a
827 718 1024 802 quibusdam
1043 722 1113 786 dici·

97 816 161 896 tur,
180 809 289 875 omnia
312 809 347 872 in
369 808 477 872 dotem
502 807 596 890 da<ri
620 807 745 891 posse).

189 899 240 962 77.
263 896 303 963 D.
318 895 370 978 25,
387 898 416 980 1,
431 896 461 970 5,
476 897 507 961 2.
543 894 704 979 Ulpianus
728 896 811 961 libro
835 896 1008 981 trigesimo
1028 901 1111 963 sexto

99 988 141 1053 ad
165 985 328 1051 Sabinum.
353 1021 395 1031 —-
421 983 456 1048 Si
484 984 542 1049 dos
566 985 674 1049 soluta
697 984 828 1050 sitnon
851 985 967 1050 habita
991 987 1111 1052 ratione

100 1077 331 1160 impensarum,
355 1072 524 1138 videndum
550 1079 608 1157 est,
632 1096 674 1138 an
697 1072 822 1138 eondioi
844 1076 952 1157 possit
975 1074 1011 1139 id
1033 1075 1110 1160 qnod

98 1186 158 1249 pro
192 1163 346 1246 impensis
379 1162 568 1226 necessariis
601 1163 805 1246 compensari
833 1162 928 1228 solet.
971 1166 1109 1229 ...etsi

99 1252 244 1336 plerique
267 1254 387 1336 negent
409 1298 461 1314 ...

189 1341 239 1404 78.
269 1338 306 1404 D.
322 1341 375 1421 23,
389 1338 419 1420 2,
433 1338 485 1403 33.
516 1337 608 1402 Idem
628 1335 686 1425 (se.
705 1336 895 1425 Marcellus)
915 1340 1000 1407 libro
1020 1343 1107 1407 tertio

99 1429 138 1493 ad
173 1429 279 1511 legem
312 1426 428 1490 Iuliam
461 1431 493 1490 et
520 1426 664 1512 Papiam.
688 1426 903 1512 -Plerique
932 1430 1109 1513 opinantur,

99 1539 172 1581 oum
201 1515 311 1579 eadem
340 1515 456 1579 mulier
484 1515 523 1579 ad
552 1516 688 1580 eundem
718 1516 823 1581 virum
851 1523 1053 1603 revertatur,
1081 1518 1107 1582 id

97 1604 340 1670 matrimonium
363 1603 447 1667 idem
473 1625 552 1669 esse.

190 1692 241 1757 79.
265 1691 304 1757 D.
314 1693 367 1776 23,
378 1693 407 1774 3,
418 1694 469 1757 66.
498 1692 587 1756 Idem
602 1691 659 1777 (so.
671 1691 885 1780 Pomponius)
898 1693 986 1760 libro
1003 1701 1108 1761 octavo

99 1782 141 1846 ad
165 1780 320 1857 Quintum
344 1780 494 1848 Mucium.
521 1817 559 1828 -
587 1779 621 1845 si
645 1781 868 1847 ususfructus
891 1782 1000 1865 fundi,
1028 1787 1108 1850 euius

102 1870 336 1955 proprietatem
361 1871 478 1934 mulier
500 1891 567 1934 non
590 1870 746 1951 habebat,
769 1870 854 1935 dotis
876 1874 1013 1938 nomine
1037 1874 1108 1938 mihi

98 1981 119 2023 a
140 1959 271 2024 domino
290 1960 499 2043 proprietatis
520 1959 621 2041 detur,
640 1957 815 2023 difficultas
834 1960 897 2023 erit
916 1966 995 2045 post
1013 1964 1107 2027 divor-

100 2049 183 2112 tium
217 2049 302 2113 eirca
329 2047 526 2111 reddendum
559 2047 610 2110 ius
638 2047 764 2110 mulieri
872 2050 1009 2132 quidam
1039 2072 1107 2136 ergo

100 2137 235 2202 remedii
254 2138 325 2201 loeo
346 2184 375 2200 ..
394 2140 588 2219 putaverunt
606 2135 882 2221 introducendum,
904 2143 942 2202 ut
961 2142 1013 2204 vel
1033 2141 1107 2204 locet

98 2225 185 2289 hunc
203 2247 297 2289 usum
317 2225 458 2290 fructum
477 2224 604 2288 mulieri
624 2225 760 2288 maritus
780 2225 830 2288 vel
845 2226 967 2291 vendat
981 2249 1105 2293 nummo

99 2335 173 2397 sue,
202 2317 238 2377 ut
265 2314 370 2396 ipsum
399 2312 526 2397 quidem
554 2313 604 2376 ius
634 2318 799 2376 remaneat
827 2336 927 2397 penes
952 2319 1105 2396 maritum,

97 2404 262 2484 perceptio
286 2423 361 2465 vero
384 2401 548 2466 fructuum
571 2400 612 2463 ad
634 2402 800 2465 mulierem
824 2403 996 2485 pertineat.

243 2576 293 2642 De
314 2579 529 2643 donationibus
551 2580 632 2643 inter
653 2580 756 2643 uirum
778 2584 807 2644 et
827 2601 965 2646 uxoren.

190 2701 254 2765 80?
284 2700 323 2766 D.
336 2704 390 2785 41,
404 2704 435 2781 2,
452 2705 484 2787 l,
497 2705 527 2766 4.
568 2701 690 2766 Paulus
713 2703 797 2767 libro
821 2705 1102 2790 quinquagensimo

100 2793 215 2872 quarto
244 2790 283 2854 ad
312 2791 461 2855 edietum.
480 2827 522 2836 -
543 2789 577 2854 si
602 2792 649 2854 vir
673 2792 765 2855 uxori
791 2793 884 2857 cedat
906 2797 1102 2876 possessione

102 2878 286 2942 donationis
310 2901 416 2963 eausa,
439 2880 584 2963 plerique
607 2883 724 2962 putant
741 2880 907 2963 possidere
928 2904 1010 2967 eam,
1034 2904 1101 2968 quo

97 2967 186 3029 niam
211 2989 262 3030 res
286 2966 363 3030 faeti
387 2967 544 3032 infirmari
568 2970 636 3032 iure
659 2969 747 3032 eivili
769 2991 835 3034 non
859 2977 978 3052 potest.

189 3056 239 3120 81.
268 3054 307 3119 D.
323 3056 422 3140 24,1,
438 3057 489 3138 36,
506 3059 533 3121 1.
571 3057 690 3121 Paulus
717 3058 800 3122 libro
825 3057 995 3144 trigesimo
1019 3062 1099 3124 sexto

99 3143 139 3205 ad
155 3143 303 3208 edietum.
317 3182 354 3193 —
368 3143 513 3228 Sponsus
529 3145 668 3210 alienum
683 3146 816 3211 anulum
832 3169 973 3231 sponsae
987 3145 1099 3212 muneri

98 3232 188 3296 misit
216 3238 249 3297 et
273 3238 349 3316 post
371 3234 502 3317 nuptias
525 3256 584 3318 pro
608 3257 645 3298 eo
670 3257 763 3299 suum
788 3235 885 3300 dedit.
932 3237 1057 3320 quidam
1075 3283 1097 3297 ..

97 3324 215 3401 putant
234 3321 303 3385 fieri
323 3344 395 3385 eum
411 3322 563 3406 mulieris,
583 3324 659 3406 quia
673 3327 749 3388 tuno
763 3323 884 3388 factam
900 3325 1096 3391 donationem

96 3408 286 3472 confirmare
310 3410 444 3491 videtur,
466 3433 532 3476 non
554 3433 672 3476 novam
696 3412 859 3477 inchoare.

185 3520 220 3580 ef.
244 3519 283 3597 Il,
301 3524 316 3578 1
337 3540 365 3596 p.
382 3523 453 3582 306.
