2430 3944
410 196 435 245 5.
458 189 575 245 TITIUS
593 189 726 245 afflare
1009 191 1074 255 373

291 429 331 488 Π.
363 428 519 489 Decreta
542 423 840 508 Front<on>iana

147 571 330 631 Triboniano
355 575 432 630 teste
455 571 638 647 Pomponius
661 572 692 630 in
715 572 794 631 libro
819 573 914 648 primo
939 574 1073 632 senatus·

54 661 263 720 consultorum
281 661 318 718 D.
334 663 385 740 29,
400 662 430 738 2,
447 662 487 721 99
509 660 583 720 baec
606 661 738 736 scripsit:
762 654 877 721 ‘Aristo
896 660 928 719 in
947 660 1074 719 decretis

53 748 229 809 Frontianis
248 749 293 807 ita
310 743 423 808 refert'.
460 749 570 825 quibus
589 767 657 808 oum
677 749 805 808 decretis
818 748 906 808 Pauli
924 748 1002 808 liber
1015 748 1073 808 De·

55 840 209 897 cretosum
234 832 279 916 (P.
295 830 440 919 56—80)
465 838 584 897 videtur
609 838 838 913 comparandus,
863 841 1074 914 praeterquam

55 926 137 1002 quod
165 925 221 985 hoc
249 944 338 1002 opere
365 927 570 1005 imperatoris,
601 927 655 985 illo
684 927 813 1005 consulis
842 926 1011 1005 cuiusdam,
1042 926 1074 985 id

57 1014 139 1093 quod
163 1014 321 1091 Pomponii
348 1015 425 1074 liber
452 1019 573 1075 senatus
597 1016 804 1075 consultorum
827 1019 930 1093 aperte
952 1015 1073 1088 indicat,

55 1105 179 1163 decreta
205 1104 458 1179 proponebantur.
504 1104 645 1164 Karlowa
666 1103 724 1181 Ip.
742 1107 813 1165 700.
859 1104 931 1163 Atei
956 1122 1074 1181 quoque

28 1220 30 1222 ’
56 1191 213 1268 Capitonis
237 1192 368 1251 consulis
393 1193 505 1251 decreti
528 1194 702 1252 memoriam
724 1192 756 1251 in
773 1193 848 1252 iuris
868 1193 1074 1253 consultorum

57 1282 146 1340 libris
171 1284 273 1360 estare
297 1299 389 1357 supra
411 1280 558 1358 Hpaes
583 1282 722 1342 vidimus.
760 1282 863 1341 Aristo
887 1281 983 1360 igitur
1006 1299 1074 1340 con·

56 1369 132 1430 salis
160 1369 317 1429 cuiusdam
346 1371 467 1429 decreta
493 1370 713 1448 memorabilia,
745 1371 860 1430 scilicet
888 1389 924 1429 ex
952 1372 1074 1429 senatus

56 1459 208 1518 sententia
235 1459 330 1535 facta,
357 1458 478 1518 videtur
505 1458 647 1534 edidisse,
677 1478 805 1536 quocum
832 1459 973 1520 convenit
995 1458 1074 1536 quod

56 1547 186 1606 eundem
212 1546 386 1607 Aristonem
415 1541 462 1607 ‘de
491 1551 614 1607 senatus
638 1541 780 1608 decretis'
809 1549 980 1608 consultum
999 1566 1074 1607 esse

55 1654 149 1713 supra
171 1656 200 1712 p.
216 1638 278 1696 365
303 1635 440 1696 vidimus.

148 1725 214 1782 Iam
242 1725 411 1800 quaeritur,
445 1725 511 1800 quis
542 1725 595 1784 ille
627 1725 732 1784 consul
759 1725 859 1786 fuerit.
909 1726 1075 1785 Mommsen

58 1814 88 1873 Z.
103 1814 124 1873 f.
140 1811 203 1873 Re.
218 1812 356 1872 V11476
381 1833 409 1873 n.
425 1816 443 1873 3
464 1813 519 1872 ait:
545 1807 710 1874 ‘vielleieht
731 1813 772 1872 ist
794 1833 831 1872 zu
853 1814 936 1872 lesen
955 1813 1075 1873 decreta

58 1902 259 1961 Frontiniana
268 1901 330 1960 und
339 1922 375 1960 zu
385 1903 501 1961 denken
511 1921 550 1960 an
560 1902 618 1961 den
628 1902 873 1962 alsStaatsmann
881 1901 1074 1961 undSohrift·

61 1990 164 2051 steller
187 1990 285 2067 gleioh
309 1991 576 2068 ausgezeiehneten
599 1991 664 2049 Sex.
688 1991 744 2050 Iul.
764 1990 936 2068 Frontinus,
959 1990 1075 2049 Konsnl

59 2100 127 2138 aum
142 2083 242 2140 ersten
255 2079 317 2138 Mal
331 2083 420 2139 unter
433 2079 595 2149 Domitian,
614 2099 681 2137 zum
695 2079 819 2139 zweiten
832 2078 911 2138 Male
925 2080 966 2137 im
980 2079 1008 2138 J.
1024 2081 1075 2152 97,

56 2189 125 2228 zum
141 2169 256 2228 dritten
268 2168 385 2227 Malim
399 2169 427 2226 J.
444 2163 528 2227 100⁹.
565 2168 707 2227 Karlowa
721 2169 740 2227 l.
755 2187 778 2229 e.
793 2168 932 2243 fortasse,
950 2168 981 2225 id
995 2166 1075 2242 quod

56 2258 154 2333 magis
178 2257 286 2332 placet,
305 2258 341 2315 de
361 2254 499 2315 Cornelio
518 2256 678 2334 Frontone,
697 2256 818 2317 consule
838 2257 909 2315 anni
931 2258 1004 2332 100,
1022 2255 1073 2332 agi

57 2346 178 2405 conicit.
223 2346 259 2404 of.
274 2345 368 2405 Lenel
386 2345 419 2404 P.
434 2345 448 2402 I
468 2344 522 2404 col.
539 2347 579 2406 59
599 2366 627 2405 n.
645 2349 673 2405 1.

150 2464 189 2528 D.
199 2463 252 2544 29,
262 2466 292 2548 2,
302 2464 354 2528 99.
390 2462 589 2546 Pomponius
613 2465 697 2530 libro
721 2465 826 2550 primo
849 2467 981 2528 senatus
1000 2483 1076 2527 con-

58 2554 219 2618 sultorum
237 2548 287 2638 (P.
299 2550 389 2639 806).
406 2589 444 2598 -
464 2552 574 2617 Aristo
592 2554 627 2618 in
645 2553 781 2619 decretis
800 2551 1074 2637 Front<on>ianis

57 2643 106 2706 ita
134 2640 248 2705 refert:
277 2662 349 2706 oum
382 2641 463 2707 duae
491 2641 578 2707 filiae
605 2643 693 2727 patri
715 2642 918 2707 necessariae
941 2639 1076 2704 heredes

58 2729 275 2813 exstitissent,
303 2729 406 2794 altera
433 2753 467 2796 se
495 2734 632 2816 paterna
659 2732 861 2796 abstinuerat
887 2730 1075 2812 hereditate,

58 2819 163 2883 altera
182 2819 269 2883 bona
287 2822 424 2904 paterna
441 2820 603 2884 vindicare
622 2823 792 2904 totumque
812 2841 894 2884 onus
914 2818 1076 2904 suscipere

57 2912 176 2993 parata
191 2911 269 2972 erat.
307 2912 454 2972 sanctum
470 2906 620 2973 Cassium
633 2912 815 2991 praetorem
831 2930 930 2973 causa
943 2907 1076 2991 cognita

59 2997 205 3062 actiones
233 2996 446 3061 hereditarias
474 2997 571 3061 utiles
600 2997 752 3062 daturum
780 3001 866 3062 reete
894 2996 1076 3080 pollicitum

58 3087 98 3171 ei,
117 3107 200 3169 quae
220 3085 260 3149 ad
279 3085 491 3149 hereditatem
511 3086 613 3169 patris
634 3089 813 3152 accesserat
828 3086 1075 3171 denegaturum·

57 3197 121 3259 que
146 3175 189 3257 ei,
213 3195 295 3258 quae
319 3195 352 3238 se
377 3174 587 3238 abstinuerat.

149 3286 194 3345 De
227 3285 330 3344 Cassio
362 3288 501 3360 praetore
534 3306 561 3346 v.
590 3283 681 3362 supra
707 3307 736 3362 p.
761 3288 812 3345 27.
863 3285 1015 3343 decretum
1039 3282 1076 3340 de

59 3395 117 3452 quo
139 3393 235 3434 sermo
255 3376 310 3451 est,
334 3374 371 3432 ad
391 3378 512 3433 senatus
532 3375 699 3434 consultum
718 3373 908 3433 Velleianum
927 3371 1076 3447 pertinere

58 3463 154 3523 Lenel
175 3462 208 3521 P.
222 3462 254 3521 H
276 3462 331 3522 col.
348 3464 409 3523 149
433 3482 462 3522 n.
481 3467 496 3522 1
526 3466 607 3523 reete
631 3463 751 3524 conicit:
781 3456 1015 3521 ‘animadvertas
1039 3459 1079 3517 de

57 3552 179 3612 filiabus
204 3552 267 3627 agi,
290 3569 351 3609 non
374 3551 411 3610 de
434 3547 525 3611 filiis'.
