2430 3944
97 190 163 259 ten
200 189 233 246 u.
253 187 402 245 usuras
421 185 761 243 dermursur.
779 185 877 242 rurus
897 185 1084 243 cousuun

395 376 445 442 De
466 377 616 458 emptione
637 377 815 442 venditione.

186 493 229 558 l?
261 491 301 556 D.
314 492 412 574 41,4,
426 493 456 573 2,
473 492 501 556 6.
552 490 672 556 Paulus
703 492 789 556 libro
821 493 1115 578 quinquagensimo

97 587 214 669 quarto
239 580 280 645 ad
302 580 450 644 edictum.
473 616 517 626 -
541 578 622 645 Oum
646 577 795 645 Stichum
818 583 980 661 emissem,
1009 581 1115 646 Dama

96 693 155 757 per
177 671 398 756 ignorantiam
422 669 502 732 mihi
520 690 579 753 pro
600 690 637 734 eo
656 669 795 734 traditus
815 675 874 736 est.
917 670 1052 736 Priscus
1071 672 1115 736 ait

97 782 157 826 usu
177 781 228 822 me
248 781 319 822 eum
339 780 405 821 non
425 761 613 841 capturum,¹
629 759 704 842 quia
723 757 755 821 id
775 760 861 842 quod
881 765 1030 843 emptum
1048 781 1114 825 non

98 849 155 931 sit,
182 869 241 932 pro
266 851 410 929 emptore
438 847 574 929 usucapi
601 869 666 910 non
694 847 823 930 potest3'
851 847 908 912 sed
936 848 965 912 si
993 848 1113 913 fundus

96 940 224 1020 emptus
249 937 293 999 sit
311 938 344 998 et
364 935 538 1019 ampliores
556 935 638 998 fines
656 936 799 1020 possessi
818 935 893 1017 sint,
917 940 1026 1001 totum
1045 957 1114 1002 usu-

96 1023 199 1109 capi¹,
228 1024 381 1108 quoniam
405 1022 599 1087 universitas
624 1023 692 1088 eius
715 1024 933 1108 possideatur,
958 1047 1024 1090 non
1050 1026 1112 1090 sin·

96 1115 192 1200 gulae
215 1116 335 1196 partes.

260 1271 310 1337 De
332 1273 622 1354 interropotiooibus
644 1274 679 1337 io
701 1274 770 1338 iore
789 1272 951 1354 faciendis.

140 1442 150 1452 κ
186 1389 215 1453 8.
249 1387 287 1452 D.
309 1388 360 1470 11,
381 1388 480 1472 1,20‚
501 1389 529 1452 1.
579 1387 699 1452 Paulus
727 1389 811 1453 libro
840 1389 981 1454 secundo
1010 1387 1112 1462 Quae·

98 1479 240 1542 stionum
262 1513 299 1522 -
320 1474 359 1539 In
377 1477 446 1539 iure
465 1481 694 1560 interrogatus,
716 1499 758 1541 an
778 1477 914 1542 fundum
937 1477 1111 1561 possideat,

96 1587 215 1650 quaero
243 1586 286 1628 an
309 1564 503 1648 respondere
526 1565 689 1650 cogendus
713 1565 757 1630 sit
779 1570 812 1630 et
834 1570 934 1650 quota
957 1587 997 1631 ex
1020 1571 1110 1651 parte

95 1654 229 1719 fundum
249 1653 422 1737 possideat.
463 1653 630 1739 respondit
651 1653 825 1719 Iavolenus
849 1654 963 1720 scribit
986 1676 1111 1739 posses·

97 1763 203 1807 sorem
226 1742 318 1806 fundi
343 1742 417 1826 cogi
444 1742 559 1807 debere
585 1743 793 1827 respondere,
821 1747 922 1827 quota
950 1766 990 1808 ex
1018 1748 1110 1830 parte

96 1831 231 1896 fundum
252 1830 430 1916 possideat,
452 1835 490 1896 ut
513 1831 541 1895 si
565 1832 689 1896 minora
713 1853 752 1895 ex
774 1840 866 1915 parte
890 1832 1057 1916 possidere
1078 1854 1110 1897 se

96 1919 195 2005 dicat,
226 1920 260 1984 in
292 1919 390 1984 aliam
422 1924 562 2004 partem,
595 1941 677 2003 quae
707 1942 773 1984 non
807 1920 1047 2008 defenderetur,
1078 1922 1109 1986 in

60 2037 62 2040 ’
95 2010 334 2093 possessionem
358 2012 449 2073 actor
471 2008 630 2074 mittatur.

388 2167 438 2232 De
457 2169 584 2250 plaudis
606 2169 815 2250 appellatione.

185 2285 214 2350 9.
251 2283 291 2348 D.
314 2283 370 2365 50,
393 2283 448 2367 16,
469 2283 548 2366 236,
569 2284 596 2348 1.
654 2283 745 2348 Idem
782 2281 839 2370 (sc.
873 2283 989 2372 Gaius)
1027 2284 1108 2349 libro

96 2377 211 2457 quarto
245 2374 284 2436 ad
316 2373 423 2458 legem
456 2372 623 2436 duodecim
656 2373 840 2437 tabularum
876 2410 913 2419 —
948 2372 1109 2438 ‘Glandis'

30 2539 33 2547 ι
96 2461 314 2546 appellatione
346 2460 451 2525 omnis
484 2461 608 2525 fructus
641 2461 838 2545 continetur,
871 2466 908 2526 ut
937 2461 1107 2527 Iavolenus

96 2555 154 2632 ait,
179 2550 330 2634 exemplo
359 2547 474 2612 Graeci
503 2550 674 2634 sermonis,
703 2550 789 2634 apud
816 2572 896 2634 quos
927 2572 1040 2616 omnes
1064 2573 1109 2615 ar·

95 2638 210 2702 borum
234 2639 356 2721 species
380 2635 549 2724 ἀκρόδρυα
572 2639 787 2722 appellantur.

101 2951 139 3036 7.
168 2959 207 3032 Ρ.
236 2960 498 3033 IUVENTIUS
522 2960 695 3034 CELSUS
720 2960 858 3033 TITUS
884 2961 1106 3035 AUFIDIUS

329 3084 541 3157 HOENIUS
570 3084 873 3159 SEVERIANUS

182 3227 314 3288 Iuventii
324 3227 403 3288 Celsi
417 3221 468 3310 (dc
482 3249 541 3305 quo
557 3248 647 3305 supra
660 3251 689 3306 p.
701 3221 780 3311 256)
794 3229 883 3306 filius,
899 3249 968 3289 cum
980 3250 1056 3291 anno
1067 3230 1104 3289 95

94 3319 199 3377 contra
234 3317 435 3376 Domitianum
473 3319 704 3394 conspiravisset
741 3311 813 3400 (Dio
845 3316 928 3379 Cass.
957 3322 1013 3397 67,
1044 3310 1104 3398 13),

95 3424 150 3465 sua
168 3406 333 3465 ealliditate
350 3405 482 3482 periculo
501 3406 647 3468 liberatus
662 3427 739 3468 anuo
756 3409 818 3468 106
835 3408 883 3468 vel
900 3411 964 3468 107
980 3412 1104 3484 praetor,

163 3561 178 3613 1
200 3558 279 3616 Trio.
297 3557 382 3630 longo
400 3559 526 3628 tempore
545 3559 616 3628 capi.
