2430 3944
92 191 162 256 460
197 191 230 244 V.
249 188 399 244 NERVAE
418 189 465 245 ΕΤ
483 189 636 246 TRAIANI
654 189 761 246 TEMP.
779 189 876 244 IURIS
894 187 1074 245 CONSULTI

95 355 232 434 interest,
262 358 367 418 omnm
398 374 436 418 en
467 355 678 422 numeratione
702 353 838 436 pecnnia
868 354 914 418 aa
943 373 1017 418 enm
1043 353 1105 418 sine

95 463 191 509 cansa
213 462 256 506 an
273 463 332 524 per
353 443 611 523 omeptiiationem
631 442 808 524 pervenerit.

187 531 216 595 6.
241 530 280 594 D.
294 531 347 613 23,
360 532 391 611 3,
405 531 457 595 57.
496 529 665 595 Iavolenus
685 530 768 595 libro
787 530 893 612 primo
912 551 952 595 ex
972 529 1105 595 Plautio.

96 655 139 667 -
163 620 313 701 antmra
338 620 404 700 pito
429 620 573 701 familias
599 621 628 684 si
652 640 751 684 soeero
773 620 871 683 dotem
893 619 940 682 iia
964 615 1105 683 dixerit:

96 707 189 792 ‘prod
213 709 299 790 filins
327 713 398 773 iares
420 708 498 773 mitri
520 706 613 785 debet,
640 709 675 772 id
695 709 760 772 doti
783 708 839 772 tibi
860 706 939 786 erit,
968 709 1107 772 interesse

90 802 178 880 pato,
199 802 305 861 ntrnm
326 797 388 879 pite·
410 797 552 879 obtipatio
574 817 618 860 an
634 797 740 878 patris
756 797 927 877 perseeatio
947 801 978 860 et
995 798 1032 860 in
1048 817 1106 860 rem

95 906 218 951 versam
249 882 399 950 dictioni8
431 886 629 950 eontineatnr.
678 905 755 948 nam
781 886 810 948 si
836 886 872 949 iet
901 885 986 968 qnod
1011 885 1106 967 filiam

96 975 172 1038 dare
188 978 303 1055 oportet
319 974 527 1056 sipnifieatam
544 979 597 1054 esi.
620 978 682 1039 tota
694 975 838 1056 pecnnia,
860 974 896 1036 in
914 994 1011 1055 qnam
1028 975 1107 1055 titios

97 1062 248 1145 obtipatns
274 1067 330 1145 est,
355 1060 505 1127 dictioni²
526 1063 606 1126 dotis
628 1062 845 1139 continetiam
872 1062 924 1126 sin
946 1067 1050 1126 antem
1070 1062 1107 1140 ii,

97 1152 180 1234 qnod
196 1156 319 1233 patrem
341 1152 513 1233 depotatio
535 1151 582 1216 oet
603 1151 639 1215 in
660 1172 725 1214 rem
747 1170 831 1215 verso
845 1156 1010 1231 praestare
1027 1171 1105 1233 apar-

99 1239 219 1322 te[bi]t‚
242 1241 405 1304 aestimare
427 1240 539 1304 debebit
555 1244 705 1321 qnantum
723 1241 766 1305 sit
781 1259 813 1303 ea
833 1244 965 1322 tempore
985 1241 1019 1304 m
1035 1239 1108 1322 qnod

98 1325 239 1406 dicitnr³‚
265 1333 302 1392 nt
326 1349 363 1391 eo
389 1348 512 1392 snmma
538 1328 618 1393 dotis
644 1348 705 1392 esse
728 1329 877 1412 oideatmr,
903 1348 968 1409 qna
992 1333 1107 1410 patrem

98 1437 131 1481 eo
154 1421 284 1497 tempore
305 1416 367 1498 atti
388 1417 511 1481 nomine
533 1418 730 1481 condemnari
752 1415 928 1498 oporteret4.
971 1415 1106 1499 [quodsi

98 1525 163 1569 non
180 1506 331 1568 evidenter
348 1507 505 1589 apparati,
522 1507 559 1569 cte
576 1506 663 1570 onias
680 1506 792 1569 mntier
809 1505 994 1587 obtipatione
1011 1506 1105 1585 sensit,

92 1595 375 1675 praesumptionem
402 1595 445 1659 ad
468 1595 531 1677 sitii
556 1595 690 1659 debitam
716 1598 850 1675 spectare
872 1594 1106 1675 verisimilem,

99 1682 165 1745 nisi
186 1682 407 1747 evidentissime
429 1683 620 1748 eontrarium
642 1683 852 1764 adprobem]

188 1793 224 1852 af.
249 1792 438 1854 Gradenwitz
462 1793 492 1852 Z.
516 1793 544 1852 d.
569 1793 695 1854 San-St.
719 1793 792 1872 VII,
816 1795 912 1871 72sq.

400 1964 450 2030 De
471 1965 646 2030 hereditatis
663 1966 816 2047 petitione.

190 2083 218 2145 7.
241 2081 282 2146 D.
296 2081 326 2165 5,
341 2081 370 2163 3,
384 2081 435 2145 44.
480 2079 651 2144 Iavolenus
674 2080 758 2144 libro
782 2080 887 2163 primo
912 2103 951 2145 ex
976 2081 1103 2145 Plautio.

102 2207 140 2216 -
170 2168 312 2248 CamiS,
340 2170 393 2250 qni
416 2169 547 2251 tepotnm
570 2190 607 2233 ea
630 2173 805 2234 testamento
821 2171 971 2251 percepit,
999 2170 1104 2234 hereti·

100 2263 191 2323 tatem
213 2260 304 2341 petit,
332 2259 360 2323 si
388 2258 520 2339 tepotnm
546 2278 732 2339 qnoenmqne
758 2260 846 2322 modo
873 2260 1031 2323 redditam
1051 2277 1104 2322 non

98 2349 153 2424 sit,
180 2348 292 2424 indicis
317 2347 418 2428 officio
442 2347 620 2423 continetur,
646 2347 810 2411 ntoietori
831 2348 957 2411 deotmoto
980 2345 1106 2429 eoquod

99 2436 216 2517 aceepit
236 2437 414 2500 restitaotnr
436 2433 592 2499 hereditas.

523 2650 630 2711 Liber
652 2651 692 2711 II.

402 2770 451 2836 De
473 2772 621 2852 emptione
642 2772 819 2835 venditione.

190 2886 219 2948 8.
244 2884 282 2948 D.
294 2887 385 2969 18‚2,
397 2887 446 2951 19.
483 2885 654 2950 Iavolenus
668 2886 751 2949 libro
767 2887 907 2952 seeundo
924 2909 962 2951 ex
979 2887 1105 2952 Plautio.

100 3008 146 3020 -
168 2973 281 3038 Fando
307 2976 343 3037 in
369 2976 450 3039 etiem
477 2976 597 3039 addicto
623 2976 652 3039 si
672 2980 779 3056 postea
802 2978 940 3056 pretinm
964 2978 1104 3042 adiectam

101 3067 146 3126 est
175 3066 204 3126 et
233 3063 369 3127 venditor
400 3065 463 3128 otio
493 3064 592 3144 fnmto
623 3064 769 3145 applicito
796 3085 865 3127 enm
892 3066 999 3146 ipsnm
1022 3063 1105 3148 fnmti

95 3152 263 3234 posteriori
294 3153 423 3234 emptori
454 3153 575 3217 addixit
605 3158 633 3216 et
664 3151 698 3216 iri
728 3153 794 3217 sine
825 3153 893 3218 doio
925 3153 1103 3237 malefecit,

93 3241 200 3322 priori
222 3241 349 3322 emptori
372 3240 520 3322 obtipatas
542 3262 605 3305 non
627 3242 691 3305 erit.
732 3261 808 3305 nam
831 3245 976 3323 quamvis
998 3238 1105 3308 nonii

101 3333 236 3408 tantam,
264 3330 345 3411 qnod
371 3333 406 3392 in
428 3330 509 3394 diem
530 3331 687 3395 addictam
709 3336 786 3408 erat,
813 3332 867 3394 sed
887 3332 980 3397 atinoi
1000 3346 1103 3414 qnoque

173 3489 188 3538 1
211 3487 286 3542 Trio.
305 3483 472 3555 promiserit.
537 3491 553 3538 2
576 3485 649 3541 Trib.
669 3485 855 3555 promissioni.
917 3487 1032 3543 orreo.
1048 3497 1100 3556 pm·

97 3555 230 3614 mittitur.
303 3562 321 3612 4
340 3556 387 3614 Fe.
406 3557 556 3628 oportebit.
