2430 3944
103 157 167 222 106
185 157 232 214 III.
244 157 320 214 GAII
331 155 477 213 CLAUDII
486 156 620 213 NDDON.
631 155 774 212 GALBAD
784 155 895 215 rsuP.
903 155 1003 214 Imus
1013 155 1113 217 OONS.
1131 194 1135 231 :

98 325 243 386 Servilius
267 317 400 406 refert’),
427 325 552 385 Neratio
577 317 626 399 (D.
642 327 693 397 34,
710 326 738 398 2,
754 327 840 404 32,5
864 319 1022 386 ‘Neratius
1044 325 1133 401 Pro<

98 416 200 474 culum
223 415 315 475 refert
338 409 564 492 respondisse'),
587 412 673 473 Celso
693 406 744 495 (D.
761 416 811 485 19,
828 418 857 488 1,
872 416 959 490 38,2
982 408 1132 485 ‘Firmuap

97 522 117 563 a
135 504 262 562 Proculo
282 504 455 579 quaesiit..
470 503 543 563 .ille
561 495 751 582 rescripsit),
768 503 897 575 Inliano,
915 503 969 580 qui
986 503 1131 575 maxims·

97 591 184 651 libris
208 592 253 649 IV
276 587 327 651 ad
349 591 490 651 Urseium
517 585 670 650 Ferocem'
700 583 748 672 (P.
767 549 960 674 883-928)
992 590 1111 653 Proculi

97 699 240 756 responsa
268 680 395 756 posteris
418 681 502 740 ridet
503 699 540 738 ur
568 679 729 739 tradidisse
756 670 809 760 (of.
832 680 867 739 D.
890 683 945 756 10,
965 683 985 740 2
991 681 1158 757 3,233.

99 771 239 847 10,3,.5
264 770 426 847 23,,.348
450 771 636 846 40,,,.971
661 761 1158 848 12,,.,,5511118)Ρ33133

97 815 150 939 (ns
164 861 192 930 5,
208 861 238 935 3,
254 861 304 931 33,
320 815 359 933 ri
374 856 552 934 33333333
571 814 622 938 (n
639 860 689 929 19,
705 858 733 934 2,
750 859 800 935 15,
815 860 845 918 3.
866 855 940 918 333
958 861 1044 930 rar
1046 849 1135 940 ‚set

185 947 252 1005 Huo
275 965 310 1005 33
332 949 453 1006 tantum
475 964 619 1022 responsa
641 946 785 1023 congessi,
809 965 885 1023 quae
904 946 1109 1022 Epistularum
1134 1002 1149 1021 ¹.

99 1035 185 1095 libris
209 1034 354 1095 Proculus
377 1054 436 1095 non
459 1035 580 1094 videtur
602 1035 772 1094 inseruisse.

400 1232 408 1243 '
474 1224 525 1290 Dc
547 1225 739 1290 testamentis.

384 1355 431 1413 Dc
454 1355 637 1428 adquirendo
658 1355 821 1414 hereditate.

185 1474 214 1536 1.
248 1472 286 1536 D.
305 1474 336 1552 4,
356 1473 386 1554 6,
405 1472 457 1555 35,
476 1473 506 1538 9.
551 1473 672 1537 Ρ33133
701 1473 786 1538 libro
814 1473 914 1538 tertio
943 1473 986 1538 ad
1009 1474 1111 1558 legem

95 1561 213 1625 lutiam
243 1563 275 1625 et
301 1561 437 1644 Papiam
460 1557 510 1646 (P.
529 1558 619 1648 939).
643 1598 686 1608 —
710 1561 869 1626 Vivianus
898 1562 1014 1627 scribit
1036 1563 1106 1629 Pro·

95 1649 204 1714 culum
227 1649 432 1732 respondisse
456 1650 606 1728 militem,
630 1651 684 1734 qui
708 1654 891 1715 commeatu
915 1651 1013 1734 absit,
1038 1651 1107 1716 dum

95 1739 225 1802 domum
255 1737 345 1803 vadit
378 1742 434 1802 aut
465 1737 561 1821 redit,
593 1739 640 1803 rei
672 1740 819 1819 publicae
852 1761 952 1804 33333
985 1741 1107 1822 abessa

96 1827 173 1890 dum
198 1828 287 1892 domi
311 1828 369 1910 sit,
392 1848 459 1891 non
483 1827 604 1892 abesse.

186 1939 222 1998 cf.
234 1938 303 2014 Ulp.
315 1941 366 2018 16,
383 1942 412 1997 1.
437 1933 677 2016 Ἃ1333333333
696 1940 727 1998 33
744 1957 820 1997 uxor
837 1938 918 1998 inter
937 1958 970 1998 se
984 1939 1112 1999 solidum

96 2046 203 2103 capere
226 2030 362 2105 possunt,
385 2029 514 2087 velut..
530 2074 536 2087 .
552 2029 578 2086 si
595 2028 643 2088 vir
660 2021 726 2105 <rei
743 2028 880 2103 publicae
899 2023 1014 2108 causa>
1034 2029 1111 2089 absit

97 2120 128 2176 et
151 2117 243 2176 donec
267 2118 353 2176 abest
371 2122 402 2176 33
420 2117 500 2176 intra
519 2135 640 2193 annum,
662 2119 824 2193 postquam
842 2117 947 2176 abesse
969 2110 1114 2177 desierit’.

183 2219 213 2282 2.
237 2218 276 2282 D.
293 2219 388 2300 11‚1,
406 2218 455 2283 18.
491 2217 637 2281 Iulianus
658 2216 742 2282 libro
762 2223 879 2302 quarto
900 2218 941 2281 ad
959 2215 1116 2285 Urseium

95 2305 249 2371 Ferocem
273 2305 324 2389 (P.
338 2304 427 2393 923).
449 2343 487 2352 -
510 2305 572 2382 Qui
596 2328 634 2369 ex
657 2310 752 2390 parte
775 2306 907 2370 dimidia
926 2307 1022 2371 heres
1042 2309 1117 2371 erat

95 2416 167 2458 oum
196 2396 363 2459 absentem
392 2393 582 2459 coheredem
610 2417 703 2458 suum
731 2393 901 2459 defendere
929 2394 1049 2479 vellet,
1081 2399 1119 2460 ut

96 2482 319 2547 satisdationis
350 2504 430 2547 onus
458 2483 580 2546 evitare
608 2483 727 2566 possit,
754 2483 924 2566 respondit
947 2504 982 2547 33
1007 2485 1117 2549 solum

95 2570 247 2635 heredem
275 2591 344 2634 esse
373 2573 406 2635 33
434 2571 669 2635 condemnatus
698 2575 755 2636 est.
804 2571 982 2654 quaerebat
1012 2576 1118 2656 actor,

97 2680 170 2723 oum
201 2659 270 2743 ipse
302 2658 454 2724 solvendo
483 2681 549 2724 non
577 2664 675 2739 esset,
708 2682 750 2724 33
777 2661 915 2725 rescisso
945 2663 1118 2744 superiore

95 2746 212 2812 iudicio
245 2748 280 2812 in
312 2769 398 2831 eum,
431 2748 487 2832 qui
518 2771 553 2813 re
583 2771 660 2813 vera
687 2750 780 2813 heres
809 2753 893 2830 erat,
925 2749 1013 2814 actio
1043 2751 1117 2815 dari

96 2836 234 2902 deberet.
275 2836 431 2902 Proculus
450 2837 617 2922 respondit
635 2836 773 2902 rescisso
791 2837 910 2903 iudicio
930 2859 1030 2921 posse
1050 2841 1116 2926 egi.

422 3031 472 3097 De
493 3032 658 3098 3333333333
681 3033 787 3098 ruera

186 3155 216 3220 3.
245 3155 284 3222 D.
305 3157 499 3240 37,14,10.
544 3155 715 3221 Terentius
739 3153 888 3221 Clemens
917 3156 1003 3222 libro
1026 3179 1116 3224 nono

98 3243 138 3308 ad
170 3244 278 3330 legem
310 3245 425 3309 Iuliam
459 3247 492 3309 et
523 3244 662 3329 Papiam
694 3244 743 3329 (P.
767 3242 834 3331 22).
863 3282 908 3292 -
941 3245 1028 3310 Dum
1061 3248 1117 3331 qui

97 3331 215 3418 capitis
237 3337 409 3417 paternum
431 3333 585 3398 libertum
609 3337 802 3416 accusasset,
825 3332 950 3399 excludi
974 3356 993 3398 3
1013 3336 1116 3400 bono-

96 3444 169 3487 rum
193 3423 399 3506 possessione
424 3428 537 3487 contra
560 3421 690 3486 tabulas
710 3422 839 3506 placuit.
876 3421 985 3488 Labeo
1006 3425 1116 3489 existi·

97 3511 208 3576 mahat
241 3512 357 3597 capitis
389 3511 630 3576 accusationem
664 3532 736 3574 eam
768 3531 853 3595 esse,
885 3511 975 3576 ouius
1008 3534 1115 3598 poena
