2430 3944
353 211 379 262 4.
402 206 434 261 L.
453 205 637 262 NERATIUS
654 206 803 263 Palscus
1017 209 1081 274 307

347 409 400 472 Vl.
432 411 685 486 Epistularum
708 410 804 470 libri.

156 535 198 594 Hi
215 530 296 611 libri,
315 553 443 609 quornm
468 535 499 593 in
522 534 619 594 indice
637 536 811 596 'Florentino
829 535 941 595 mentio
960 554 1020 595 non
1038 538 1082 617 fil,

66 625 105 683 ab
123 617 184 683 uno
198 623 328 699 Ulpiano
347 623 518 683 laudantur.
554 624 634 700 quod
652 624 684 683 in
701 625 879 702 fragmentis
898 624 936 682 ab
950 623 1081 701 Ulpiano

66 713 170 772 allatis
188 712 307 771 Neratii
330 730 508 787 responsum
526 713 687 789 profertur,
708 713 778 772 libri
796 712 1002 788 Epistularum
1021 734 1082 775 non

66 801 118 860 alii
145 801 320 862 viderentur
347 818 412 859 esse
440 803 530 876 atque
557 801 791 877 Responsorum,
824 801 883 861 nisi
910 801 1081 863 traderetur

65 891 289 966 Responsorum
316 888 410 949 libros
436 891 500 949 tres
532 890 700 966 scripsisse,
723 890 928 967 Epistolarum
956 894 1081 968 quartus

65 979 250 1038 laudaretur.
297 980 366 1037 anta
389 977 546 1037 Neratium
570 978 778 1054 Epistularum
805 979 899 1038 libros
922 978 1081 1040 ediderunt

64 1067 165 1127 Labeo
185 1059 410 1147 (11,1p.147)
431 1069 461 1126 et
477 1066 623 1127 Proculus
643 1061 749 1147 (supra
763 1088 791 1143 p.
808 1058 900 1149 111);
923 1071 992 1143 post
1011 1086 1080 1127 eum

66 1155 173 1215 Celsus
189 1147 236 1236 (P.
249 1146 314 1236 13),
330 1154 489 1215 Africanus
505 1149 549 1234 (P.
562 1147 605 1235 1),
620 1155 803 1232 Pomponius
819 1149 867 1236 (P.
882 1149 1080 1238 187-210).

481 1367 588 1426 Liber
611 1367 664 1427 IV.

479 1485 529 1550 De
552 1487 664 1568 teratu.

350 1597 397 1657 De
418 1600 557 1657 instructo
580 1599 672 1669 faedo
695 1598 794 1672 leuato.

155 1700 182 1764 1.
211 1697 249 1764 D.
265 1700 317 1782 33,
332 1699 360 1776 l,
377 1700 428 1782 12,
443 1699 495 1764 35.
539 1696 700 1782 Ulpianus
728 1698 814 1763 libro
838 1699 1013 1765 vicensimo
1038 1701 1078 1766 ad

62 1786 222 1853 Sabinum
240 1783 289 1872 (P.
300 1784 412 1875 2611).
435 1824 471 1833 -
492 1784 646 1851 Neratius
666 1836 691 1851 ..
711 1786 795 1853 libro
815 1794 930 1872 quarto
945 1789 1077 1873 Epistu-

61 1879 169 1941 larum
180 1875 298 1941 Rufino
313 1877 481 1959 respondit
495 1876 654 1939 instructo
669 1874 768 1940 fundo
779 1880 812 1940 et
822 1877 1077 1959 suppellectilem

62 1970 95 2031 et
116 1965 195 2030 vina
213 1968 246 2029 et
264 1965 427 2050 mancipia
445 1987 509 2029 non
530 1965 636 2028 solnm
655 1962 695 2027 ad
715 1963 838 2028 cultum
856 1965 1077 2030 custodiamus

60 2054 172 2138 villae,
196 2053 370 2118 sedetiam
394 2074 485 2138 quae,
508 2055 545 2116 ut
566 2051 631 2136 ipsi
653 2052 739 2137 patri
763 2052 902 2117 familias
926 2053 960 2117 in
984 2055 1076 2119 mini·

61 2143 161 2208 sterio
185 2141 344 2226 <essent>‚
368 2143 416 2206 ibi
439 2145 559 2224 essent,
583 2143 693 2224 legato
718 2140 838 2206 cedere.

345 2325 393 2384 De
415 2325 501 2383 domu
522 2327 665 2383 instructa
688 2325 790 2398 tapete.

151 2427 180 2491 2.
200 2426 237 2491 D.
248 2425 417 2506 ibidaess.
435 2462 472 2471 -
491 2475 514 2490 ..
534 2424 686 2490 Neratius
705 2424 789 2489 libro
809 2429 924 2508 quarto
942 2423 1076 2508 Epistu-

59 2517 168 2579 larum
188 2514 342 2579 Marcello
366 2513 460 2578 fratri
485 2535 542 2578 suo
566 2513 735 2597 respondit
758 2517 790 2577 et
812 2516 935 2577 vestem
959 2512 1073 2579 domus

60 2605 239 2668 instructae
268 2603 377 2687 legato
407 2603 577 2686 contineri,
608 2603 757 2681 mamma,
789 2601 908 2685 inquit,
939 2603 975 2667 in
998 2623 1073 2684 pre-

53 2694 161 2777 posita
183 2692 285 2775 speeie
321 2691 565 2775 proponebatur
581 2690 675 2774 enim,
694 2690 749 2774 qui
767 2691 942 2774 legaverat,
960 2713 1074 2776 argen-

57 2789 128 2845 tum
158 2783 191 2844 et
218 2780 361 2844 rationes
385 2781 561 2864 excepisse:
588 2800 663 2844 reem
690 2781 745 2861 qui
766 2779 852 2863 haee,
880 2779 998 2864 inquit,
1020 2800 1073 2844 er-

57 2871 144 2954 oepo‘t,
166 2889 230 2933 ooo
247 2873 348 2951 potest
368 2889 431 2934 aare
452 2869 550 2933 uideri
571 2869 607 2933 de
630 2869 735 2933 ceteras
756 2867 857 2947 rebor,
879 2889 957 2950 quae
978 2870 1014 2933 iu
1037 2889 1073 2934 ea

58 2964 169 3041 esseut,
191 2958 329 3022 smsissa

414 3069 461 3127 Ex
482 3068 603 3127 incertis
625 3067 720 3127 libris.

441 3193 488 3252 De
510 3193 685 3252 statulibero.

138 3294 192 3361 3?
220 3294 259 3358 D.
274 3293 326 3377 35,
344 3296 370 3371 l,
386 3295 459 3377 112,
476 3294 505 3358 3.
549 3291 637 3357 Idem
665 3290 723 3378 (sc.
746 3288 957 3377 Pomponius)
986 3291 1069 3355 libro

59 3383 249 3448 duodecimo
272 3381 498 3466 Epistularum
517 3378 566 3467 (P.
580 3378 670 3468 203).
689 3416 734 3427 -
752 3380 882 3445 Priscus
905 3379 1071 3463 respondit

60 3471 289 3536 statuliberum
312 3493 377 3535 non
395 3471 505 3554 utique
523 3470 568 3534 ibi
588 3469 644 3534 ubi
662 3475 755 3554 pater
773 3469 914 3534 familias
934 3467 1071 3533 decessit

60 3559 132 3644 [aut
150 3561 206 3626 ubi
226 3561 295 3644 ipse
314 3560 445 3624 relictus
465 3560 508 3624 sit
521 3563 578 3623 aut
592 3559 648 3622 ubi
660 3557 764 3642 velit],
779 3559 922 3654 rationes
937 3556 1070 3621 reddere

808 3661 865 3718 9-3*
