<?xml version="1.0" encoding="UTF-8"?>
<!DOCTYPE html PUBLIC "-//W3C//DTD XHTML 1.0 Transitional//EN"
    "http://www.w3.org/TR/xhtml1/DTD/xhtml1-transitional.dtd">
<html xmlns="http://www.w3.org/1999/xhtml" xml:lang="en" lang="en">
 <head>
  <title>
</title>
<meta http-equiv="Content-Type" content="text/html;charset=utf-8" />
  <meta name='ocr-system' content='tesseract 3.04.00' />
  <meta name='ocr-capabilities' content='ocr_page ocr_carea ocr_par ocr_line ocrx_word'/>
</head>
<body>
  <div class='ocr_page' id='page_1' title='image "./iurisprudentiae02bremgoog_0032.png"; bbox 0 0 2430 3944; ppageno 0'>
   <div class='ocr_carea' id='block_1_1' title="bbox 229 735 858 855">
    <p class='ocr_par' dir='ltr' id='par_1_1' title="bbox 229 735 858 855">
     <span class='ocr_line' id='line_1_1' title="bbox 229 735 858 855; baseline 0.006 -4"><span class='ocrx_word' id='word_1_1' title='bbox 229 735 506 852; x_wconf 74' lang='lat' dir='ltr'>sicnonnnr</span> <span class='ocrx_word' id='word_1_2' title='bbox 528 784 858 855; x_wconf 73' lang='lat' dir='ltr'>nxpnronsro.</span> 
     </span>
    </p>
   </div>
   <div class='ocr_carea' id='block_1_2' title="bbox 10 976 1050 2392">
    <p class='ocr_par' dir='ltr' id='par_1_2' title="bbox 10 976 1050 2392">
     <span class='ocr_line' id='line_1_2' title="bbox 107 976 712 1048; baseline -0.003 -16"><span class='ocrx_word' id='word_1_3' title='bbox 107 979 211 1032; x_wconf 90' lang='lat' dir='ltr'>Uncis</span> <span class='ocrx_word' id='word_1_4' title='bbox 230 976 359 1032; x_wconf 89' lang='lat' dir='ltr'>rotundis</span> <span class='ocrx_word' id='word_1_5' title='bbox 378 979 390 1048; x_wconf 93' lang='lat'>(</span> <span class='ocrx_word' id='word_1_6' title='bbox 468 977 479 1046; x_wconf 95' lang='lat'>)</span> <span class='ocrx_word' id='word_1_7' title='bbox 497 976 712 1046; x_wconf 75' lang='lat' dir='ltr'>explicationes,</span> 
     </span>
     <span class='ocr_line' id='line_1_3' title="bbox 10 1047 644 1119; baseline -0.002 -17"><span class='ocrx_word' id='word_1_8' title='bbox 10 1050 12 1057; x_wconf 89' lang='lat'>&#39;</span> <span class='ocrx_word' id='word_1_9' title='bbox 108 1049 194 1102; x_wconf 88' lang='lat' dir='ltr'>Unois</span> <span class='ocrx_word' id='word_1_10' title='bbox 214 1048 392 1119; x_wconf 71' lang='lat' dir='ltr'>quadratis[</span> <span class='ocrx_word' id='word_1_11' title='bbox 508 1047 644 1114; x_wconf 78' lang='lat' dir='ltr'>eiciendo,</span> 
     </span>
     <span class='ocr_line' id='line_1_4' title="bbox 10 1116 1050 1192; baseline 0.004 -20"><span class='ocrx_word' id='word_1_12' title='bbox 10 1134 12 1149; x_wconf 73' lang='lat'><em>=</em></span> <span class='ocrx_word' id='word_1_13' title='bbox 107 1118 194 1172; x_wconf 88' lang='lat' dir='ltr'>Unois</span> <span class='ocrx_word' id='word_1_14' title='bbox 212 1119 333 1187; x_wconf 90' lang='lat' dir='ltr'>deniqne</span> <span class='ocrx_word' id='word_1_15' title='bbox 351 1117 447 1173; x_wconf 81' lang='lat' dir='ltr'>fractis</span> <span class='ocrx_word' id='word_1_16' title='bbox 559 1116 727 1192; x_wconf 77' lang='lat' dir='ltr'>&gt;addendo</span> <span class='ocrx_word' id='word_1_17' title='bbox 745 1118 911 1188; x_wconf 79' lang='lat' dir='ltr'>significavi.</span> <span class='ocrx_word' id='word_1_18' title='bbox 952 1119 1050 1189; x_wconf 79' lang='lat' dir='ltr'>itaque</span> 
     </span>
     <span class='ocr_line' id='line_1_5' title="bbox 51 1187 1048 1263; baseline 0.001 -19"><span class='ocrx_word' id='word_1_19' title='bbox 51 1189 273 1263; x_wconf 63' lang='lat' dir='ltr'>piperentbeses</span> <span class='ocrx_word' id='word_1_20' title='bbox 291 1188 480 1258; x_wconf 70' lang='lat' dir='ltr'>insigniendus</span> <span class='ocrx_word' id='word_1_21' title='bbox 499 1187 673 1259; x_wconf 78' lang='lat' dir='ltr'>virgularum</span> <span class='ocrx_word' id='word_1_22' title='bbox 692 1190 750 1244; x_wconf 88' lang='lat' dir='ltr'>sive</span> <span class='ocrx_word' id='word_1_23' title='bbox 770 1194 942 1244; x_wconf 80' lang='lat' dir='ltr'>commatum</span> <span class='ocrx_word' id='word_1_24' title='bbox 961 1192 1048 1261; x_wconf 85' lang='lat' dir='ltr'>signis</span> 
     </span>
     <span class='ocr_line' id='line_1_6' title="bbox 53 1262 281 1318; baseline 0.018 -5"><span class='ocrx_word' id='word_1_25' title='bbox 53 1262 172 1314; x_wconf 83' lang='lat' dir='ltr'>utendum</span> <span class='ocrx_word' id='word_1_26' title='bbox 191 1262 281 1318; x_wconf 63' lang='lat' dir='ltr'>eret,</span> 
     </span>
     <span class='ocr_line' id='line_1_7' title="bbox 10 1329 1048 1400; baseline 0 -15"><span class='ocrx_word' id='word_1_27' title='bbox 10 1346 12 1353; x_wconf 91' lang='lat'>·</span> <span class='ocrx_word' id='word_1_28' title='bbox 114 1332 245 1386; x_wconf 78' lang='lat' dir='ltr'>Puncta</span> <span class='ocrx_word' id='word_1_29' title='bbox 268 1331 323 1386; x_wconf 90' lang='lat' dir='ltr'>duo</span> <span class='ocrx_word' id='word_1_30' title='bbox 343 1371 349 1384; x_wconf 93' lang='lat'>.</span> <span class='ocrx_word' id='word_1_31' title='bbox 370 1373 377 1387; x_wconf 94' lang='lat'>.</span> <span class='ocrx_word' id='word_1_32' title='bbox 401 1329 571 1400; x_wconf 80' lang='lat' dir='ltr'>significant,</span> <span class='ocrx_word' id='word_1_33' title='bbox 600 1329 630 1384; x_wconf 91' lang='lat' dir='ltr'>in</span> <span class='ocrx_word' id='word_1_34' title='bbox 656 1331 781 1385; x_wconf 79' lang='lat' dir='ltr'>cretione</span> <span class='ocrx_word' id='word_1_35' title='bbox 804 1331 942 1386; x_wconf 81' lang='lat' dir='ltr'>tredendo</span> <span class='ocrx_word' id='word_1_36' title='bbox 963 1349 1048 1386; x_wconf 90' lang='lat' dir='ltr'>unum</span> 
     </span>
     <span class='ocr_line' id='line_1_8' title="bbox 10 1400 1049 1471; baseline 0.004 -17"><span class='ocrx_word' id='word_1_37' title='bbox 10 1436 12 1445; x_wconf 85' lang='lat'>·</span> <span class='ocrx_word' id='word_1_38' title='bbox 58 1401 160 1455; x_wconf 79' lang='lat' dir='ltr'>verbum</span> <span class='ocrx_word' id='word_1_39' title='bbox 178 1401 313 1470; x_wconf 75' lang='lat' dir='ltr'>imprimis</span> <span class='ocrx_word' id='word_1_40' title='bbox 333 1400 553 1471; x_wconf 84' lang='lat' dir='ltr'>coniunctivum‚</span> <span class='ocrx_word' id='word_1_41' title='bbox 576 1403 683 1470; x_wconf 82' lang='lat' dir='ltr'>puncto</span> <span class='ocrx_word' id='word_1_42' title='bbox 704 1401 760 1456; x_wconf 82' lang='lat' dir='ltr'>tric</span> <span class='ocrx_word' id='word_1_43' title='bbox 783 1443 837 1457; x_wconf 89' lang='lat'>...</span> <span class='ocrx_word' id='word_1_44' title='bbox 859 1403 942 1471; x_wconf 80' lang='lat' dir='ltr'>plura</span> <span class='ocrx_word' id='word_1_45' title='bbox 963 1404 1049 1458; x_wconf 85' lang='lat' dir='ltr'>verbe</span> 
     </span>
     <span class='ocr_line' id='line_1_9' title="bbox 58 1471 1048 1598; baseline 0.001 -72"><span class='ocrx_word' id='word_1_46' title='bbox 58 1472 146 1596; x_wconf 52' lang='grc' dir='ltr'>σηιξη</span> <span class='ocrx_word' id='word_1_47' title='bbox 172 1488 245 1598; x_wconf 57' lang='grc' dir='ltr'>θίεο,</span> <span class='ocrx_word' id='word_1_48' title='bbox 271 1472 301 1527; x_wconf 89' lang='lat' dir='ltr'>id</span> <span class='ocrx_word' id='word_1_49' title='bbox 331 1471 406 1542; x_wconf 90' lang='lat' dir='ltr'>quod</span> <span class='ocrx_word' id='word_1_50' title='bbox 429 1473 573 1541; x_wconf 91' lang='lat' dir='ltr'>inpriore</span> <span class='ocrx_word' id='word_1_51' title='bbox 596 1473 677 1542; x_wconf 81' lang='lat' dir='ltr'>perte</span> <span class='ocrx_word' id='word_1_52' title='bbox 699 1489 765 1546; x_wconf 87' lang='lat' dir='ltr'>nou</span> <span class='ocrx_word' id='word_1_53' title='bbox 779 1471 931 1542; x_wconf 77' lang='lat' dir='ltr'>diligenter</span> <span class='ocrx_word' id='word_1_54' title='bbox 955 1474 1048 1529; x_wconf 91' lang='lat' dir='ltr'>obser·</span> 
     </span>
     <span class='ocr_line' id='line_1_10' title="bbox 57 1559 184 1598; baseline 0.016 -2"><span class='ocrx_word' id='word_1_55' title='bbox 57 1559 86 1597; x_wconf 79' lang='lat' dir='ltr'>su</span> <span class='ocrx_word' id='word_1_56' title='bbox 113 1562 138 1596; x_wconf 91' lang='lat' dir='ltr'>m</span> <span class='ocrx_word' id='word_1_57' title='bbox 155 1560 184 1598; x_wconf 89' lang='lat' dir='ltr'>es</span> 
     </span>
     <span class='ocr_line' id='line_1_11' title="bbox 115 1613 1047 1684; baseline 0.002 -16"><span class='ocrx_word' id='word_1_58' title='bbox 115 1613 215 1669; x_wconf 82' lang='lat' dir='ltr'>Lince</span> <span class='ocrx_word' id='word_1_59' title='bbox 242 1613 376 1668; x_wconf 83' lang='lat' dir='ltr'>directe</span> <span class='ocrx_word' id='word_1_60' title='bbox 391 1616 396 1683; x_wconf 84' lang='grc' dir='ltr'>Ι</span> <span class='ocrx_word' id='word_1_61' title='bbox 412 1632 477 1669; x_wconf 91' lang='lat' dir='ltr'>usus</span> <span class='ocrx_word' id='word_1_62' title='bbox 505 1633 579 1682; x_wconf 90' lang='lat' dir='ltr'>sum,</span> <span class='ocrx_word' id='word_1_63' title='bbox 606 1613 774 1682; x_wconf 87' lang='lat' dir='ltr'>ubicumque</span> <span class='ocrx_word' id='word_1_64' title='bbox 801 1614 857 1669; x_wconf 90' lang='lat' dir='ltr'>dno</span> <span class='ocrx_word' id='word_1_65' title='bbox 882 1613 1047 1684; x_wconf 78' lang='lat' dir='ltr'>fragmento,</span> 
     </span>
     <span class='ocr_line' id='line_1_12' title="bbox 61 1685 1047 1754; baseline 0.001 -16"><span class='ocrx_word' id='word_1_66' title='bbox 61 1699 119 1753; x_wconf 79' lang='lat' dir='ltr'>quus</span> <span class='ocrx_word' id='word_1_67' title='bbox 130 1686 158 1739; x_wconf 92' lang='lat' dir='ltr'>in</span> <span class='ocrx_word' id='word_1_68' title='bbox 171 1685 291 1754; x_wconf 88' lang='lat' dir='ltr'>genuino</span> <span class='ocrx_word' id='word_1_69' title='bbox 304 1685 377 1740; x_wconf 91' lang='lat' dir='ltr'>libro</span> <span class='ocrx_word' id='word_1_70' title='bbox 391 1686 464 1740; x_wconf 89' lang='lat' dir='ltr'>inter</span> <span class='ocrx_word' id='word_1_71' title='bbox 478 1703 507 1740; x_wconf 92' lang='lat' dir='ltr'>se</span> <span class='ocrx_word' id='word_1_72' title='bbox 522 1690 695 1754; x_wconf 76' lang='lat' dir='ltr'>exceperant,</span> <span class='ocrx_word' id='word_1_73' title='bbox 709 1685 740 1739; x_wconf 89' lang='lat' dir='ltr'>in</span> <span class='ocrx_word' id='word_1_74' title='bbox 754 1685 877 1754; x_wconf 84' lang='lat' dir='ltr'>Digestis</span> <span class='ocrx_word' id='word_1_75' title='bbox 891 1685 948 1742; x_wconf 87' lang='lat' dir='ltr'>elio</span> <span class='ocrx_word' id='word_1_76' title='bbox 961 1687 1047 1742; x_wconf 87' lang='lat' dir='ltr'>inter-</span> 
     </span>
     <span class='ocr_line' id='line_1_13' title="bbox 61 1753 768 1826; baseline 0.007 -20"><span class='ocrx_word' id='word_1_77' title='bbox 61 1753 121 1810; x_wconf 87' lang='lat' dir='ltr'>iecto</span> <span class='ocrx_word' id='word_1_78' title='bbox 136 1756 291 1825; x_wconf 72' lang='lat' dir='ltr'>fragmento</span> <span class='ocrx_word' id='word_1_79' title='bbox 310 1755 451 1826; x_wconf 79' lang='lat' dir='ltr'>discerpta</span> <span class='ocrx_word' id='word_1_80' title='bbox 468 1756 662 1825; x_wconf 81' lang='lat' dir='ltr'>coniungenda</span> <span class='ocrx_word' id='word_1_81' title='bbox 681 1758 768 1811; x_wconf 82' lang='lat' dir='ltr'>erent.</span> 
     </span>
     <span class='ocr_line' id='line_1_14' title="bbox 10 1824 1048 1898; baseline 0.004 -19"><span class='ocrx_word' id='word_1_82' title='bbox 10 1832 12 1897; x_wconf 69' lang='lat' dir='ltr'>s</span> <span class='ocrx_word' id='word_1_83' title='bbox 117 1824 214 1896; x_wconf 81' lang='lat' dir='ltr'>Typis</span> <span class='ocrx_word' id='word_1_84' title='bbox 237 1827 387 1881; x_wconf 80' lang='lat' dir='ltr'>cursivis</span> <span class='ocrx_word' id='word_1_85' title='bbox 410 1844 476 1882; x_wconf 90' lang='lat' dir='ltr'>usus</span> <span class='ocrx_word' id='word_1_86' title='bbox 495 1844 570 1894; x_wconf 92' lang='lat' dir='ltr'>snm,</span> <span class='ocrx_word' id='word_1_87' title='bbox 589 1826 638 1880; x_wconf 91' lang='lat' dir='ltr'>ubi</span> <span class='ocrx_word' id='word_1_88' title='bbox 655 1826 723 1881; x_wconf 91' lang='lat' dir='ltr'>iuris</span> <span class='ocrx_word' id='word_1_89' title='bbox 743 1826 864 1881; x_wconf 89' lang='lat' dir='ltr'>consulti</span> <span class='ocrx_word' id='word_1_90' title='bbox 881 1828 945 1898; x_wconf 81' lang='lat' dir='ltr'>ipse</span> <span class='ocrx_word' id='word_1_91' title='bbox 962 1829 1048 1884; x_wconf 85' lang='lat' dir='ltr'>verbe</span> 
     </span>
     <span class='ocr_line' id='line_1_15' title="bbox 10 1893 1035 1969; baseline 0.006 -22"><span class='ocrx_word' id='word_1_92' title='bbox 10 1940 12 1969; x_wconf 80' lang='lat'>÷</span> <span class='ocrx_word' id='word_1_93' title='bbox 61 1893 172 1951; x_wconf 87' lang='lat' dir='ltr'>ridentur</span> <span class='ocrx_word' id='word_1_94' title='bbox 193 1896 314 1953; x_wconf 89' lang='lat' dir='ltr'>eminere</span> <span class='ocrx_word' id='word_1_95' title='bbox 332 1899 399 1968; x_wconf 85' lang='lat' dir='ltr'>(que</span> <span class='ocrx_word' id='word_1_96' title='bbox 417 1899 447 1951; x_wconf 89' lang='lat' dir='ltr'>iu</span> <span class='ocrx_word' id='word_1_97' title='bbox 464 1914 494 1952; x_wconf 91' lang='lat' dir='ltr'>re</span> <span class='ocrx_word' id='word_1_98' title='bbox 518 1896 708 1952; x_wconf 75' lang='lat' dir='ltr'>dubitationes</span> <span class='ocrx_word' id='word_1_99' title='bbox 730 1913 830 1966; x_wconf 78' lang='lat' dir='ltr'>graves</span> <span class='ocrx_word' id='word_1_100' title='bbox 848 1914 882 1951; x_wconf 87' lang='lat' dir='ltr'>ee</span> <span class='ocrx_word' id='word_1_101' title='bbox 899 1914 987 1968; x_wconf 84' lang='lat' dir='ltr'>paene</span> <span class='ocrx_word' id='word_1_102' title='bbox 1005 1900 1035 1953; x_wconf 90' lang='lat' dir='ltr'>iu</span> 
     </span>
     <span class='ocr_line' id='line_1_16' title="bbox 60 1967 1048 2039; baseline 0.005 -21"><span class='ocrx_word' id='word_1_103' title='bbox 60 1967 222 2035; x_wconf 80' lang='lat' dir='ltr'>explicabiles</span> <span class='ocrx_word' id='word_1_104' title='bbox 246 1967 397 2038; x_wconf 83' lang='lat' dir='ltr'>oriuntur),</span> <span class='ocrx_word' id='word_1_105' title='bbox 420 1971 567 2039; x_wconf 77' lang='lat' dir='ltr'>praetereo</span> <span class='ocrx_word' id='word_1_106' title='bbox 584 1987 640 2024; x_wconf 90' lang='lat' dir='ltr'>non</span> <span class='ocrx_word' id='word_1_107' title='bbox 658 1984 801 2036; x_wconf 74' lang='lat' dir='ltr'>nunquam</span> <span class='ocrx_word' id='word_1_108' title='bbox 819 1967 865 2023; x_wconf 89' lang='lat' dir='ltr'>vel</span> <span class='ocrx_word' id='word_1_109' title='bbox 884 1969 912 2022; x_wconf 91' lang='lat' dir='ltr'>in</span> <span class='ocrx_word' id='word_1_110' title='bbox 931 1969 1048 2023; x_wconf 85' lang='lat' dir='ltr'>rubricis</span> 
     </span>
     <span class='ocr_line' id='line_1_17' title="bbox 59 2037 409 2108; baseline 0.006 -18"><span class='ocrx_word' id='word_1_111' title='bbox 59 2037 96 2091; x_wconf 84' lang='lat' dir='ltr'>sel</span> <span class='ocrx_word' id='word_1_112' title='bbox 110 2039 135 2092; x_wconf 90' lang='lat' dir='ltr'>in</span> <span class='ocrx_word' id='word_1_113' title='bbox 151 2039 223 2094; x_wconf 91' lang='lat' dir='ltr'>notis</span> <span class='ocrx_word' id='word_1_114' title='bbox 242 2038 409 2108; x_wconf 76' lang='lat' dir='ltr'>adiciendis3</span> 
     </span>
     <span class='ocr_line' id='line_1_18' title="bbox 115 2108 1047 2180; baseline 0.001 -18"><span class='ocrx_word' id='word_1_115' title='bbox 115 2109 313 2166; x_wconf 85' lang='lat' dir='ltr'>Minusculis</span> <span class='ocrx_word' id='word_1_116' title='bbox 338 2112 429 2180; x_wconf 86' lang='lat' dir='ltr'>typis</span> <span class='ocrx_word' id='word_1_117' title='bbox 451 2112 481 2165; x_wconf 94' lang='lat' dir='ltr'>in</span> <span class='ocrx_word' id='word_1_118' title='bbox 498 2111 533 2165; x_wconf 91' lang='lat' dir='ltr'>iis</span> <span class='ocrx_word' id='word_1_119' title='bbox 552 2127 623 2179; x_wconf 79' lang='lat' dir='ltr'>quae</span> <span class='ocrx_word' id='word_1_120' title='bbox 642 2108 787 2164; x_wconf 75' lang='lat' dir='ltr'>sententiis</span> <span class='ocrx_word' id='word_1_121' title='bbox 800 2108 989 2179; x_wconf 88' lang='lat' dir='ltr'>proponendis</span> <span class='ocrx_word' id='word_1_122' title='bbox 1003 2111 1047 2165; x_wconf 86' lang='lat' dir='ltr'>vei</span> 
     </span>
     <span class='ocr_line' id='line_1_19' title="bbox 58 2179 497 2246; baseline 0.011 -15"><span class='ocrx_word' id='word_1_123' title='bbox 58 2182 193 2246; x_wconf 76' lang='lat' dir='ltr'>praemisse</span> <span class='ocrx_word' id='word_1_124' title='bbox 212 2184 278 2236; x_wconf 88' lang='lat' dir='ltr'>sunt</span> <span class='ocrx_word' id='word_1_125' title='bbox 295 2179 341 2236; x_wconf 85' lang='lat' dir='ltr'>vel</span> <span class='ocrx_word' id='word_1_126' title='bbox 359 2180 497 2237; x_wconf 87' lang='lat' dir='ltr'>adieote.¹</span> 
     </span>
     <span class='ocr_line' id='line_1_20' title="bbox 114 2250 1047 2323; baseline 0.003 -19"><span class='ocrx_word' id='word_1_127' title='bbox 114 2250 244 2307; x_wconf 78' lang='lat' dir='ltr'>Littera</span> <span class='ocrx_word' id='word_1_128' title='bbox 253 2253 276 2306; x_wconf 93' lang='lat' dir='ltr'><strong>P</strong></span> <span class='ocrx_word' id='word_1_129' title='bbox 285 2251 512 2323; x_wconf 82' lang='lat' dir='ltr'>inscriptionibus</span> <span class='ocrx_word' id='word_1_130' title='bbox 525 2252 747 2322; x_wconf 75' lang='lat' dir='ltr'>fragmentorum</span> <span class='ocrx_word' id='word_1_131' title='bbox 761 2269 776 2306; x_wconf 89' lang='lat' dir='ltr'>e</span> <span class='ocrx_word' id='word_1_132' title='bbox 789 2251 912 2320; x_wconf 85' lang='lat' dir='ltr'>Digestis</span> <span class='ocrx_word' id='word_1_133' title='bbox 922 2254 1047 2322; x_wconf 89' lang='lat' dir='ltr'>sumpto·</span> 
     </span>
     <span class='ocr_line' id='line_1_21' title="bbox 57 2322 980 2392; baseline 0.003 -18"><span class='ocrx_word' id='word_1_134' title='bbox 57 2337 107 2374; x_wconf 87' lang='lat' dir='ltr'>rum</span> <span class='ocrx_word' id='word_1_135' title='bbox 122 2339 182 2377; x_wconf 90' lang='lat' dir='ltr'>cum</span> <span class='ocrx_word' id='word_1_136' title='bbox 200 2341 317 2379; x_wconf 88' lang='lat' dir='ltr'>numero</span> <span class='ocrx_word' id='word_1_137' title='bbox 336 2325 447 2378; x_wconf 79' lang='lat' dir='ltr'>adiectu</span> <span class='ocrx_word' id='word_1_138' title='bbox 465 2322 605 2392; x_wconf 79' lang='lat' dir='ltr'>significet</span> <span class='ocrx_word' id='word_1_139' title='bbox 621 2322 729 2378; x_wconf 87' lang='lat' dir='ltr'>Lenelii</span> <span class='ocrx_word' id='word_1_140' title='bbox 747 2323 980 2391; x_wconf 82' lang='lat' dir='ltr'>Pelingenesicm.</span> 
     </span>
    </p>
   </div>
   <div class='ocr_carea' id='block_1_3' title="bbox 50 2499 1047 2714">
    <p class='ocr_par' dir='ltr' id='par_1_3' title="bbox 50 2499 1047 2714">
     <span class='ocr_line' id='line_1_22' title="bbox 114 2499 1047 2571; baseline 0 -17"><span class='ocrx_word' id='word_1_141' title='bbox 114 2509 136 2555; x_wconf 92' lang='lat'>1.</span> <span class='ocrx_word' id='word_1_142' title='bbox 159 2501 243 2571; x_wconf 86' lang='lat' dir='ltr'>Apud</span> <span class='ocrx_word' id='word_1_143' title='bbox 267 2499 428 2555; x_wconf 79' lang='lat' dir='ltr'>Trebatium</span> <span class='ocrx_word' id='word_1_144' title='bbox 452 2499 591 2554; x_wconf 82' lang='lat' dir='ltr'>Ciceronis</span> <span class='ocrx_word' id='word_1_145' title='bbox 616 2499 753 2570; x_wconf 81' lang='lat' dir='ltr'>epistulae</span> <span class='ocrx_word' id='word_1_146' title='bbox 779 2516 871 2554; x_wconf 89' lang='lat' dir='ltr'>errore</span> <span class='ocrx_word' id='word_1_147' title='bbox 894 2499 1047 2555; x_wconf 82' lang='lat' dir='ltr'>maioribus</span> 
     </span>
     <span class='ocr_line' id='line_1_23' title="bbox 51 2569 1047 2642; baseline 0.004 -20"><span class='ocrx_word' id='word_1_148' title='bbox 51 2569 138 2627; x_wconf 87' lang='lat' dir='ltr'>litteris</span> <span class='ocrx_word' id='word_1_149' title='bbox 154 2587 311 2642; x_wconf 79' lang='lat' dir='ltr'>expresses,</span> <span class='ocrx_word' id='word_1_150' title='bbox 331 2587 365 2624; x_wconf 81' lang='lat' dir='ltr'>ee</span> <span class='ocrx_word' id='word_1_151' title='bbox 378 2588 479 2640; x_wconf 89' lang='lat' dir='ltr'>rursus,</span> <span class='ocrx_word' id='word_1_152' title='bbox 496 2587 569 2639; x_wconf 79' lang='lat' dir='ltr'>quse</span> <span class='ocrx_word' id='word_1_153' title='bbox 584 2572 735 2625; x_wconf 80' lang='lat' dir='ltr'>maioribus</span> <span class='ocrx_word' id='word_1_154' title='bbox 750 2570 852 2625; x_wconf 88' lang='lat' dir='ltr'>litteris</span> <span class='ocrx_word' id='word_1_155' title='bbox 865 2573 1047 2641; x_wconf 78' lang='lat' dir='ltr'>proponendo</span> 
     </span>
     <span class='ocr_line' id='line_1_24' title="bbox 50 2641 835 2714; baseline 0.004 -20"><span class='ocrx_word' id='word_1_156' title='bbox 50 2645 126 2714; x_wconf 83' lang='lat' dir='ltr'>erent,</span> <span class='ocrx_word' id='word_1_157' title='bbox 146 2643 301 2714; x_wconf 78' lang='lat' dir='ltr'>aliquando</span> <span class='ocrx_word' id='word_1_158' title='bbox 321 2658 412 2697; x_wconf 90' lang='lat' dir='ltr'>errore</span> <span class='ocrx_word' id='word_1_159' title='bbox 430 2641 583 2697; x_wconf 86' lang='lat' dir='ltr'>minoribus</span> <span class='ocrx_word' id='word_1_160' title='bbox 600 2643 745 2712; x_wconf 78' lang='lat' dir='ltr'>proposito</span> <span class='ocrx_word' id='word_1_161' title='bbox 764 2643 835 2697; x_wconf 87' lang='lat' dir='ltr'>sunt.</span> 
     </span>
    </p>
   </div>
   <div class='ocr_carea' id='block_1_4' title="bbox 0 0 1220 3944">
    <p class='ocr_par' dir='ltr' id='par_1_4' title="bbox 0 0 1220 3944">
     <span class='ocr_line' id='line_1_25' title="bbox 0 0 1220 3944; baseline 0 4"><span class='ocrx_word' id='word_1_162' title='bbox 0 0 1220 3944; x_wconf 95' lang='lat' dir='ltr'> </span> 
     </span>
    </p>
   </div>
  </div>
 </body>
</html>
