2430 3944
411 199 435 248 5.
459 191 578 249 TITIUS
595 192 726 248 ARISTO
1010 194 1073 258 381

149 360 273 436 Ulpiani
295 360 389 420 verba
411 361 501 436 plana
523 362 597 420 haec
621 364 703 421 sunt:
729 355 874 421 ‘Aristoni
898 366 929 421 et
950 363 1075 423 Neratio

54 452 88 509 et
107 449 227 508 Iuliano
251 449 350 510 visum
369 454 424 508 est.
467 469 543 526 qnae
563 451 714 510 sententia
733 454 764 510 et
782 449 994 511 constitutione
1014 452 1076 514 divi

54 538 105 597 Pii
129 539 323 613 comprobata
346 532 412 597 est'.

409 657 460 722 De
481 659 732 740 fideicommissis

152 765 205 830 21.
240 762 276 828 D.
296 763 348 848 32,
367 763 420 829 95.
468 763 654 830 Maecianus
686 764 771 831 libro
804 765 943 831 secundo
971 764 1076 831 Fidei·

55 854 308 920 oommissorum
337 849 386 938 (P.
411 849 476 939 12).
503 890 549 900 -
577 852 743 938 ‘Quisquis
773 853 855 918 mihi
885 854 978 920 heres
1007 855 1077 936 erit,

56 944 196 1008 damnas
233 946 302 1006 esto
334 943 409 1006 dare
440 941 578 1026 fideique
611 943 680 1007 eius
713 943 896 1027 committo,
932 945 981 1007 uti
1014 944 1078 1027 det,

57 1035 200 1116 quantas
222 1052 365 1095 summas
385 1029 548 1095 dictavero
568 1030 707 1097 dedero’.
746 1031 859 1097 Aristo
878 1053 930 1096 res
949 1054 1077 1117 quoque

57 1119 247 1205 corporales
276 1119 435 1184 contineri
463 1119 523 1202 ait,
552 1123 587 1184 ut
609 1120 743 1204 praedia
765 1121 929 1205 mancipia
952 1124 1077 1186 vestem

56 1212 243 1294 argentum,
262 1207 339 1292 quia
357 1211 390 1272 et
407 1207 469 1273 hoc
488 1208 622 1273 verbum
642 1207 805 1293 ‘quantas'
824 1231 890 1274 non
909 1208 949 1274 ad
967 1232 1077 1275 nume·

55 1302 169 1364 ratam
192 1297 362 1361 dumtaxat
384 1296 556 1380 pecuniam
579 1298 693 1362 referri
717 1320 756 1362 ex
774 1297 859 1363 dotis
878 1299 1077 1384 relegatione

56 1391 91 1452 et
116 1385 385 1471 stipulationibus
409 1389 537 1470 emptae
560 1384 750 1451 hereditatis
774 1391 909 1471 apparet
927 1391 960 1451 et
977 1387 1076 1453 ‘sum-

56 1474 144 1541 mae'
165 1474 340 1559 appellatio
361 1474 512 1539 similiter
531 1475 634 1559 accipi
654 1475 793 1559 deberet,
811 1480 848 1540 ut
866 1477 899 1540 in
913 1476 965 1540 his
980 1497 1078 1561 argu-

56 1562 179 1630 mentis
199 1585 281 1648 quae
300 1563 406 1627 relata
420 1566 529 1628 essent
543 1563 731 1629 ostenditur.
768 1565 970 1629 voluntatem
984 1571 1077 1649 prae-

55 1659 150 1718 terea
174 1651 325 1735 defuncti,
347 1673 429 1736 quae
452 1652 592 1716 maxime
615 1652 651 1716 in
668 1652 927 1719 fideicommissis
946 1656 1077 1739 valeret,

57 1742 90 1807 ei
122 1741 303 1807 sententiae
331 1741 518 1826 suffragari3
546 1761 651 1825 neque
679 1741 768 1805 enim
794 1745 870 1826 post
893 1763 964 1806 eam
988 1765 1078 1826 prae-

55 1831 218 1896 fationem
250 1829 448 1894 adiecturum
471 1832 663 1893 testatorem
685 1829 784 1894 fuisse
808 1852 860 1894 res
883 1833 1078 1915 corporales,

60 1920 92 1984 si
116 1919 284 1984 dumtaxat
307 1919 476 2002 pecuniam
500 1921 704 1983 numeratam
728 1920 887 2002 praestari
911 1919 1076 1987 uoluisset.

150 2027 202 2092 22.
230 2024 269 2089 D.
289 2024 341 2108 36,
362 2026 391 2104 1,
406 2025 457 2088 74.
499 2023 700 2108 Pomponius
723 2024 808 2090 libro
832 2029 949 2108 quarto
973 2025 1078 2090 Fidei-

58 2116 308 2179 commissorum
332 2110 380 2200 (P.
401 2111 490 2198 218).
514 2148 556 2160 —
581 2112 684 2177 Heres
706 2117 881 2198 praecepto
904 2113 1004 2179 fundo
1028 2136 1077 2180 ro·

59 2207 158 2288 gatus
182 2208 251 2268 erat
269 2202 481 2266 hereditatem
500 2201 679 2266 restituere.
716 2202 835 2266 fundus
854 2203 979 2267 alienus
999 2207 1077 2267 erat.

58 2292 176 2357 Aristo
199 2291 308 2356 aiebat
326 2290 509 2373 ridendum,
532 2295 642 2355 utrum
661 2291 847 2356 omnimodo
867 2312 966 2373 penes
986 2291 1076 2356 here·

59 2381 137 2445 dem
167 2380 301 2445 fundum
330 2401 399 2444 esse
428 2379 532 2444 voluit
559 2382 700 2444 testator
727 2401 770 2444 an
800 2381 847 2443 ita
875 2379 1016 2462 demum,
1049 2381 1078 2446 ai

58 2471 165 2555 ipsius
190 2473 254 2554 est,
278 2468 333 2533 sed
354 2468 420 2532 sibi
444 2468 592 2552 superius
615 2468 753 2551 placere.

153 2563 328 2642 Sequuntur
346 2562 504 2638 Pomponii
527 2562 634 2621 verba:
657 2555 795 2637 ‘ideoque
819 2561 989 2623 aestimatio
1013 2564 1077 2623 eins

57 2652 221 2713 retinenda
243 2645 310 2712 est'.

152 2753 205 2818 23.
234 2752 272 2817 D.
287 2753 340 2833 36,
356 2754 384 2830 1,
399 2753 452 2834 20,
469 2753 497 2815 l.
542 2750 662 2816 Paulus
689 2751 774 2816 libro
802 2752 899 2817 tertio
924 2752 964 2817 ad
988 2751 1078 2819 Sabi·

59 2865 142 2907 num
166 2838 216 2927 (P.
237 2839 362 2928 16380).
389 2878 426 2887 -
453 2839 511 2903 ‘Te
534 2860 629 2924 rogo,
657 2840 735 2904 Luci
758 2839 837 2924 Titi,
865 2841 1077 2907 hereditatem

59 2953 167 2996 meam
194 2953 266 2995 cum
285 2928 379 2994 Attio
402 2927 577 3012 partiaris'.
615 2951 654 2993 ex
678 2933 809 2995 senatus
833 2931 981 2996 consulto
1001 2930 1077 2997 Tre·

61 3019 205 3085 belliano
233 3020 267 3083 in
291 3041 378 3102 eum,
406 3018 458 3082 oui
481 3018 632 3082 restituta
656 3021 706 3082 est
728 3018 904 3101 hereditas,
932 3020 1077 3085 actiones

60 3111 248 3192 competere
275 3106 386 3172 Aristo
416 3107 475 3189 ait,
507 3107 582 3190 quia
609 3128 667 3190 pro
695 3106 756 3172 hoc
784 3108 1006 3191 accipiendum
1035 3109 1078 3173 sit

60 3198 156 3282 ‘rogo
180 3196 394 3261 hereditatem
417 3194 507 3259 illam
530 3194 705 3260 restituas'.

155 3291 329 3368 Sequuntur
351 3291 437 3348 haec:
462 3282 527 3347 ‘nec
550 3290 643 3348 verba
666 3293 839 3365 spectantur
862 3293 985 3349 senatus
1008 3309 1076 3350 con·

62 3380 151 3456 sulti,
185 3379 237 3439 sed
264 3379 413 3438 sententia
441 3377 676 3455 quibuscumque
704 3379 817 3456 verbis,
850 3378 923 3437 dum
949 3380 1078 3438 testator

63 3470 202 3544 senserit,
224 3470 260 3528 ut
282 3467 433 3527 hareditas
456 3484 510 3525 sua
532 3461 732 3528 restituatur’.
773 3486 828 3543 pro
852 3460 986 3526 ‘senatus
1010 3486 1077 3527 oon·

63 3553 149 3618 sulti'
179 3558 277 3617 Faber
304 3549 548 3616 ‘fideicommissi’
578 3555 737 3632 legendum
765 3558 876 3617 censet.
921 3558 956 3614 at
979 3559 1090 3614 totum
