2430 3944
154 183 217 252 128
231 183 278 241 III.
289 182 366 239 GAII
376 180 525 238 CLAUDII
533 180 668 238 NERON.
679 180 820 237 GALBAE
831 180 942 237 TEMP.
951 179 1051 238 Iulus
1064 179 1106 238 00

151 352 273 412 uestros
294 345 498 429 iutelleeimus
516 345 626 410 luteres
642 363 712 424 esse,
735 344 858 410 etiamsi
874 365 971 429 neque
987 345 1106 410 aeaut

151 457 247 517 neque
269 436 418 518 dissitum
439 454 535 516 neque
558 433 676 500 virtius
696 434 784 499 uotis
799 453 896 516 peres
917 430 1021 517 sueta
1044 433 1088 500 siu

153 527 208 608 qui
225 525 415 590 maiestatem
432 528 573 589 uestram
590 523 714 588 comiter
731 543 909 588 conseruare
926 523 1041 606 debent,
1059 522 1106 588 tt

151 633 213 679 esse
234 613 468 696 iutelleyeudum
490 615 541 677 est.

162 755 163 758 ,
243 715 268 763 s.
300 703 347 767 At
372 703 456 785 tunt
480 701 566 783 aprici
591 720 649 765 uos
673 699 720 769 ra·
745 719 782 764 ee
808 699 985 766 civitatum
1002 700 1106 782 foedet

152 797 182 857 et
202 792 238 856 iu
261 811 309 856 ees
332 791 495 856 damnatum
517 789 802 854 animadvertimus.
860 844 863 849 .

160 910 164 931 ‘
244 902 391 962 Proculus
413 901 537 977 respicit
559 901 687 960 fortasse
707 900 745 959 ad
767 900 1062 960 senatusconsultum
1079 899 1106 959 P<

153 991 242 1069 penio
264 994 294 1050 et
312 991 391 1049 Rufe
411 981 750 1071 eoss.(a.17)faetum,
771 1009 828 1066 quo
848 992 982 1068 cavetur,
1000 991 1037 1049 ut
1053 991 1106 1048 mal

155 1080 274 1140 matieis
298 1077 455 1138 Chaldaeis
483 1078 586 1137 ariolis
614 1081 645 1137 et
671 1077 791 1150 ceteris,
820 1077 872 1156 qui
897 1077 993 1137 simile
1016 1078 1106 1154 ineepl

152 1169 298 1245 fecerunt,
318 1186 396 1244 aqua
419 1169 450 1226 et
471 1166 536 1244 igni
557 1166 757 1225 interdicatur
780 1166 939 1243 omniaque
962 1165 1042 1226 bona
1063 1184 1106 1226 eor

153 1257 368 1334 publicentur,-
381 1259 411 1316 et
434 1255 459 1314 si
484 1258 673 1315 externarum
697 1255 833 1333 gentium
856 1255 923 1333 quis
944 1255 976 1314 id
994 1254 1105 1332 feeerit,

153 1347 186 1405 in
207 1365 276 1405 eum
294 1345 560 1404 animadvertatur.
584 1343 689 1404 Collat.
701 1345 752 1420 15,
762 1347 791 1422 2,
803 1348 831 1403 1.
855 1343 892 1404 ef.
907 1343 1031 1405 Sueten.
1049 1343 1106 1422 Tib.

153 1429 312 1494 ‘Externas
336 1433 530 1493 caerimonias
544 1477 552 1491 .
566 1478 575 1495 .
590 1480 596 1492 .
612 1427 814 1509 compescuit'.

567 1611 678 1670 Liber
700 1610 750 1669 IX.

161 1730 164 1743 '
241 1737 423 1814 Fragmenta
445 1735 530 1793 nulla
552 1735 665 1797 tradite
689 1736 768 1794 eunt.

533 1977 535 1980 Ι
576 1903 685 1964 Liber
707 1903 742 1961 X.

161 2078 164 2083 .
241 2029 424 2108 Fragmenta
445 2028 520 2088 item
541 2029 627 2095 nulla
648 2027 762 2087 tradita
785 2029 864 2085 sunt.

568 2196 677 2255 Liber
698 2196 750 2256 XI.

445 2314 495 2379 De
518 2316 666 2398 emptione
687 2315 867 2399 venditione.

242 2431 294 2494 34.
317 2428 355 2493 D.
370 2431 419 2512 18,
431 2431 460 2515 1,
469 2431 521 2494 69.
552 2425 1106 2515 Idem(se.Proeulus)libroundeei

151 2518 386 2603 Epistularum.
410 2554 452 2563 -
476 2517 599 2583 Rutilia
622 2518 715 2583 Polla
738 2519 817 2582 emit
839 2518 946 2582 lacum
968 2515 1104 2582 Sabaten

151 2605 369 2691 Angularium
392 2611 424 2669 et
442 2607 529 2670 eirea
543 2628 617 2670 eum
635 2607 742 2672 laeum
761 2606 858 2691 pedes
879 2606 998 2672 deeem.
1035 2624 1106 2690 quae

151 2694 308 2780 numquid
337 2698 369 2759 et
397 2694 505 2759 decem
532 2695 645 2778 pedes,
673 2697 728 2779 qui
754 2700 833 2760 tune
860 2699 1106 2774 assesserunt,r

153 2806 236 2868 aqua
259 2784 339 2863 sint,
364 2783 439 2868 quie
463 2784 551 2848 lacus
574 2784 684 2867 erevit,
707 2805 750 2848 an
772 2784 912 2867 proximi
934 2783 1033 2868 pedes
1055 2783 1106 2847 dee

153 2874 193 2937 ab
218 2894 301 2955 aqua
323 2871 465 2936 Rutiliae
488 2871 599 2936 Pollae
622 2872 701 2937 iuris
725 2873 802 2937 sint.

240 2961 397 3025 Proculus
430 2960 609 3044 respondit:
646 2982 697 3044 eye
731 2961 871 3027 existimo
903 2966 1028 3027 eatenus
1055 2961 1106 3026 lau

150 3071 240 3132 quem
262 3050 336 3114 emit
358 3049 483 3114 Rutilia
505 3048 606 3132 Pollu,
632 3051 756 3133 uenisse,
778 3054 929 3132 quattus
952 3056 1025 3116 tune
1044 3049 1106 3131 fuit

150 3141 233 3204 urea
255 3159 324 3204 eum
342 3139 440 3203 decem
455 3139 544 3220 pedes
562 3146 615 3220 qul
634 3143 705 3203 tune
721 3139 857 3220 fuerunt,
880 3159 934 3205 nee
951 3140 987 3205 ob
1005 3159 1073 3203 eam
1090 3158 1106 3199 r

150 3228 233 3311 quod
267 3229 352 3292 lucus
383 3232 490 3310 postes
525 3229 629 3312 erevit,
666 3227 761 3303 lulius
796 3248 864 3294 eum
895 3229 1054 3310 possidere
1082 3227 1106 3292 el

171 3338 246 3383 uum
268 3318 349 3381 emit.

150 3341 170 3402 q
240 3410 285 3471 Of.
303 3411 339 3469 D.
354 3411 406 3488 41,
423 3412 451 3490 1,
467 3413 505 3469 12
528 3408 643 3468 Callist.
680 3403 789 3469 ‘Lacus
807 3413 838 3469 et
857 3413 967 3488 stagna
984 3411 1057 3471 lieet
1073 3410 1106 3468 in

224 3563 237 3610 1
258 3555 295 3611 F.
313 3552 367 3610 viri
384 3554 450 3609 boni
468 3552 550 3609 nobie
567 3556 710 3624 praesunt.
745 3570 793 3609 em.
812 3553 983 3611 Halounder.
