2430 3944
378 183 402 232 7.
426 176 622 233 IUVENTIUS
643 177 776 234 OELSUS
1019 178 1085 242 503

76 347 172 426 parte,
192 344 271 425 puta
289 342 327 425 si,
346 361 419 404 eum
439 341 593 406 distasset
612 363 650 405 ex
669 341 804 406 semisse
823 342 961 426 aliquem
982 343 1090 426 scribi,

76 453 110 496 ex
149 431 329 515 quadrante
362 429 406 493 sit
442 431 596 514 scriptus,
633 428 747 495 Celsus
774 429 863 495 ‘libro
897 430 1088 497 duodecimo

76 519 333 596 Quaestionum.
353 568 380 583 ..
402 540 497 602 posse
517 517 642 582 defendi
662 518 709 582 ait
728 541 766 583 ex
786 517 921 584 semisse
940 519 1090 585 heredem

76 611 158 693 iore,
183 607 276 692 quasi
299 607 371 691 plus
396 611 619 691 nuncupatum
644 607 702 692 sit,
724 608 830 672 minus
855 608 1020 691 seriptum.

163 727 350 788 Sententiam
376 731 481 787 auctor
504 727 535 785 in
558 727 753 806 Digestorum
776 747 895 804 quoque
923 727 1015 787 libros
1043 747 1091 787 re-

76 818 167 894 repit:
198 811 315 876 ‘Celsus
337 817 414 876 libro
439 816 614 876 duodecimo
639 816 868 893 Quaestionum,
896 815 1092 894 Digestorum

76 906 230 966 undecimo
254 898 370 986 (potius
394 907 476 965 sexto
501 897 632 986 decimo)
731 899 796 964 ait'.

477 1100 584 1160 Liber
607 1101 686 1161 XIX.

488 1211 538 1277 De
561 1212 676 1295 lepatis.
937 1277 941 1282 .

163 1326 194 1390 4.
227 1325 268 1391 D.
287 1327 343 1410 34,
362 1326 396 1408 2,
417 1327 472 1408 19,
490 1327 521 1392 3.
572 1326 732 1410 Ulpianus
760 1327 842 1392 libro
871 1327 1025 1391 vicesimo
1049 1325 1091 1390 ad

76 1415 234 1480 Sabinum
264 1411 311 1500 (P.
331 1413 443 1500 2606).
469 1453 508 1462 —
535 1464 569 1480 ..
594 1413 709 1480 Celsus
737 1414 822 1480 libro
851 1436 936 1480 nono
966 1415 1090 1480 decimo
1146 1431 1149 1439 '

76 1503 311 1580 Quaestionum
336 1504 471 1590 quaerit,
495 1505 524 1568 si
546 1508 673 1569 eentum
695 1504 802 1588 pondo
822 1504 951 1590 argenti
968 1504 1091 1569 fuerint

76 1593 197 1676 relicta,
219 1614 260 1658 an
279 1594 478 1678 replumbari
498 1593 645 1675 debeant,
664 1595 701 1658 ut
721 1595 767 1657 sia
786 1592 1017 1677 appendantur.
1060 1596 1093 1657 et

76 1681 230 1747 Proculus
266 1686 299 1746 et
331 1679 444 1747 Celsus
477 1683 569 1747 aiunt
601 1684 749 1766 exempto
784 1682 918 1765 plumbo
952 1681 1092 1766 appendi

76 1771 205 1854 debere3
233 1791 309 1834 nam
337 1775 370 1834 et
397 1771 598 1854 emptoribus
627 1771 850 1855 replumhatae
877 1770 1091 1855 adsignentur

75 1865 108 1925 et
132 1860 168 1923 in
193 1859 336 1923 rationes
359 1860 488 1945 argenti
510 1860 637 1944 pondus
662 1859 710 1923 sie
734 1857 886 1923 defertur.

165 1980 329 2038 Mommsen
363 1979 465 2056 potius
498 1974 586 2039 ‘libro
618 1999 695 2039 nono
727 1977 937 2054 Digestorum,
974 1977 1090 2037 decimo

76 2062 306 2138 Quaestionum'
338 2069 496 2146 legendum
530 2087 594 2127 esse
627 2069 747 2142 aonioit3
781 2070 886 2143 postea
919 2065 997 2125 enim
1026 2064 1045 2140 ἓ
1071 2069 1089 2126 6

76 2158 200 2236 legitur:
225 2151 342 2216 ‘Celsus
365 2157 441 2216 libro
465 2176 542 2216 nono
567 2157 680 2216 decimo
703 2157 907 2235 Digestorum,
930 2153 1089 2214 Commen-

76 2247 224 2307 tariorum
249 2245 378 2321 septimo
402 2239 527 2305 scribit'.

313 2457 366 2519 IV.
391 2457 736 2518 Commentariorum
759 2458 856 2517 libri.

80 2618 82 2623 ·
168 2583 253 2642 Siout
279 2583 318 2641 M.
341 2582 438 2642 Porcii
463 2582 585 2642 Catonis
613 2582 683 2641 libri
707 2582 742 2641 de
766 2582 831 2641 iure
854 2582 935 2642 eivili
961 2599 979 2639 a
1001 2582 1093 2641 Festo

76 2695 100 2749 p.
126 2674 190 2732 154
220 2665 449 2730 ‘commentarii'
473 2672 668 2749 designantur
692 2661 722 2751 (l
740 2691 769 2747 p.
790 2663 855 2750 21),
878 2670 923 2729 ita
947 2669 1039 2729 Gaius
1063 2676 1094 2729 et

76 2761 306 2821 Institutionum
324 2760 419 2819 libros
439 2764 470 2819 et
488 2761 564 2819 alios
583 2779 651 2820 suos
669 2761 764 2819 libros
780 2752 867 2837 (Inst.
884 2762 912 2836 3,
923 2761 964 2819 33
980 2761 1011 2817 et
1025 2753 1093 2838 54),

76 2850 194 2910 Gellius
222 2852 323 2907 autem
354 2851 403 2922 14,
424 2852 454 2922 2,
475 2852 503 2926 1,
523 2851 541 2906 2
570 2848 695 2907 Masurii
718 2848 822 2906 Sabini
848 2848 942 2907 libros
968 2850 1005 2906 de
1028 2848 1093 2906 iure

76 2938 159 2999 eivili
185 2936 312 3012 scriptos
335 2931 587 2996 ‘commentarios'
612 2936 685 2995 dicit
708 2929 763 3015 (II,
779 2939 797 2995 2
813 2957 841 3012 p.
857 2930 945 3017 550).

487 3131 594 3189 Liber
617 3129 685 3189 VH.

333 3242 383 3308 De
406 3243 502 3325 legato
519 3262 579 3323 per
601 3242 840 3306 damnationem.

167 3357 206 3422 D.
216 3358 267 3440 34,
278 3359 307 3440 2,
320 3359 370 3441 19,
379 3360 410 3424 6.
433 3356 592 3440 Ulpianus
603 3358 687 3421 libro
698 3356 874 3421 vicensimo
885 3355 925 3420 ad
937 3353 1093 3419 Sabinum

76 3447 125 3533 [P.
145 3443 261 3533 2606).
293 3483 336 3493 —
369 3495 403 3510 ..
432 3443 545 3510 Celsus
572 3446 658 3510 libro
778 3443 1093 3510 Commentariorum

76 3537 216 3623 septimo
251 3537 363 3602 scribit
397 3557 475 3599 auro
509 3534 617 3619 legato
651 3557 688 3599 ea
721 3553 802 3618 quae
833 3533 989 3596 inaurata
1010 3537 1110 3608 sunt,
