2430 3944
151 179 215 243 148
235 178 281 236 III.
293 176 369 232 GAII
379 175 525 232 CLAUDII
535 181 561 233 N
563 176 671 234 ERON.
682 175 826 233 GALBAE
835 174 944 233 ΤΕΜΡ.
953 175 1048 232 [uuis
1059 174 1142 233 CONS.

240 346 277 406 of.
296 346 369 405 Inst.
390 347 418 422 3,
439 347 490 423 23,
505 347 539 426 ι2.
572 389 601 404 ..
625 345 745 404 Proculi
773 344 923 405 sententia
950 344 1073 404 dicentis
1093 362 1142 421 per·

152 435 349 495 mutationem
368 434 520 510 propriam
541 451 604 493 esse
625 433 751 509 speciem
766 435 938 493 contractus
958 432 1143 495 avenditione

152 526 366 599 separatam..
382 567 388 581 .
425 521 490 583 Gai.
506 525 535 600 3,
551 524 624 580 141.
662 522 799 583 diversae
820 521 940 582 scholae
960 525 1141 582 auctores

23 620 25 625 '
151 612 236 671 aliud
264 655 298 672 ..
327 625 391 670 esse
429 609 602 670 existimant
638 610 892 686 permutationem
928 630 1042 690 rerum,
1076 606 1142 671 aliud

155 700 336 776 emptionem
361 703 392 759 et
415 699 626 758 venditionem.

240 802 292 869 37.
326 800 366 866 D.
389 802 438 884 18,
456 802 486 884 6,
506 801 582 883 8pr.
627 799 717 865 Idem
745 797 803 887 (so.
818 795 967 886 Paulus)
995 801 1076 866 libro
1100 798 1142 865 tri·¹

149 890 299 976 gensimo
336 890 434 954 tertio
468 888 513 972 ad,
540 889 679 954 edictum
709 886 758 973 (Ρ.
780 885 872 975 513).
900 925 945 936 ·-
972 886 1141 955 Necessario

154 978 319 1043 sciendum
344 982 407 1060 est,
436 977 562 1063 quando
586 977 730 1062 perfecta
753 978 796 1043 sit
819 979 955 1063 empti03
978 982 1054 1044 tune
1075 977 1141 1043 enin

153 1069 305 1149 sciemus,
333 1067 424 1130 ouius
448 1066 626 1149 periculum
650 1068 704 1151 sit3
735 1088 812 1131 nam
834 1067 978 1150 perfecta
1001 1067 1141 1154 emptione

152 1155 332 1238 periculum
355 1154 396 1218 ad
419 1157 597 1238 emptorem
620 1154 780 1238 respiciet.
817 1160 849 1225 et
871 1155 900 1220 ei
920 1155 953 1219 id
972 1155 1055 1239 quod
1072 1150 1141 1220 veni·

149 1246 216 1312 erit
241 1247 398 1327 appareat
421 1241 497 1326 quid
520 1242 614 1327 quale
637 1246 793 1327 quantum
817 1244 868 1322 sit,
892 1244 937 1309 sit
959 1250 993 1309 et
1014 1243 1141 1338 pretium,

151 1337 185 1396 et
211 1354 290 1415 pure
315 1331 415 1415 venit,
442 1330 585 1414 perfecta
609 1337 659 1396 est
682 1333 817 1415 empti03
845 1332 932 1416 quod
955 1332 984 1397 si
1007 1332 1063 1397 sub
1084 1350 1141 1396 con·

147 1420 280 1489 dicione
299 1441 351 1485 res
371 1420 516 1503 venierit,
535 1420 563 1484 si
583 1421 711 1504 quidem
730 1420 881 1486 deiecerit
899 1420 1054 1503 condicio,
1070 1416 1142 1484 nulle

153 1511 204 1572 est
237 1508 370 1591 emptio,
404 1508 498 1572 sicuti
525 1530 585 1574 nee
612 1509 793 1593 stipulatio,
827 1510 912 1594 quod
940 1510 969 1574 si
996 1505 1143 1587 exstiterit

151 1595 308 1661 Proculus
334 1601 366 1660 et
388 1595 568 1661 Octauenus
592 1597 746 1681 emptoris
770 1619 839 1662 esse
861 1595 1041 1682 periculum
1063 1595 1142 1662 aioni

516 1753 560 1808 Dc
576 1754 664 1821 suado
682 1754 798 1809 condito.

147 1842 150 1852 ’
241 1853 293 1918 38.
327 1852 364 1918 D.
386 1854 442 1936 21,
465 1854 499 1936 2,
526 1853 575 1918 13.
625 1852 744 1919 Paulus
777 1854 860 1920 libro
894 1855 1007 1939 quinto
1040 1856 1078 1920 ad
1101 1851 1142 1919 Sa·

152 1942 268 2022 ‘binum
297 1939 347 2027 (P.
367 1940 490 2030 17172).
508 1979 553 1989 -
576 1941 738 2007 Bonitatis
766 1943 1025 2009 aestimationem
1047 1941 1144 2009 iacien-

153 2031 241 2114 dam,
277 2052 349 2095 cum
377 2053 452 2114 pars
481 2031 651 2114 evincitur,
682 2029 837 2097 Proculus
856 2081 863 2098 .
879 2081 886 2098 .
905 2034 1054 2117 putabat,
1080 2047 1144 2116 quaa

152 2119 267 2184 fuisset
290 2118 485 2184 venditionis
509 2122 668 2202 tempore,
690 2141 757 2183 nou
779 2142 852 2185 oum
876 2120 1081 2187 evinceretur.

240 2208 293 2274 39.
316 2208 355 2272 D.
372 2208 422 2288 19,
436 2209 466 2291 2,
477 2206 506 2273 3.
538 2206 737 2292 Pomponius
752 2209 837 2273 libro
853 2231 939 2275 nono
955 2210 995 2274 ad
1010 2207 1144 2276 Sabinum

153 2294 204 2382 (P.
223 2293 312 2382 551).
340 2332 382 2343 —
411 2294 493 2361 Cum
523 2296 640 2361 fundus
668 2297 799 2363 locetur
820 2303 852 2362 et
881 2299 1084 2364 aestimatum
1107 2296 1144 2360 ir·

154 2389 370 2449 strumentum
394 2385 528 2449 colonus
553 2384 704 2468 accipiat,
732 2384 886 2451 Proculus
911 2387 957 2451 ait
980 2387 1014 2451 id
1038 2387 1101 2472 agi,
1118 2380 1144 2445 11¹

152 2474 402 2537 instrumentum
438 2476 582 2556 emptum
614 2473 734 2538 habeat
761 2475 910 2559 colonus,
943 2476 1038 2542 sicuti
1064 2469 1144 2540 fieret

152 2583 227 2625 cum
250 2560 327 2645 quid
351 2561 559 2626 aestimatum
582 2562 615 2625 in
639 2562 747 2627 dotem
770 2562 908 2631 daretur.

486 2718 530 2772 De
546 2718 693 2789 mancatis
711 2719 835 2774 venditis.

242 2817 294 2881 40.
326 2816 365 2881 D.
385 2817 436 2898 21,
455 2819 485 2902 2,
506 2819 556 2903 16,
575 2820 605 2883 2.
654 2818 852 2902 Pomponius
885 2820 971 2885 libro
1003 2843 1088 2887 nono
1119 2836 1144 2882 a<

150 2903 310 2980 ¹Sabinum
332 2904 383 2990 (P.
398 2905 486 2992 599).
506 2942 547 2952 —
568 2905 602 2971 Si
626 2929 744 2992 servus,
767 2909 857 2973 cuius
880 2909 1013 2974 nomine
1031 2910 1144 2995 duplat

154 2993 302 3077 stipulati
333 3015 456 3079 sumus,
487 2995 608 3060 evictus
635 2995 734 3060 fuerit
761 3019 780 3060 a
806 2997 915 3082 nobie,
947 2999 988 3063 ob
1017 2997 1050 3063 id
1077 3014 1143 3083 quo

152 3081 312 3166 fugitivus
339 3083 391 3147 vel
416 3105 513 3148 sanus
537 3106 601 3148 non
623 3084 722 3148 fuerit
746 3107 787 3149 an
812 3094 906 3171 ageio
929 3086 1033 3152 nihilo
1055 3091 1144 3151 minu

154 3171 329 3253 possimus,
358 3172 522 3255 quaeritur
546 3173 575 3257 <.
592 3221 598 3238 .
614 3172 644 3257 .>
669 3172 823 3239 Proculus
846 3174 1020 3240 videndum
1044 3177 1097 3260 ait,
1122 3190 1144 3239 11

155 3259 217 3324 hoc
245 3281 372 3344 quoque
400 3261 540 3344 intersit,
568 3265 677 3326 utrum
704 3264 774 3327 tum
802 3264 924 3328 evictus
954 3264 997 3328 sit
1020 3286 1092 3330 cum
1113 3259 1144 3348 <³

156 3369 241 3412 anno
275 3370 346 3413 eum
378 3349 623 3435 possedissem,>
656 3372 745 3415 meus
772 3351 878 3417 iactus
907 3374 973 3417 non
997 3356 1096 3439 esset,
1121 3374 1144 3417 a

154 3439 226 3500 tum
258 3458 330 3500 oum
362 3459 451 3502 meus
485 3437 588 3502 factus
621 3443 719 3524 esset,
751 3440 784 3505 in
817 3462 854 3506 eo
884 3441 969 3505 enim
997 3464 1073 3506 casu
1100 3462 1143 3525 qu

155 3525 205 3606 <si
229 3547 313 3590 anno
338 3549 410 3590 eum
433 3526 678 3611 possedissem,>
702 3550 790 3594 meus
813 3530 918 3595 factus
942 3535 1028 3615 esset,
1054 3530 1126 3596 stai'
