2430 3944
430 187 459 237 t.
481 179 622 239 SEXTUS
640 181 771 238 PEDIUS
1068 185 1109 248 79

91 395 114 410 ..
132 346 259 431 scribit,
280 345 368 430 quod
387 348 501 410 contra
520 365 558 409 es
572 343 789 430 (quacumque
804 347 939 433 causet)
958 348 1110 413 damnum

93 435 200 501 dutum
225 438 288 519 est,
311 435 363 499 cui
383 434 475 498 nullu
494 455 554 517 ope
573 434 695 499 occurri
714 435 842 519 poterit,
865 436 1109 520 stipulationem

95 545 154 590 non
176 528 299 590 tenere.
367 594 380 618 ι

175 626 237 687 111
282 619 380 702 ‘quod
415 618 534 685 contre'
567 626 732 687 Mommsen
761 628 863 700 potius
898 630 987 689 scribi
1021 631 1113 691 tuoe.-

102 715 209 793 qusndo
231 714 389 777 violentie.
434 715 511 788 quod
526 717 680 789 proposui,
703 715 822 775 Lenele'o
845 717 969 777 debetur.

177 825 232 892 29.
265 824 306 890 D.
326 825 378 909 39,
397 824 428 908 2,
446 824 499 889 32.
550 822 650 889 Gaius
677 823 762 889 libro
790 825 967 892 vicensimo
995 831 1110 896 octavo

106 913 136 978 nd
157 913 299 981 edictum
323 912 522 997 provinciale
546 910 597 1000 (P.
611 910 702 997 371).
725 950 765 960 -
867 915 895 979 si
914 937 995 980 unus
1015 917 1110 982 aedes

107 1023 280 1068 communes
303 1007 412 1068 tecum
434 1001 533 1066 habui
557 1022 677 1086 eaeque
697 1002 814 1067 vitium
832 1002 957 1067 faciunt
975 1009 1009 1070 et
1026 1004 1112 1072 circa

109 1090 303 1157 refectionem
324 1113 434 1156 earum
453 1112 579 1156 cessure
596 1090 748 1173 videaris,
766 1091 872 1156 nostri
885 1098 1111 1178 praeceptores

112 1184 214 1265 nogent
246 1201 361 1246 cavere
392 1184 425 1244 te
458 1179 587 1263 debere,
619 1179 697 1263 quis
728 1180 798 1264 ipse
826 1181 958 1246 reficere
983 1184 1109 1267 possim

113 1272 279 1353 recepturus
298 1270 363 1354 'pro
385 1272 489 1354 perte,
514 1267 599 1352 quod
621 1267 845 1354 impenderim,
866 1269 985 1335 iudicio
1009 1272 1109 1336 socie-

115 1357 172 1422 tatis
186 1361 241 1422 eut
255 1357 419 1422 communi
438 1356 614 1421 dividundo
691 1361 724 1422 et
743 1360 793 1421 est
811 1359 907 1442 plane
921 1362 1110 1426 nostrorum

116 1450 338 1531 praeceptorum
370 1446 450 1510 haec
484 1446 658 1527 sententia,
692 1449 729 1510 ut
761 1446 929 1512 credamus
960 1448 1109 1514 inutilem

118 1553 167 1598 csse
192 1535 301 1600 damni
329 1534 443 1600 infecti
473 1534 732 1619 stipulationem,
760 1555 823 1619 quo
852 1558 929 1615 cusu
956 1537 1110 1603 damnum

68 1670 70 1684 ,
119 1622 162 1688 uta
182 1624 308 1689 actione
332 1623 446 1690 sarciri
467 1622 582 1707 possit.

517 1782 680 1791 *-

376 1888 417 1970 5.
446 1890 628 1965 SEXTUS
656 1891 828 1965 PEDIUS

181 2037 254 2096 iuris
286 2036 402 2113 peritus
431 2035 540 2097 Sabino
569 2040 645 2097 natu
672 2037 770 2095 minor
798 2028 849 2117 (D.
865 2040 916 2114 50,
933 2041 983 2114 16,
1000 2041 1050 2115 13,
1067 2032 1111 2121 1),

118 2119 256 2201 Pomponio
279 2126 376 2185 muior
399 2118 447 2207 (D.
462 2130 492 2204 4,
507 2129 536 2200 3,
553 2129 580 2202 1,
595 2117 647 2206 4),
673 2125 754 2185 idem
777 2126 906 2185 fortusse
931 2131 1020 2202 atque
1044 2127 1110 2189 Sex.

118 2207 202 2274 Pedius
220 2215 368 2275 Hirrutus
388 2207 439 2295 (cf.
458 2214 605 2293 Borghesi
624 2216 653 2292 8,
673 2216 746 2274 326.
772 2217 801 2292 6,
816 2215 890 2274 488,
933 2216 1111 2294 Prosopogr.

117 2296 148 2359 Ill
165 2323 191 2378 p.
206 2301 274 2385 20),
297 2322 316 2362 a
338 2303 461 2363 Valerio
487 2322 605 2382 quoque
627 2303 738 2378 Probo,
762 2306 797 2362 111
819 2302 949 2379 videtur,
971 2305 1112 2365 laudatus

117 2378 148 2467 (in
176 2393 237 2452 cod.
266 2393 345 2452 enim
376 2392 560 2453 llinsidlensi
592 2391 666 2454 Coll.
694 2392 762 2451 libr.
790 2393 846 2453 iur.
873 2392 917 2469 Π,
943 2395 1005 2454 148
1038 2394 1112 2453 haec

116 2474 250 2556 leguntur:
279 2474 433 2540 ‘s·P·M.
457 2481 541 2541 Sexti
563 2481 648 2540 Pedii
670 2475 842 2554 Medivuni',
868 2481 947 2558 quod
970 2482 1112 2543 Huschke

116 2557 269 2629 ‘lledmsni'
298 2571 450 2642 emendet,
477 2571 497 2630 i.
521 2590 544 2630 e.
568 2570 688 2628 Medma
715 2589 738 2628 s.
761 2570 912 2647 Medcme,
940 2590 976 2629 ex
1002 2571 1111 2647 oppido

115 2654 167 2714 olim
180 2657 376 2718 Locrensium
393 2660 426 2718 in
439 2659 568 2719 Bruttiis
589 2659 646 2718 sito
662 2650 822 2739 oriundi1),
842 2659 894 2736 qui
912 2679 972 2717 non
990 2678 1111 2735 respon-

114 2741 203 2822 dendo,
241 2746 296 2806 sed
327 2747 412 2807 libris
450 2748 614 2808 scribendis
647 2751 677 2807 et
709 2746 829 2825 quidem
861 2748 920 2806 iuri
951 2748 1111 2808 honorario

112 2833 249 2895 tcctcndo
274 2854 396 2911 operum
420 2837 511 2897 dedit.

186 2992 199 3040 1
220 2985 361 3041 Probante
379 2987 511 3042 Kcrlowa
528 2988 549 3055 Ι,
569 2992 629 3042 695.
644 2992 710 3056 633,
734 3003 789 3042 non
812 2987 951 3057 probante
969 2988 1112 3055 Kruegero

110 3061 187 3121 11113
205 3074 232 3112 u.
255 3062 304 3125 81,
324 3058 372 3126 qui
390 3058 433 3112 vir
452 3059 627 3114 doctissimus
651 3060 711 3113 sine
734 3061 843 3114 ratione
862 3058 965 3113 idonea
983 3064 1019 3127 (v.
1038 3059 1112 3112 infre.

109 3132 178 3192 1181.
192 3131 238 3198 88)
253 3129 371 3182 Pedium
384 3129 522 3184 Hadriani
542 3133 636 3185 astute
655 3131 742 3185 fuisse
756 3130 910 3184 arbitratus
924 3129 1043 3185 iudicet:
1064 3130 1112 3183 ‘ds

108 3195 252 3254 dinsiedler
265 3199 509 3270 Probus-Excerpt
524 3242 567 3257 ...
583 3220 616 3256 zu
631 3201 758 3256 erklbren
773 3201 842 3255 wird
856 3201 940 3255 laum
956 3199 1110 3270 gelingen’.

108 3266 134 3322 de
148 3268 250 3325 litteris
265 3270 324 3324 illis
333 3271 466 3327 Kerlowc
479 3272 500 3340 l,
515 3277 567 3327 633
582 3276 689 3327 monet:
707 3272 795 3326 ‘diese
805 3270 985 3326 Buchstuben
999 3273 1111 3326 konnen

107 3341 236 3396 nutdrlich
255 3341 335 3396 nicht
352 3342 392 3396 im
411 3343 494 3398 Edict
511 3345 598 3398 selbst
616 3345 772 3415 gestcnden
791 3343 898 3410 buben,
922 3342 1041 3398 sondcrn
1060 3358 1112 3394 nur

107 3408 238 3466 incinem
255 3413 344 3466 Werk
362 3416 432 3468 iiber
450 3415 590 3482 desselbe‚
614 3431 659 3469 cm
678 3413 972 3469 wahrscheinlichsten
995 3414 1025 3466 in
1047 3413 1111 3466 dem

107 3478 185 3537 Werk
199 3485 248 3538 des
262 3483 366 3538 Pedius
381 3485 477 3556 selbst,
497 3488 568 3541 etwc
581 3503 626 3540 cm
641 3485 724 3540 Rund
737 3503 785 3539 nur
798 3485 901 3540 kurzen
916 3483 1112 3551 Bezeichnung

103 3551 146 3607 des
164 3558 264 3610 Autors
283 3555 453 3612 desselben'.
