2430 3944
98 193 178 250 uun

99 364 133 425 in
164 363 286 425 asuario¹
310 363 472 440 positurus
504 365 595 438 esset,
623 362 655 422 id
687 381 796 424 aurum
828 362 943 425 secerni
969 361 1123 433 iuberent,

101 456 224 512 senatus
246 452 423 528 pontificum
447 452 610 530 collegium
632 450 749 512 consuli
767 451 865 529 iussit,
888 471 962 512 num
981 471 1068 512 omne
1087 453 1121 514 id

100 561 206 601 aurum
233 541 266 601 in
291 542 379 601 ludos
403 542 539 602 consumi
562 555 720 600 necessum
743 538 831 604 esset.
871 560 939 601 cum
961 541 1122 617 pontifices

98 633 261 707 negassent
294 632 332 691 ad
363 630 540 709 religionem
567 630 737 707 pertinere,
775 631 889 708 quanta
919 630 1056 706 impensa
1086 631 1121 696 iu
1160 666 1163 671 ·

98 716 186 780 ludos
205 719 306 799 fieret,
321 711 456 780 senatns'
475 721 506 778 et
519 738 552 796 q.
567 711 615 799 s).
641 730 716 778 num
735 721 817 778 recte
835 719 951 779 factum
969 718 1019 798 sit,
1038 717 1121 799 quod¹

98 827 117 868 a
139 809 295 885 proposito
320 807 434 882 destiti,
457 807 519 867 iam
540 806 630 870 ualde
655 798 769 868 dubito.
1140 818 1148 829 ’

187 897 355 959 Prudentes
378 896 555 973 imperatori
577 896 732 956 Hadriano
754 896 896 972 aequales
914 896 966 958 vel
982 894 1121 973 posteros

98 983 187 1046 edere
209 1003 365 1063 nunquam
382 985 415 1043 in
434 985 533 1044 animo
553 988 627 1046 erat
668 984 815 1045 Hadriani
834 1003 904 1045 vero
923 987 1024 1045 aetate
1043 1003 1122 1063 opus

96 1073 322 1135 terminandum
345 1074 412 1134 ideo
435 1075 594 1149 putabam,
618 1073 698 1150 qnod
720 1073 773 1133 illo
796 1072 978 1152 imperatore
1005 1094 1121 1137 novum

98 1164 249 1242 quoddam
268 1163 425 1223 saeculum
443 1163 561 1223 exstitit
579 1164 643 1222 fere
663 1163 830 1223 innumeris
849 1162 1121 1224 constitutionibus

95 1252 224 1331 insigne,
249 1270 267 1310 a
290 1271 349 1330 quo
370 1251 557 1312 lastinianus
577 1271 705 1330 quoque,
729 1272 798 1312 cum
815 1251 890 1311 iurIs
908 1269 1018 1328 corpus
1037 1271 1119 1313 com-

95 1360 207 1421 ponere
226 1340 442 1419 constituisset,
460 1340 493 1400 in
511 1341 583 1402 novi
602 1338 718 1400 Codicis
737 1340 856 1418 legibus
875 1340 1052 1418 colligendis
1071 1341 1120 1403 in-

96 1428 268 1505 cipiendum
296 1447 361 1489 esse
389 1429 496 1504 edixit,
524 1448 708 1508 quamquam
733 1448 795 1488 nna
821 1428 943 1489 tanturn
969 1425 1120 1493 Hadriani

96 1518 274 1579 const'tutio
304 1521 427 1595 recepta
455 1510 527 1578 est.¹
576 1519 654 1578 illud
683 1517 821 1595 inprimis
853 1517 1036 1578 monendum
1064 1521 1119 1594 est,

96 1607 333 1667 antebadrianae
362 1608 472 1668 aetatis
495 1607 570 1667 iuris
593 1608 747 1668 consultos
770 1624 921 1684 nusquam
941 1606 1018 1667 iuris
1041 1627 1119 1687 gen·

95 1695 174 1756 tium
202 1696 385 1755 mentionem
412 1697 520 1757 facere.
569 1696 602 1755 in
625 1714 660 1755 eo
683 1699 804 1756 tantum
828 1696 883 1755 sub
902 1695 1012 1773 primis
1035 1697 1118 1773 prin·

95 1785 212 1862 cipibus
233 1785 305 1845 novi
323 1780 479 1844 cuiusdam
498 1782 612 1845 saeculi
631 1785 798 1863 agnoveris,
822 1782 903 1862 quod
915 1787 952 1844 et
969 1786 1119 1848 naturalis

96 1874 232 1952 aequitas
263 1874 345 1934 civili
367 1865 426 1955 (11,
448 1877 464 1932 1
490 1895 519 1950 p.
547 1866 625 1957 114)
656 1877 687 1933 11
716 1873 798 1935 cirili
827 1873 940 1932 rationi
965 1875 1120 1936 naturalis

96 1963 259 2039 opponitur
277 1956 330 2041 (ΙΙ,
352 1965 368 2021 1
388 1983 417 2038 p.
434 1954 514 2044 557)
534 1965 626 2040 atque
645 1961 682 2023 ds
706 1981 741 2022 eo
760 1960 943 2039 disputatur,
959 1981 1035 2022 num
1052 1965 1119 2040 qni-

95 2051 222 2111 busdam
248 2051 485 2131 obligationibus
512 2051 664 2130 peregrini
692 2070 810 2129 quoque
834 2053 995 2111 teneantur
1018 2040 1077 2134 (ΙΙ,
1095 2054 1120 2113 1·

95 2160 124 2217 p.
150 2142 191 2201 93
220 2144 251 2200 et
279 2132 374 2223 542).
433 2135 465 2198 in
501 2141 608 2201 ceteris
640 2159 701 2200 non
733 2140 769 2199 de
802 2140 953 2200 communi
984 2141 1119 2201 omnium

96 2230 259 2306 huminum,
283 2232 335 2289 sed
359 2230 396 2289 de
418 2229 543 2305 proprio
563 2229 671 2306 populi
693 2228 821 2288 Romani
842 2228 910 2288 iure
934 2228 1044 2306 agilia.

184 2317 325 2377 Priorum
356 2318 454 2395 igitur
485 2317 681 2393 prudentium
714 2317 882 2376 sententiae
907 2317 1120 2396 librorumque

96 2406 276 2483 fragmenta,
296 2424 374 2483 quse
393 2408 482 2464 extra
497 2405 662 2466 Iuetmisni
670 2404 869 2484 iligestoeum
885 2406 980 2467 libros
996 2408 1121 2477 servata

96 2495 197 2571 primo
213 2512 233 2555 a·
249 2486 477 2568 Dirlrsenio,²
498 2499 607 2572 postes.
626 2495 750 2572 plenius
765 2496 806 2554 ab
824 2487 1118 2572 1111111111-

95 2583 201 2660 posita
221 2587 300 2656 sunt,
322 2602 391 2644 cum
408 2583 607 2662 Digestorum
624 2584 755 2645 allorum
774 2582 953 2660 bagmsntis
974 2585 1119 2645 itaeom-

95 2671 235 2748 ponsnda
268 2675 367 2750 erent,
400 2675 437 2732 11
467 2673 558 2733 senius
590 2675 735 2750 omneque
763 2672 936 2752 prudentia,
967 2676 1118 2751 qnantum

96 2761 185 2820 bodie
208 2761 307 2838 licem,
330 2764 539 2837 cognoscatur.

184 2849 391 2910 Discernenda
422 2853 526 2911 autum
558 2854 647 2911 mni
671 2867 816 2928 responsa
843 2851 1072 2912 consulentibus
1099 2868 1121 2913 ι

95 2939 251 3000 aetembus
280 2939 353 2998 dats
379 2957 399 2998 a
426 2941 583 3001 sententiis
610 2958 664 3017 per
688 2940 782 3000 libros
805 2939 919 3001 litteris
939 2940 1120 3020 munusue,

96 3027 199 3103 plnres
230 3027 312 3087 enim
340 3031 478 3088 suctores
505 3029 592 3108 iique
616 3028 792 3108 grauissimi
822 3027 1024 3106 respondendi
1049 3031 1120 3090 eu-

96 3119 162 3175 tum
184 3135 309 3176 munera
333 3118 454 3178 1111111
478 3135 556 3196 esse,
572 3119 669 3180 libros
693 3134 870 3195 componere
887 3134 950 3178 non
967 3118 1120 3181 uictumae

168 3290 196 3340 1..
209 3285 255 3341 »01
272 3287 414 3356 Knnegeri
428 3285 547 3343 >Codicis
566 3284 656 3344 editio
672 3293 779 3358 1189.

167 3362 194 3410 21
213 3357 407 3414 Bruobstiiclre
431 3375 482 3414 auc
500 3359 556 3414 den
575 3358 718 3416 Schriften
735 3359 785 3415 der
802 3358 963 3418 romischen
980 3357 1116 3417 sunau

95 3426 275 3498 Klinigsberg
294 3433 372 3484 1814„

166 3502 193 3555 δ’.
212 3498 451 3571 Inrisprudentise
470 3497 708 3558 unteinstinianac
722 3516 796 3572 qnae
811 3502 971 3574 supersunt.
1002 3497 1119 3571 nipsise
