2430 3944
97 177 187 233 xxvi

97 345 318 424 posterioribus
342 345 492 407 Labeonis
520 345 687 404 sententiae
715 344 816 405 variae
844 348 954 406 extant.
1005 346 1117 422 quibus

97 435 276 514 fragmentis
307 434 462 495 dissolutis
496 450 570 493 snus
597 433 702 509 cuique
728 434 774 492 rei
802 434 885 494 locus
913 450 1114 512 numerusque

97 523 297 603 assignandus
328 524 400 598 init,
432 541 615 600 quamquam
641 521 707 581 fieri
734 525 868 598 poterat,
898 527 935 583 ut
960 522 1115 583 interdum

96 632 198 675 rerum
221 630 350 673 conexus
372 612 504 672 nondum
525 615 703 688 perspectus
726 615 978 688 corrumperetur.
1020 612 1115 672 inter-

97 702 169 762 dum
192 702 284 762 etiam
306 699 531 779 paragraphum
554 684 687 760 discisus
710 717 758 759 res
782 701 985 760 continentem
1009 701 1116 761 dissol-

96 790 225 851 vendam
248 791 333 868 duxi,
355 789 450 849 veluti
473 789 509 848 D.
526 790 579 865 43,
595 790 623 865 8,
639 791 668 863 2,
684 790 725 848 28
751 782 803 868 (of.
821 789 853 849 II
870 811 900 866 p.
917 785 1006 870 310).

186 878 272 950 Quod
308 878 346 938 ad
383 877 547 936 sententias
579 876 654 936 iuris
685 878 890 938 consultorum
923 897 942 937 a
973 879 1115 954 pluribus

96 968 180 1028 varie
202 968 316 1026 relatas
343 966 464 1044 attinet,
487 965 620 1024 omnium
638 966 813 1026 testimonia
830 968 1023 1043 proponenda
1042 968 1120 1026 duxi

97 1056 261 1117 secundnm
284 1055 464 1131 dignitatem
488 1054 646 1132 disposita,
668 1072 766 1133 neque
788 1054 923 1132 priorum
947 1056 1115 1116 sententias

97 1164 116 1204 a
137 1145 266 1219 posteris
289 1143 433 1218 probatas
456 1142 537 1219 apud
558 1143 614 1202 hos
637 1143 818 1204 omittendus
841 1161 914 1204 esse.

186 1231 301 1302 Quibus
329 1230 457 1290 rubricis
489 1233 659 1309 fragmenta
687 1233 838 1310 inscripsi,
866 1233 903 1293 iis
930 1233 1112 1310 plerumque

95 1339 156 1381 uon
181 1340 284 1380 rerum
318 1319 369 1397 qui
405 1320 477 1379 olim
509 1320 626 1380 exstitit
653 1339 798 1380 conexum
830 1319 992 1400 significari
1018 1323 1111 1400 volui,
1152 1318 1165 1339 ⁶

95 1409 148 1468 sed
182 1410 283 1485 potius
317 1409 555 1485 fragmentorum
583 1409 684 1485 qualia
714 1410 804 1470 hodie
832 1413 903 1470 sunt
935 1415 1115 1487 argumenta

94 1497 228 1557 indicari.
850 1544 852 1552 ,

184 1585 321 1662 Denique
353 1585 541 1663 singulorum
571 1586 763 1662 prudentium
792 1587 945 1647 doctrinae
974 1588 1114 1666 reliquiis

95 1675 191 1736 vitem
214 1675 400 1751 honoresque
423 1675 649 1750 praemittenda
666 1677 780 1751 putavi.

183 1763 219 1822 In
242 1763 332 1822 rebus
356 1762 393 1821 ad
415 1763 609 1840 philologiam
632 1764 864 1842 pertinentibus,
888 1765 959 1824 dum
981 1765 1111 1840 priorem

97 1852 194 1928 operis
217 1854 334 1927 partem
356 1853 469 1929 tracto,
494 1851 662 1911 adiutorem
684 1855 876 1931 perpetuum,
899 1853 931 1912 id
953 1854 1033 1930 quod
1057 1872 1109 1930 ap

95 1959 199 2016 parere
223 1941 324 2016 doleo,
347 1958 408 1999 nou
431 1942 538 2000 nactus
559 1940 685 2000 subinde
703 1961 722 2000 a
741 1942 918 2004 Richardo
937 1943 1111 2020 Heinzeo,

95 2031 161 2088 tum
189 2029 305 2106 collega
332 2028 557 2106 Argentinensi‚
588 2048 667 2089 nunc
694 2029 896 2103 Berolinensi‚
925 2031 1053 2090 consilio
1080 2035 1112 2092 et

95 2118 232 2178 doctrina
255 2118 376 2177 adiutus
400 2137 475 2178 sum.
511 2120 543 2178 in
567 2119 663 2178 altera
685 2120 784 2195 operis
807 2121 902 2196 parte,
926 2120 1025 2196 quoad
1045 2120 1109 2180 eius

95 2209 164 2281 poat
187 2206 368 2267 domicilium
393 2227 411 2266 a
433 2227 481 2266 me
503 2209 655 2266 mutatum
677 2207 708 2265 in
730 2209 821 2267 tenta
839 2209 972 2268 locorum
991 2209 1109 2286 longin-

96 2295 211 2371 quitate
234 2294 300 2353 fieri
322 2297 432 2371 posset,
456 2294 493 2354 H.
514 2295 741 2371 Sohroederi,
762 2297 912 2373 gymnasii
934 2298 1108 2356 Protestan-

95 2381 172 2441 tium
191 2382 419 2458 Argentinensis
442 2382 628 2458 professoris,
651 2382 733 2442 fideli
751 2403 842 2460 opera
861 2387 952 2463 atque
971 2386 1108 2445 doctrina

95 2488 167 2530 usus
196 2491 270 2530 sum.
316 2471 442 2547 denique
468 2470 641 2531 Alfredus
664 2472 828 2547 Pernice,
856 2475 968 2534 amicus
996 2476 1107 2534 harum

95 2577 195 2618 rorum
213 2559 301 2618 unice
319 2559 441 2638 peritus,
465 2560 588 2620 schedas
606 2561 840 2638 typographicae
860 2563 962 2638 legens
983 2564 1108 2623 adnota-

96 2647 192 2707 tiones
215 2648 326 2707 multas
350 2666 458 2724 easque
482 2648 605 2708 eximias
628 2668 745 2710 mecum
768 2652 1008 2730 communicavit,
1032 2670 1107 2729 quas

95 2736 301 2795 lubentissime
325 2753 378 2796 suo
402 2737 466 2797 loco
489 2738 640 2814 proposui.

177 2864 295 2954 'Scripsi
317 2877 440 2938 Bonnae
463 2898 564 2940 mense
586 2881 750 2942 Novembri
773 2883 843 2941 anni
866 2881 961 2942 MCM.
