<?xml version="1.0" encoding="UTF-8"?>
<!DOCTYPE html PUBLIC "-//W3C//DTD XHTML 1.0 Transitional//EN"
    "http://www.w3.org/TR/xhtml1/DTD/xhtml1-transitional.dtd">
<html xmlns="http://www.w3.org/1999/xhtml" xml:lang="en" lang="en">
 <head>
  <title>
</title>
<meta http-equiv="Content-Type" content="text/html;charset=utf-8" />
  <meta name='ocr-system' content='tesseract 3.04.00' />
  <meta name='ocr-capabilities' content='ocr_page ocr_carea ocr_par ocr_line ocrx_word'/>
</head>
<body>
  <div class='ocr_page' id='page_1' title='image "./iurisprudentiae02bremgoog_0366.png"; bbox 0 0 2430 3944; ppageno 0'>
   <div class='ocr_carea' id='block_1_1' title="bbox 363 169 1092 237">
    <p class='ocr_par' dir='ltr' id='par_1_1' title="bbox 363 169 1092 237">
     <span class='ocr_line' id='line_1_1' title="bbox 363 169 1092 237; baseline 0.022 -15"><span class='ocrx_word' id='word_1_1' title='bbox 363 174 388 224; x_wconf 86' lang='lat'><strong>4.</strong></span> <span class='ocrx_word' id='word_1_2' title='bbox 414 170 445 224; x_wconf 85' lang='lat' dir='ltr'><strong>L.</strong></span> <span class='ocrx_word' id='word_1_3' title='bbox 465 169 646 225; x_wconf 78' lang='lat' dir='ltr'><strong>NERATIUS</strong></span> <span class='ocrx_word' id='word_1_4' title='bbox 665 169 812 226; x_wconf 85' lang='lat' dir='ltr'>PRISCUS</span> <span class='ocrx_word' id='word_1_5' title='bbox 1027 172 1092 237; x_wconf 83' lang='lat'><strong>333</strong></span> 
     </span>
    </p>
   </div>
   <div class='ocr_carea' id='block_1_2' title="bbox 15 331 1093 507">
    <p class='ocr_par' dir='ltr' id='par_1_2' title="bbox 15 331 1093 507">
     <span class='ocr_line' id='line_1_2' title="bbox 15 331 1093 418; baseline 0.003 -21"><span class='ocrx_word' id='word_1_6' title='bbox 15 341 17 344; x_wconf 79' lang='grc'>’</span> <span class='ocrx_word' id='word_1_7' title='bbox 77 355 138 417; x_wconf 93' lang='lat' dir='ltr'><strong>pro</strong></span> <span class='ocrx_word' id='word_1_8' title='bbox 162 333 314 398; x_wconf 85' lang='lat' dir='ltr'><strong>libertate</strong></span> <span class='ocrx_word' id='word_1_9' title='bbox 338 331 480 416; x_wconf 90' lang='lat' dir='ltr'><strong>dederat,</strong></span> <span class='ocrx_word' id='word_1_10' title='bbox 503 334 659 418; x_wconf 89' lang='lat' dir='ltr'><strong>repetisse</strong></span> <span class='ocrx_word' id='word_1_11' title='bbox 681 356 740 418; x_wconf 87' lang='lat' dir='ltr'><strong>per</strong></span> <span class='ocrx_word' id='word_1_12' title='bbox 758 334 896 399; x_wconf 85' lang='lat' dir='ltr'><strong>iudicem</strong></span> <span class='ocrx_word' id='word_1_13' title='bbox 914 356 975 400; x_wconf 89' lang='lat' dir='ltr'><strong>nec</strong></span> <span class='ocrx_word' id='word_1_14' title='bbox 992 334 1093 400; x_wconf 91' lang='lat' dir='ltr'><strong>fuisse</strong></span> 
     </span>
     <span class='ocr_line' id='line_1_3' title="bbox 77 420 1010 507; baseline 0.001 -20"><span class='ocrx_word' id='word_1_15' title='bbox 77 421 275 506; x_wconf 85' lang='lat' dir='ltr'><strong>quaesitum,</strong></span> <span class='ocrx_word' id='word_1_16' title='bbox 299 444 341 487; x_wconf 89' lang='lat' dir='ltr'><strong>an</strong></span> <span class='ocrx_word' id='word_1_17' title='bbox 364 420 509 486; x_wconf 89' lang='lat' dir='ltr'><strong>Domitia</strong></span> <span class='ocrx_word' id='word_1_18' title='bbox 536 423 640 488; x_wconf 88' lang='lat' dir='ltr'><strong>sciens</strong></span> <span class='ocrx_word' id='word_1_19' title='bbox 664 422 801 487; x_wconf 86' lang='lat' dir='ltr'><strong>liberum</strong></span> <span class='ocrx_word' id='word_1_20' title='bbox 825 424 1010 507; x_wconf 73' lang='lat' dir='ltr'><strong>accepisset.</strong></span> 
     </span>
    </p>
   </div>
   <div class='ocr_carea' id='block_1_3' title="bbox 32 533 1095 1321">
    <p class='ocr_par' dir='ltr' id='par_1_3' title="bbox 32 533 1095 1321">
     <span class='ocr_line' id='line_1_4' title="bbox 32 533 1092 610; baseline 0.003 -18"><span class='ocrx_word' id='word_1_21' title='bbox 32 568 35 573; x_wconf 90' lang='lat'>·</span> <span class='ocrx_word' id='word_1_22' title='bbox 168 533 215 593; x_wconf 88' lang='lat' dir='ltr'><strong>De</strong></span> <span class='ocrx_word' id='word_1_23' title='bbox 233 534 418 610; x_wconf 78' lang='lat' dir='ltr'><strong>pantomimo</strong></span> <span class='ocrx_word' id='word_1_24' title='bbox 437 535 487 595; x_wconf 82' lang='lat' dir='ltr'><strong>rel</strong></span> <span class='ocrx_word' id='word_1_25' title='bbox 505 535 650 594; x_wconf 74' lang='lat' dir='ltr'><strong>histrione</strong></span> <span class='ocrx_word' id='word_1_26' title='bbox 665 533 774 595; x_wconf 86' lang='lat' dir='ltr'><strong>Paride</strong></span> <span class='ocrx_word' id='word_1_27' title='bbox 788 538 819 595; x_wconf 91' lang='lat' dir='ltr'><strong>et</strong></span> <span class='ocrx_word' id='word_1_28' title='bbox 833 535 967 595; x_wconf 90' lang='lat' dir='ltr'><strong>Domitia</strong></span> <span class='ocrx_word' id='word_1_29' title='bbox 981 556 1008 594; x_wconf 86' lang='lat' dir='ltr'><strong>v.</strong></span> <span class='ocrx_word' id='word_1_30' title='bbox 1023 537 1092 597; x_wconf 85' lang='lat' dir='ltr'><strong>Tac.</strong></span> 
     </span>
     <span class='ocr_line' id='line_1_5' title="bbox 76 623 1093 701; baseline 0.005 -20"><span class='ocrx_word' id='word_1_31' title='bbox 76 641 146 682; x_wconf 85' lang='lat' dir='ltr'><strong>ann.</strong></span> <span class='ocrx_word' id='word_1_32' title='bbox 178 625 234 699; x_wconf 90' lang='lat'><strong>13,</strong></span> <span class='ocrx_word' id='word_1_33' title='bbox 264 624 416 701; x_wconf 88' lang='lat'><strong>19-22,</strong></span> <span class='ocrx_word' id='word_1_34' title='bbox 462 623 514 699; x_wconf 89' lang='lat' dir='ltr'><strong>qui</strong></span> <span class='ocrx_word' id='word_1_35' title='bbox 557 625 612 700; x_wconf 88' lang='lat'><strong>13,</strong></span> <span class='ocrx_word' id='word_1_36' title='bbox 641 626 681 683; x_wconf 91' lang='lat'><strong>27</strong></span> <span class='ocrx_word' id='word_1_37' title='bbox 715 623 751 682; x_wconf 88' lang='lat' dir='ltr'><strong>de</strong></span> <span class='ocrx_word' id='word_1_38' title='bbox 787 624 842 684; x_wconf 89' lang='lat' dir='ltr'><strong>lite</strong></span> <span class='ocrx_word' id='word_1_39' title='bbox 878 625 952 684; x_wconf 86' lang='lat' dir='ltr'><strong>haec</strong></span> <span class='ocrx_word' id='word_1_40' title='bbox 989 625 1093 686; x_wconf 78' lang='lat' dir='ltr'><strong>refert:</strong></span> 
     </span>
     <span class='ocr_line' id='line_1_6' title="bbox 77 705 1095 789; baseline 0.003 -19"><span class='ocrx_word' id='word_1_41' title='bbox 77 705 271 789; x_wconf 70' lang='lat' dir='ltr'><strong>‘scripsitque</strong></span> <span class='ocrx_word' id='word_1_42' title='bbox 295 710 406 771; x_wconf 81' lang='lat' dir='ltr'><strong>Caesar</strong></span> <span class='ocrx_word' id='word_1_43' title='bbox 429 713 558 784; x_wconf 85' lang='lat' dir='ltr'><strong>senatui,</strong></span> <span class='ocrx_word' id='word_1_44' title='bbox 584 711 727 787; x_wconf 87' lang='lat' dir='ltr'><strong>privatim</strong></span> <span class='ocrx_word' id='word_1_45' title='bbox 751 713 952 788; x_wconf 87' lang='lat' dir='ltr'><strong>expenderent</strong></span> <span class='ocrx_word' id='word_1_46' title='bbox 974 731 1095 773; x_wconf 89' lang='lat' dir='ltr'><strong>causam</strong></span> 
     </span>
     <span class='ocr_line' id='line_1_7' title="bbox 78 800 1094 879; baseline 0.003 -20"><span class='ocrx_word' id='word_1_47' title='bbox 78 800 267 879; x_wconf 87' lang='lat' dir='ltr'><strong>libertorum,</strong></span> <span class='ocrx_word' id='word_1_48' title='bbox 286 800 425 877; x_wconf 88' lang='lat' dir='ltr'><strong>quotiens</strong></span> <span class='ocrx_word' id='word_1_49' title='bbox 445 819 463 858; x_wconf 90' lang='lat' dir='ltr'><strong>a</strong></span> <span class='ocrx_word' id='word_1_50' title='bbox 481 802 616 877; x_wconf 90' lang='lat' dir='ltr'><strong>patronis</strong></span> <span class='ocrx_word' id='word_1_51' title='bbox 636 803 837 877; x_wconf 78' lang='lat' dir='ltr'><strong>arguerentur</strong></span> <span class='ocrx_word' id='word_1_52' title='bbox 856 847 862 859; x_wconf 93' lang='lat'><strong>.</strong></span> <span class='ocrx_word' id='word_1_53' title='bbox 879 849 885 862; x_wconf 91' lang='lat'><strong>.</strong></span> <span class='ocrx_word' id='word_1_54' title='bbox 900 845 908 860; x_wconf 92' lang='lat'><strong>.</strong></span> <span class='ocrx_word' id='word_1_55' title='bbox 926 820 980 862; x_wconf 89' lang='lat' dir='ltr'><strong>neo</strong></span> <span class='ocrx_word' id='word_1_56' title='bbox 998 803 1094 862; x_wconf 89' lang='lat' dir='ltr'><strong>multo</strong></span> 
     </span>
     <span class='ocr_line' id='line_1_8' title="bbox 78 887 1095 967; baseline 0.003 -19"><span class='ocrx_word' id='word_1_57' title='bbox 78 890 149 964; x_wconf 89' lang='lat' dir='ltr'><strong>post</strong></span> <span class='ocrx_word' id='word_1_58' title='bbox 172 893 293 965; x_wconf 87' lang='lat' dir='ltr'><strong>ereptus</strong></span> <span class='ocrx_word' id='word_1_59' title='bbox 317 889 427 948; x_wconf 88' lang='lat' dir='ltr'><strong>amitae</strong></span> <span class='ocrx_word' id='word_1_60' title='bbox 455 889 581 949; x_wconf 87' lang='lat' dir='ltr'><strong>libertus</strong></span> <span class='ocrx_word' id='word_1_61' title='bbox 605 887 689 948; x_wconf 88' lang='lat' dir='ltr'><strong>Paris</strong></span> <span class='ocrx_word' id='word_1_62' title='bbox 713 891 798 967; x_wconf 86' lang='lat' dir='ltr'><strong>quasi</strong></span> <span class='ocrx_word' id='word_1_63' title='bbox 822 890 888 949; x_wconf 89' lang='lat' dir='ltr'><strong>inre</strong></span> <span class='ocrx_word' id='word_1_64' title='bbox 911 891 1006 967; x_wconf 84' lang='lat' dir='ltr'><strong>civili,</strong></span> <span class='ocrx_word' id='word_1_65' title='bbox 1034 910 1095 951; x_wconf 89' lang='lat' dir='ltr'><strong>non</strong></span> 
     </span>
     <span class='ocr_line' id='line_1_9' title="bbox 79 976 1094 1056; baseline 0.002 -20"><span class='ocrx_word' id='word_1_66' title='bbox 79 976 143 1037; x_wconf 90' lang='lat' dir='ltr'><strong>sine</strong></span> <span class='ocrx_word' id='word_1_67' title='bbox 166 977 293 1037; x_wconf 90' lang='lat' dir='ltr'><strong>infamia</strong></span> <span class='ocrx_word' id='word_1_68' title='bbox 314 977 470 1054; x_wconf 90' lang='lat' dir='ltr'><strong>principis,</strong></span> <span class='ocrx_word' id='word_1_69' title='bbox 501 979 586 1037; x_wconf 89' lang='lat' dir='ltr'><strong>cuius</strong></span> <span class='ocrx_word' id='word_1_70' title='bbox 613 979 699 1038; x_wconf 91' lang='lat' dir='ltr'><strong>iussu</strong></span> <span class='ocrx_word' id='word_1_71' title='bbox 725 982 930 1055; x_wconf 82' lang='lat' dir='ltr'><strong>perpetratum</strong></span> <span class='ocrx_word' id='word_1_72' title='bbox 960 979 1094 1056; x_wconf 90' lang='lat' dir='ltr'><strong>ingenui-</strong></span> 
     </span>
     <span class='ocr_line' id='line_1_10' title="bbox 76 1059 431 1125; baseline 0 0"><span class='ocrx_word' id='word_1_73' title='bbox 76 1066 153 1125; x_wconf 90' lang='lat' dir='ltr'><strong>tatis</strong></span> <span class='ocrx_word' id='word_1_74' title='bbox 177 1059 431 1125; x_wconf 76' lang='lat' dir='ltr'><strong>iudicium&#39;erat&#39;.</strong></span> 
     </span>
     <span class='ocr_line' id='line_1_11' title="bbox 164 1149 1095 1235; baseline 0.001 -21"><span class='ocrx_word' id='word_1_75' title='bbox 164 1153 257 1235; x_wconf 18' lang='lat' dir='ltr'><strong>,Quod</strong></span> <span class='ocrx_word' id='word_1_76' title='bbox 279 1155 312 1214; x_wconf 91' lang='lat' dir='ltr'><strong>in</strong></span> <span class='ocrx_word' id='word_1_77' title='bbox 329 1154 453 1231; x_wconf 79' lang='lat' dir='ltr'><strong>Ulpiani</strong></span> <span class='ocrx_word' id='word_1_78' title='bbox 476 1155 646 1231; x_wconf 86' lang='lat' dir='ltr'><strong>fragmento</strong></span> <span class='ocrx_word' id='word_1_79' title='bbox 670 1155 706 1215; x_wconf 89' lang='lat' dir='ltr'><strong>de</strong></span> <span class='ocrx_word' id='word_1_80' title='bbox 724 1155 853 1216; x_wconf 89' lang='lat' dir='ltr'><strong>Neronis</strong></span> <span class='ocrx_word' id='word_1_81' title='bbox 873 1149 957 1215; x_wconf 77' lang='lat' dir='ltr'><strong>‘filis&#39;</strong></span> <span class='ocrx_word' id='word_1_82' title='bbox 977 1156 1095 1235; x_wconf 89' lang='lat' dir='ltr'><strong>dicitur,</strong></span> 
     </span>
     <span class='ocr_line' id='line_1_12' title="bbox 77 1243 898 1321; baseline 0.002 -20"><span class='ocrx_word' id='word_1_83' title='bbox 77 1261 140 1302; x_wconf 92' lang='lat' dir='ltr'><strong>non</strong></span> <span class='ocrx_word' id='word_1_84' title='bbox 163 1243 302 1320; x_wconf 85' lang='lat' dir='ltr'><strong>Neratio,</strong></span> <span class='ocrx_word' id='word_1_85' title='bbox 326 1244 379 1303; x_wconf 84' lang='lat' dir='ltr'><strong>sed</strong></span> <span class='ocrx_word' id='word_1_86' title='bbox 402 1243 531 1321; x_wconf 89' lang='lat' dir='ltr'><strong>Ulpiano</strong></span> <span class='ocrx_word' id='word_1_87' title='bbox 553 1244 749 1304; x_wconf 87' lang='lat' dir='ltr'><strong>tribuendum</strong></span> <span class='ocrx_word' id='word_1_88' title='bbox 770 1244 898 1305; x_wconf 83' lang='lat' dir='ltr'><strong>videtur.</strong></span> 
     </span>
    </p>
   </div>
   <div class='ocr_carea' id='block_1_4' title="bbox 79 1362 1096 1802">
    <p class='ocr_par' dir='ltr' id='par_1_4' title="bbox 79 1362 1096 1802">
     <span class='ocr_line' id='line_1_13' title="bbox 171 1362 1094 1448; baseline 0.001 -20"><span class='ocrx_word' id='word_1_89' title='bbox 171 1362 223 1428; x_wconf 87' lang='lat'><strong>65.</strong></span> <span class='ocrx_word' id='word_1_90' title='bbox 256 1362 295 1426; x_wconf 91' lang='lat' dir='ltr'><strong>D.</strong></span> <span class='ocrx_word' id='word_1_91' title='bbox 318 1364 368 1446; x_wconf 85' lang='lat'><strong>13,</strong></span> <span class='ocrx_word' id='word_1_92' title='bbox 390 1367 416 1446; x_wconf 90' lang='lat'><strong>1,</strong></span> <span class='ocrx_word' id='word_1_93' title='bbox 439 1364 488 1447; x_wconf 89' lang='lat'><strong>12,</strong></span> <span class='ocrx_word' id='word_1_94' title='bbox 507 1364 537 1429; x_wconf 93' lang='lat'><strong>2.</strong></span> <span class='ocrx_word' id='word_1_95' title='bbox 591 1362 751 1448; x_wconf 79' lang='lat' dir='ltr'><strong>Ulpianus</strong></span> <span class='ocrx_word' id='word_1_96' title='bbox 785 1364 869 1429; x_wconf 91' lang='lat' dir='ltr'><strong>libro</strong></span> <span class='ocrx_word' id='word_1_97' title='bbox 901 1364 1094 1448; x_wconf 87' lang='lat' dir='ltr'><strong>trigensimo</strong></span> 
     </span>
     <span class='ocr_line' id='line_1_14' title="bbox 79 1448 1096 1538; baseline 0.002 -22"><span class='ocrx_word' id='word_1_98' title='bbox 79 1456 197 1517; x_wconf 83' lang='lat' dir='ltr'><strong>octavo</strong></span> <span class='ocrx_word' id='word_1_99' title='bbox 212 1451 252 1515; x_wconf 85' lang='lat' dir='ltr'><strong>ad</strong></span> <span class='ocrx_word' id='word_1_100' title='bbox 267 1452 407 1516; x_wconf 89' lang='lat' dir='ltr'><strong>edictum</strong></span> <span class='ocrx_word' id='word_1_101' title='bbox 421 1448 472 1538; x_wconf 84' lang='lat' dir='ltr'><strong>(P.</strong></span> <span class='ocrx_word' id='word_1_102' title='bbox 486 1448 595 1538; x_wconf 82' lang='grc'>1058).</span> <span class='ocrx_word' id='word_1_103' title='bbox 609 1490 653 1499; x_wconf 95' lang='grc'>-</span> <span class='ocrx_word' id='word_1_104' title='bbox 667 1451 820 1518; x_wconf 77' lang='lat' dir='ltr'><strong>Neratius</strong></span> <span class='ocrx_word' id='word_1_105' title='bbox 835 1452 927 1518; x_wconf 90' lang='lat' dir='ltr'><strong>libris</strong></span> <span class='ocrx_word' id='word_1_106' title='bbox 936 1453 1096 1519; x_wconf 90' lang='lat' dir='ltr'><strong>Membra-</strong></span> 
     </span>
     <span class='ocr_line' id='line_1_15' title="bbox 79 1540 1096 1627; baseline 0.002 -23"><span class='ocrx_word' id='word_1_107' title='bbox 79 1562 197 1604; x_wconf 89' lang='lat' dir='ltr'><strong>narum</strong></span> <span class='ocrx_word' id='word_1_108' title='bbox 221 1540 409 1605; x_wconf 85' lang='lat' dir='ltr'><strong>Aristonem</strong></span> <span class='ocrx_word' id='word_1_109' title='bbox 433 1540 638 1606; x_wconf 83' lang='lat' dir='ltr'><strong>existimasse</strong></span> <span class='ocrx_word' id='word_1_110' title='bbox 661 1541 761 1607; x_wconf 81' lang='lat' dir='ltr'><strong>refert</strong></span> <span class='ocrx_word' id='word_1_111' title='bbox 785 1564 867 1625; x_wconf 90' lang='lat' dir='ltr'><strong>eum,</strong></span> <span class='ocrx_word' id='word_1_112' title='bbox 890 1542 941 1607; x_wconf 89' lang='lat' dir='ltr'><strong>oui</strong></span> <span class='ocrx_word' id='word_1_113' title='bbox 966 1541 1096 1627; x_wconf 91' lang='lat' dir='ltr'><strong>pignori</strong></span> 
     </span>
     <span class='ocr_line' id='line_1_16' title="bbox 79 1629 1095 1713; baseline 0.004 -21"><span class='ocrx_word' id='word_1_114' title='bbox 79 1650 132 1693; x_wconf 88' lang='lat' dir='ltr'><strong>res</strong></span> <span class='ocrx_word' id='word_1_115' title='bbox 160 1629 238 1694; x_wconf 86' lang='lat' dir='ltr'><strong>data</strong></span> <span class='ocrx_word' id='word_1_116' title='bbox 266 1629 322 1712; x_wconf 92' lang='lat' dir='ltr'><strong>sit,</strong></span> <span class='ocrx_word' id='word_1_117' title='bbox 350 1629 466 1694; x_wconf 88' lang='lat' dir='ltr'><strong>incerti</strong></span> <span class='ocrx_word' id='word_1_118' title='bbox 492 1629 693 1695; x_wconf 89' lang='lat' dir='ltr'><strong>condictione</strong></span> <span class='ocrx_word' id='word_1_119' title='bbox 718 1634 878 1713; x_wconf 87' lang='lat' dir='ltr'><strong>acturum,</strong></span> <span class='ocrx_word' id='word_1_120' title='bbox 907 1632 935 1694; x_wconf 94' lang='lat' dir='ltr'><strong>si</strong></span> <span class='ocrx_word' id='word_1_121' title='bbox 958 1653 996 1695; x_wconf 87' lang='lat' dir='ltr'><strong>ea</strong></span> <span class='ocrx_word' id='word_1_122' title='bbox 1020 1632 1095 1696; x_wconf 88' lang='lat' dir='ltr'><strong>sub-</strong></span> 
     </span>
     <span class='ocr_line' id='line_1_17' title="bbox 80 1720 257 1802; baseline 0.006 -21"><span class='ocrx_word' id='word_1_123' title='bbox 80 1721 176 1802; x_wconf 86' lang='lat' dir='ltr'><strong>repta</strong></span> <span class='ocrx_word' id='word_1_124' title='bbox 199 1720 257 1782; x_wconf 88' lang='lat' dir='ltr'><strong>cst.</strong></span> 
     </span>
    </p>
   </div>
   <div class='ocr_carea' id='block_1_5' title="bbox 291 1881 890 1961">
    <p class='ocr_par' dir='ltr' id='par_1_5' title="bbox 291 1881 890 1961">
     <span class='ocr_line' id='line_1_18' title="bbox 291 1881 890 1961; baseline 0.007 -20"><span class='ocrx_word' id='word_1_125' title='bbox 291 1882 343 1943; x_wconf 88' lang='lat' dir='ltr'><strong>IX.</strong></span> <span class='ocrx_word' id='word_1_126' title='bbox 371 1881 510 1942; x_wconf 87' lang='lat' dir='ltr'><strong>Incerti</strong></span> <span class='ocrx_word' id='word_1_127' title='bbox 532 1884 652 1960; x_wconf 89' lang='lat' dir='ltr'><strong>operis</strong></span> <span class='ocrx_word' id='word_1_128' title='bbox 675 1883 890 1961; x_wconf 85' lang='lat' dir='ltr'><strong>fragmenta.</strong></span> 
     </span>
    </p>
   </div>
   <div class='ocr_carea' id='block_1_6' title="bbox 80 2000 1097 2615">
    <p class='ocr_par' dir='ltr' id='par_1_6' title="bbox 80 2000 1097 2615">
     <span class='ocr_line' id='line_1_19' title="bbox 174 2000 1096 2082; baseline 0.003 -18"><span class='ocrx_word' id='word_1_129' title='bbox 174 2000 235 2064; x_wconf 70' lang='lat' dir='ltr'><strong>‘Ad</strong></span> <span class='ocrx_word' id='word_1_130' title='bbox 270 2001 440 2066; x_wconf 89' lang='lat' dir='ltr'><strong>Neratium&#39;</strong></span> <span class='ocrx_word' id='word_1_131' title='bbox 478 2007 571 2067; x_wconf 89' lang='lat' dir='ltr'><strong>libros</strong></span> <span class='ocrx_word' id='word_1_132' title='bbox 605 2006 658 2080; x_wconf 90' lang='lat' dir='ltr'><strong>IV,</strong></span> <span class='ocrx_word' id='word_1_133' title='bbox 695 2025 823 2082; x_wconf 88' lang='lat' dir='ltr'><strong>quorum</strong></span> <span class='ocrx_word' id='word_1_134' title='bbox 859 2008 1029 2082; x_wconf 85' lang='lat' dir='ltr'><strong>fragmenta</strong></span> <span class='ocrx_word' id='word_1_135' title='bbox 1065 2010 1096 2067; x_wconf 92' lang='lat' dir='ltr'><strong>in</strong></span> 
     </span>
     <span class='ocr_line' id='line_1_20' title="bbox 82 2089 1097 2176; baseline 0 -22"><span class='ocrx_word' id='word_1_136' title='bbox 82 2094 246 2154; x_wconf 90' lang='lat' dir='ltr'><strong>Iustiniani</strong></span> <span class='ocrx_word' id='word_1_137' title='bbox 268 2095 403 2172; x_wconf 81' lang='lat' dir='ltr'><strong>Digestis</strong></span> <span class='ocrx_word' id='word_1_138' title='bbox 427 2095 604 2154; x_wconf 85' lang='lat' dir='ltr'><strong>exhibentur</strong></span> <span class='ocrx_word' id='word_1_139' title='bbox 628 2089 675 2175; x_wconf 88' lang='lat' dir='ltr'><strong>(P.</strong></span> <span class='ocrx_word' id='word_1_140' title='bbox 697 2089 944 2176; x_wconf 86' lang='grc'>1020-1048),</span> <span class='ocrx_word' id='word_1_141' title='bbox 967 2095 1097 2156; x_wconf 86' lang='lat' dir='ltr'><strong>Paulum</strong></span> 
     </span>
     <span class='ocr_line' id='line_1_21' title="bbox 83 2183 1096 2261; baseline 0.002 -19"><span class='ocrx_word' id='word_1_142' title='bbox 83 2183 239 2259; x_wconf 89' lang='lat' dir='ltr'><strong>scripsisse</strong></span> <span class='ocrx_word' id='word_1_143' title='bbox 262 2187 390 2244; x_wconf 89' lang='lat' dir='ltr'><strong>constat.</strong></span> <span class='ocrx_word' id='word_1_144' title='bbox 432 2185 627 2261; x_wconf 85' lang='lat' dir='ltr'><strong>explanatum</strong></span> <span class='ocrx_word' id='word_1_145' title='bbox 644 2202 715 2245; x_wconf 87' lang='lat' dir='ltr'><strong>vero</strong></span> <span class='ocrx_word' id='word_1_146' title='bbox 734 2183 852 2244; x_wconf 88' lang='lat' dir='ltr'><strong>Neratii</strong></span> <span class='ocrx_word' id='word_1_147' title='bbox 871 2203 945 2260; x_wconf 92' lang='lat' dir='ltr'><strong>opus</strong></span> <span class='ocrx_word' id='word_1_148' title='bbox 965 2204 983 2244; x_wconf 90' lang='lat' dir='ltr'><strong>a</strong></span> <span class='ocrx_word' id='word_1_149' title='bbox 1001 2185 1096 2244; x_wconf 89' lang='lat' dir='ltr'><strong>Paulo</strong></span> 
     </span>
     <span class='ocr_line' id='line_1_22' title="bbox 82 2273 1096 2350; baseline 0.001 -19"><span class='ocrx_word' id='word_1_150' title='bbox 82 2290 157 2348; x_wconf 90' lang='lat' dir='ltr'><strong>esse,</strong></span> <span class='ocrx_word' id='word_1_151' title='bbox 190 2290 286 2350; x_wconf 88' lang='lat' dir='ltr'><strong>neque</strong></span> <span class='ocrx_word' id='word_1_152' title='bbox 318 2273 463 2333; x_wconf 85' lang='lat' dir='ltr'><strong>traditum</strong></span> <span class='ocrx_word' id='word_1_153' title='bbox 502 2278 548 2333; x_wconf 90' lang='lat' dir='ltr'><strong>est</strong></span> <span class='ocrx_word' id='word_1_154' title='bbox 576 2291 673 2349; x_wconf 90' lang='lat' dir='ltr'><strong>neque</strong></span> <span class='ocrx_word' id='word_1_155' title='bbox 705 2276 786 2332; x_wconf 85' lang='lat' dir='ltr'><strong>certo</strong></span> <span class='ocrx_word' id='word_1_156' title='bbox 818 2273 958 2349; x_wconf 80' lang='lat' dir='ltr'><strong>cognosci</strong></span> <span class='ocrx_word' id='word_1_157' title='bbox 988 2277 1096 2350; x_wconf 89' lang='lat' dir='ltr'><strong>potest.</strong></span> 
     </span>
     <span class='ocr_line' id='line_1_23' title="bbox 81 2361 1097 2439; baseline 0 -19"><span class='ocrx_word' id='word_1_158' title='bbox 81 2380 151 2420; x_wconf 90' lang='lat' dir='ltr'><strong>oum</strong></span> <span class='ocrx_word' id='word_1_159' title='bbox 173 2361 307 2421; x_wconf 89' lang='lat' dir='ltr'><strong>notabile</strong></span> <span class='ocrx_word' id='word_1_160' title='bbox 331 2362 379 2434; x_wconf 91' lang='lat' dir='ltr'><strong>sit,</strong></span> <span class='ocrx_word' id='word_1_161' title='bbox 402 2362 491 2420; x_wconf 87' lang='lat' dir='ltr'><strong>Pauli</strong></span> <span class='ocrx_word' id='word_1_162' title='bbox 514 2362 552 2421; x_wconf 87' lang='lat' dir='ltr'><strong>ad</strong></span> <span class='ocrx_word' id='word_1_163' title='bbox 570 2362 730 2421; x_wconf 89' lang='lat' dir='ltr'><strong>Neratium</strong></span> <span class='ocrx_word' id='word_1_164' title='bbox 752 2362 929 2439; x_wconf 86' lang='lat' dir='ltr'><strong>fragmentis</strong></span> <span class='ocrx_word' id='word_1_165' title='bbox 952 2363 984 2421; x_wconf 91' lang='lat' dir='ltr'><strong>in</strong></span> <span class='ocrx_word' id='word_1_166' title='bbox 1006 2362 1097 2423; x_wconf 86' lang='lat' dir='ltr'><strong>Iusti·</strong></span> 
     </span>
     <span class='ocr_line' id='line_1_24' title="bbox 80 2449 1096 2529; baseline 0.002 -20"><span class='ocrx_word' id='word_1_167' title='bbox 80 2449 166 2509; x_wconf 88' lang='lat' dir='ltr'><strong>niani</strong></span> <span class='ocrx_word' id='word_1_168' title='bbox 193 2449 327 2528; x_wconf 85' lang='lat' dir='ltr'><strong>Digestis</strong></span> <span class='ocrx_word' id='word_1_169' title='bbox 358 2451 529 2529; x_wconf 86' lang='lat' dir='ltr'><strong>fragmenta</strong></span> <span class='ocrx_word' id='word_1_170' title='bbox 554 2450 673 2510; x_wconf 89' lang='lat' dir='ltr'><strong>Neratii</strong></span> <span class='ocrx_word' id='word_1_171' title='bbox 700 2469 737 2509; x_wconf 85' lang='lat' dir='ltr'><strong>ex</strong></span> <span class='ocrx_word' id='word_1_172' title='bbox 763 2451 984 2527; x_wconf 87' lang='lat' dir='ltr'><strong>Responsorum</strong></span> <span class='ocrx_word' id='word_1_173' title='bbox 1011 2452 1096 2511; x_wconf 91' lang='lat' dir='ltr'><strong>libris</strong></span> 
     </span>
     <span class='ocr_line' id='line_1_25' title="bbox 81 2539 679 2615; baseline 0.002 -18"><span class='ocrx_word' id='word_1_174' title='bbox 81 2539 244 2615; x_wconf 88' lang='lat' dir='ltr'><strong>desumpta</strong></span> <span class='ocrx_word' id='word_1_175' title='bbox 265 2558 325 2599; x_wconf 91' lang='lat' dir='ltr'><strong>non</strong></span> <span class='ocrx_word' id='word_1_176' title='bbox 348 2558 416 2598; x_wconf 90' lang='lat' dir='ltr'><strong>raro</strong></span> <span class='ocrx_word' id='word_1_177' title='bbox 441 2540 548 2615; x_wconf 82' lang='lat' dir='ltr'><strong>excipi,</strong></span> <span class='ocrx_word' id='word_1_178' title='bbox 571 2539 679 2599; x_wconf 85' lang='lat' dir='ltr'><strong>veluti:</strong></span> 
     </span>
    </p>
   </div>
   <div class='ocr_carea' id='block_1_7' title="bbox 85 2644 1106 3612">
    <p class='ocr_par' dir='ltr' id='par_1_7' title="bbox 85 2644 1106 3612">
     <span class='ocr_line' id='line_1_26' title="bbox 150 2644 1001 2722; baseline 0.001 -19"><span class='ocrx_word' id='word_1_179' title='bbox 150 2645 188 2703; x_wconf 90' lang='lat' dir='ltr'><strong>D.</strong></span> <span class='ocrx_word' id='word_1_180' title='bbox 205 2647 366 2721; x_wconf 81' lang='lat'><strong>15,1,55.</strong></span> <span class='ocrx_word' id='word_1_181' title='bbox 390 2644 533 2704; x_wconf 89' lang='lat' dir='ltr'><strong>Neratius</strong></span> <span class='ocrx_word' id='word_1_182' title='bbox 555 2645 633 2706; x_wconf 90' lang='lat' dir='ltr'><strong>libro</strong></span> <span class='ocrx_word' id='word_1_183' title='bbox 656 2645 752 2722; x_wconf 91' lang='lat' dir='ltr'><strong>primo</strong></span> <span class='ocrx_word' id='word_1_184' title='bbox 771 2645 1001 2722; x_wconf 85' lang='lat' dir='ltr'><strong>Responsorum.</strong></span> 
     </span>
     <span class='ocr_line' id='line_1_27' title="bbox 151 2733 1002 2811; baseline -0.001 -19"><span class='ocrx_word' id='word_1_185' title='bbox 151 2733 189 2793; x_wconf 87' lang='lat' dir='ltr'><strong>D.</strong></span> <span class='ocrx_word' id='word_1_186' title='bbox 205 2736 256 2811; x_wconf 79' lang='lat'><strong>15,</strong></span> <span class='ocrx_word' id='word_1_187' title='bbox 273 2737 300 2807; x_wconf 98' lang='grc'><strong>1,</strong></span> <span class='ocrx_word' id='word_1_188' title='bbox 316 2736 368 2795; x_wconf 85' lang='grc'><strong>56.</strong></span> <span class='ocrx_word' id='word_1_189' title='bbox 391 2733 504 2793; x_wconf 90' lang='lat' dir='ltr'><strong>Paulus</strong></span> <span class='ocrx_word' id='word_1_190' title='bbox 527 2734 603 2794; x_wconf 92' lang='lat' dir='ltr'><strong>libro</strong></span> <span class='ocrx_word' id='word_1_191' title='bbox 625 2734 752 2794; x_wconf 86' lang='lat' dir='ltr'><strong>secundo</strong></span> <span class='ocrx_word' id='word_1_192' title='bbox 776 2736 814 2793; x_wconf 87' lang='lat' dir='ltr'><strong>ad</strong></span> <span class='ocrx_word' id='word_1_193' title='bbox 836 2734 1002 2795; x_wconf 90' lang='lat' dir='ltr'><strong>Neratium.</strong></span> 
     </span>
     <span class='ocr_line' id='line_1_28' title="bbox 151 2821 1037 2900; baseline 0.003 -20"><span class='ocrx_word' id='word_1_194' title='bbox 151 2821 188 2881; x_wconf 92' lang='lat' dir='ltr'><strong>D.</strong></span> <span class='ocrx_word' id='word_1_195' title='bbox 204 2824 255 2898; x_wconf 90' lang='lat'><strong>32,</strong></span> <span class='ocrx_word' id='word_1_196' title='bbox 272 2824 322 2882; x_wconf 93' lang='grc'><strong>24.</strong></span> <span class='ocrx_word' id='word_1_197' title='bbox 389 2822 533 2882; x_wconf 88' lang='lat' dir='ltr'><strong>Neratius</strong></span> <span class='ocrx_word' id='word_1_198' title='bbox 555 2823 632 2882; x_wconf 89' lang='lat' dir='ltr'><strong>libro</strong></span> <span class='ocrx_word' id='word_1_199' title='bbox 656 2822 785 2882; x_wconf 88' lang='lat' dir='ltr'><strong>secundo</strong></span> <span class='ocrx_word' id='word_1_200' title='bbox 809 2823 1037 2900; x_wconf 87' lang='lat' dir='ltr'><strong>Responsorum.</strong></span> 
     </span>
     <span class='ocr_line' id='line_1_29' title="bbox 151 2910 975 2988; baseline 0.005 -19"><span class='ocrx_word' id='word_1_201' title='bbox 151 2910 188 2970; x_wconf 92' lang='lat' dir='ltr'><strong>D.</strong></span> <span class='ocrx_word' id='word_1_202' title='bbox 205 2912 256 2988; x_wconf 93' lang='lat'><strong>32,</strong></span> <span class='ocrx_word' id='word_1_203' title='bbox 272 2913 323 2972; x_wconf 85' lang='lat'><strong>25.</strong></span> <span class='ocrx_word' id='word_1_204' title='bbox 391 2910 504 2970; x_wconf 86' lang='lat' dir='ltr'><strong>Paulus</strong></span> <span class='ocrx_word' id='word_1_205' title='bbox 526 2911 604 2972; x_wconf 90' lang='lat' dir='ltr'><strong>libro</strong></span> <span class='ocrx_word' id='word_1_206' title='bbox 627 2912 723 2988; x_wconf 89' lang='lat' dir='ltr'><strong>primo</strong></span> <span class='ocrx_word' id='word_1_207' title='bbox 747 2913 785 2972; x_wconf 87' lang='lat' dir='ltr'><strong>ad</strong></span> <span class='ocrx_word' id='word_1_208' title='bbox 808 2911 975 2973; x_wconf 88' lang='lat' dir='ltr'><strong>Neratium.</strong></span> 
     </span>
     <span class='ocr_line' id='line_1_30' title="bbox 151 2999 977 3076; baseline 0 -18"><span class='ocrx_word' id='word_1_209' title='bbox 151 2999 189 3058; x_wconf 88' lang='lat' dir='ltr'><strong>D.</strong></span> <span class='ocrx_word' id='word_1_210' title='bbox 206 3002 256 3076; x_wconf 91' lang='lat'><strong>32,</strong></span> <span class='ocrx_word' id='word_1_211' title='bbox 272 3002 323 3059; x_wconf 83' lang='lat'><strong>26.</strong></span> <span class='ocrx_word' id='word_1_212' title='bbox 391 2999 474 3059; x_wconf 86' lang='lat' dir='ltr'><strong>idem</strong></span> <span class='ocrx_word' id='word_1_213' title='bbox 497 3000 574 3060; x_wconf 92' lang='lat' dir='ltr'><strong>libro</strong></span> <span class='ocrx_word' id='word_1_214' title='bbox 598 2999 726 3062; x_wconf 86' lang='lat' dir='ltr'><strong>secundo</strong></span> <span class='ocrx_word' id='word_1_215' title='bbox 749 3001 788 3060; x_wconf 87' lang='lat' dir='ltr'><strong>ad</strong></span> <span class='ocrx_word' id='word_1_216' title='bbox 810 3001 977 3060; x_wconf 88' lang='lat' dir='ltr'><strong>Neratium.</strong></span> 
     </span>
     <span class='ocr_line' id='line_1_31' title="bbox 152 3088 1039 3166; baseline 0.003 -19"><span class='ocrx_word' id='word_1_217' title='bbox 152 3089 189 3147; x_wconf 91' lang='lat' dir='ltr'><strong>D.</strong></span> <span class='ocrx_word' id='word_1_218' title='bbox 206 3089 256 3166; x_wconf 88' lang='lat'><strong>33,</strong></span> <span class='ocrx_word' id='word_1_219' title='bbox 273 3092 301 3165; x_wconf 93' lang='lat'><strong>7,</strong></span> <span class='ocrx_word' id='word_1_220' title='bbox 317 3092 367 3149; x_wconf 89' lang='lat'><strong>23.</strong></span> <span class='ocrx_word' id='word_1_221' title='bbox 390 3088 533 3148; x_wconf 88' lang='lat' dir='ltr'><strong>Neratius</strong></span> <span class='ocrx_word' id='word_1_222' title='bbox 556 3089 634 3149; x_wconf 91' lang='lat' dir='ltr'><strong>libro</strong></span> <span class='ocrx_word' id='word_1_223' title='bbox 658 3088 786 3148; x_wconf 88' lang='lat' dir='ltr'><strong>secundo</strong></span> <span class='ocrx_word' id='word_1_224' title='bbox 809 3089 1039 3165; x_wconf 85' lang='lat' dir='ltr'><strong>Responsorum.</strong></span> 
     </span>
     <span class='ocr_line' id='line_1_32' title="bbox 151 3177 967 3255; baseline 0 -18"><span class='ocrx_word' id='word_1_225' title='bbox 151 3177 189 3236; x_wconf 92' lang='lat' dir='ltr'><strong>D.</strong></span> <span class='ocrx_word' id='word_1_226' title='bbox 205 3179 257 3254; x_wconf 90' lang='lat'><strong>33,</strong></span> <span class='ocrx_word' id='word_1_227' title='bbox 274 3180 302 3255; x_wconf 91' lang='lat'><strong>7,</strong></span> <span class='ocrx_word' id='word_1_228' title='bbox 319 3181 368 3236; x_wconf 86' lang='lat'><strong>24.</strong></span> <span class='ocrx_word' id='word_1_229' title='bbox 392 3177 504 3236; x_wconf 86' lang='lat' dir='ltr'><strong>Paulus</strong></span> <span class='ocrx_word' id='word_1_230' title='bbox 527 3177 604 3236; x_wconf 89' lang='lat' dir='ltr'><strong>libro</strong></span> <span class='ocrx_word' id='word_1_231' title='bbox 627 3179 718 3237; x_wconf 87' lang='lat' dir='ltr'><strong>tertio</strong></span> <span class='ocrx_word' id='word_1_232' title='bbox 742 3177 780 3236; x_wconf 83' lang='lat' dir='ltr'><strong>ad</strong></span> <span class='ocrx_word' id='word_1_233' title='bbox 802 3178 967 3238; x_wconf 82' lang='lat' dir='ltr'><strong>Neratium.</strong></span> 
     </span>
     <span class='ocr_line' id='line_1_33' title="bbox 152 3265 1007 3344; baseline 0.001 -20"><span class='ocrx_word' id='word_1_234' title='bbox 152 3265 190 3324; x_wconf 89' lang='lat' dir='ltr'><strong>D.</strong></span> <span class='ocrx_word' id='word_1_235' title='bbox 205 3267 257 3342; x_wconf 84' lang='lat'><strong>47,</strong></span> <span class='ocrx_word' id='word_1_236' title='bbox 274 3268 302 3344; x_wconf 92' lang='grc'>2,</span> <span class='ocrx_word' id='word_1_237' title='bbox 318 3269 368 3326; x_wconf 88' lang='grc'><strong>84.</strong></span> <span class='ocrx_word' id='word_1_238' title='bbox 391 3266 534 3326; x_wconf 88' lang='lat' dir='ltr'><strong>Neratius</strong></span> <span class='ocrx_word' id='word_1_239' title='bbox 557 3266 634 3325; x_wconf 90' lang='lat' dir='ltr'><strong>libro</strong></span> <span class='ocrx_word' id='word_1_240' title='bbox 657 3266 754 3342; x_wconf 90' lang='lat' dir='ltr'><strong>primo</strong></span> <span class='ocrx_word' id='word_1_241' title='bbox 778 3266 1007 3342; x_wconf 87' lang='lat' dir='ltr'><strong>Responsorum.</strong></span> 
     </span>
     <span class='ocr_line' id='line_1_34' title="bbox 152 3354 1007 3432; baseline 0 -19"><span class='ocrx_word' id='word_1_242' title='bbox 152 3354 189 3414; x_wconf 94' lang='lat' dir='ltr'><strong>D.</strong></span> <span class='ocrx_word' id='word_1_243' title='bbox 205 3357 258 3431; x_wconf 83' lang='lat'><strong>47,</strong></span> <span class='ocrx_word' id='word_1_244' title='bbox 273 3358 302 3432; x_wconf 92' lang='grc'>2,</span> <span class='ocrx_word' id='word_1_245' title='bbox 318 3357 369 3416; x_wconf 87' lang='lat'><strong>85.</strong></span> <span class='ocrx_word' id='word_1_246' title='bbox 392 3355 504 3414; x_wconf 89' lang='lat' dir='ltr'><strong>Paulus</strong></span> <span class='ocrx_word' id='word_1_247' title='bbox 527 3354 605 3414; x_wconf 90' lang='lat' dir='ltr'><strong>libro</strong></span> <span class='ocrx_word' id='word_1_248' title='bbox 629 3355 756 3415; x_wconf 88' lang='lat' dir='ltr'><strong>secundo</strong></span> <span class='ocrx_word' id='word_1_249' title='bbox 780 3355 819 3415; x_wconf 86' lang='lat' dir='ltr'><strong>ad</strong></span> <span class='ocrx_word' id='word_1_250' title='bbox 841 3355 1007 3429; x_wconf 89' lang='lat' dir='ltr'><strong>Neratium,</strong></span> 
     </span>
     <span class='ocr_line' id='line_1_35' title="bbox 85 3443 1098 3521; baseline -0.001 -18"><span class='ocrx_word' id='word_1_251' title='bbox 85 3443 133 3503; x_wconf 79' lang='lat' dir='ltr'><strong>rir</strong></span> <span class='ocrx_word' id='word_1_252' title='bbox 161 3443 285 3519; x_wconf 85' lang='lat' dir='ltr'><strong>quidam</strong></span> <span class='ocrx_word' id='word_1_253' title='bbox 312 3443 417 3503; x_wconf 88' lang='lat' dir='ltr'><strong>doctus</strong></span> <span class='ocrx_word' id='word_1_254' title='bbox 447 3444 499 3521; x_wconf 91' lang='lat' dir='ltr'><strong>qui</strong></span> <span class='ocrx_word' id='word_1_255' title='bbox 526 3445 586 3503; x_wconf 84' lang='lat' dir='ltr'><strong>iam</strong></span> <span class='ocrx_word' id='word_1_256' title='bbox 614 3444 730 3520; x_wconf 88' lang='lat' dir='ltr'><strong>pridem</strong></span> <span class='ocrx_word' id='word_1_257' title='bbox 757 3443 793 3503; x_wconf 89' lang='lat' dir='ltr'><strong>de</strong></span> <span class='ocrx_word' id='word_1_258' title='bbox 822 3445 946 3504; x_wconf 87' lang='lat' dir='ltr'><strong>Neratio</strong></span> <span class='ocrx_word' id='word_1_259' title='bbox 979 3444 1098 3519; x_wconf 89' lang='lat' dir='ltr'><strong>scripsit</strong></span> 
     </span>
     <span class='ocr_line' id='line_1_36' title="bbox 88 3523 1106 3612; baseline 0 -23"><span class='ocrx_word' id='word_1_260' title='bbox 88 3526 126 3611; x_wconf 89' lang='grc' dir='ltr'><strong>(Ι.</strong></span> <span class='ocrx_word' id='word_1_261' title='bbox 141 3530 172 3592; x_wconf 74' lang='lat' dir='ltr'><strong>(i.</strong></span> <span class='ocrx_word' id='word_1_262' title='bbox 189 3531 296 3610; x_wconf 79' lang='lat' dir='ltr'><strong>Sickel,</strong></span> <span class='ocrx_word' id='word_1_263' title='bbox 315 3533 396 3609; x_wconf 87' lang='lat' dir='ltr'><strong>Lips.</strong></span> <span class='ocrx_word' id='word_1_264' title='bbox 419 3523 529 3612; x_wconf 83' lang='lat'>1788),</span> <span class='ocrx_word' id='word_1_265' title='bbox 548 3532 673 3593; x_wconf 90' lang='lat' dir='ltr'><strong>coniecit</strong></span> <span class='ocrx_word' id='word_1_266' title='bbox 691 3533 760 3593; x_wconf 87' lang='lat' dir='ltr'><strong>illas</strong></span> <span class='ocrx_word' id='word_1_267' title='bbox 780 3532 817 3592; x_wconf 85' lang='lat' dir='ltr'><strong>ad</strong></span> <span class='ocrx_word' id='word_1_268' title='bbox 835 3532 998 3591; x_wconf 85' lang='lat' dir='ltr'><strong>Neratium</strong></span> <span class='ocrx_word' id='word_1_269' title='bbox 1010 3535 1106 3590; x_wconf 74' lang='lat' dir='ltr'><strong>notas</strong></span> 
     </span>
    </p>
   </div>
   <div class='ocr_carea' id='block_1_8' title="bbox 0 0 1227 3944">
    <p class='ocr_par' dir='ltr' id='par_1_8' title="bbox 0 0 1227 3944">
     <span class='ocr_line' id='line_1_37' title="bbox 0 0 1227 3944; baseline 0 0"><span class='ocrx_word' id='word_1_270' title='bbox 0 0 1227 3944; x_wconf 95' lang='lat' dir='ltr'><strong> </strong></span> 
     </span>
    </p>
   </div>
  </div>
 </body>
</html>
