2430 3944
354 193 380 243 4.
400 187 429 243 C.
444 186 590 244 CASSIUS
608 187 795 287 LONGlNUS
1043 189 1085 252 73

100 359 160 416 niam
179 376 244 416 eum
267 355 441 415 adversario
453 356 530 423 ‚dare
549 355 687 434 iubendo,
710 375 770 433 quo
789 357 820 415 in
838 375 961 416 numero
981 356 1088 416 haberi

100 466 142 506 non
163 446 289 522 oportet,
318 445 344 504 si
371 444 497 504 testium
524 445 646 504 nomina
673 464 708 504 ex
736 446 885 504 sententia
908 445 1015 505 arbitri
1038 464 1086 506 ex·

98 534 171 594 bibita
189 553 247 594 non
271 528 365 593 sunt'.

163 622 301 693 Quamvis
329 623 361 680 in
387 621 524 683 Iauoleni
550 622 727 700 fragmentis
755 621 803 681 his
829 624 949 698 praeter
978 621 1088 681 Gaium

100 712 133 771 ul
149 711 249 772 Gaium
271 709 411 771 Cassium
435 711 513 769 alius
536 711 609 769 iuris
633 711 787 770 consultus
810 711 913 769 nullus
935 711 1087 788 landetur,

100 800 166 860 inno
190 801 357 859 afferantur
378 802 497 858 tantum
521 793 680 876 ‘plerique'
703 800 739 860 D.
761 803 811 877 17,
833 804 861 876 1,
883 801 992 876 36pr.,
1015 819 1087 858 num

99 882 175 947 ‘idem'
195 887 317 948 Cassius
340 888 389 965 sit,
414 889 502 948 valde
525 887 651 947 dubium
674 893 728 948 est.

369 1066 418 1125 De
439 1067 594 1126 noualibus
616 1067 784 1125 actionibus.

46 1214 48 1219 s
164 1167 189 1233 6.
211 1161 250 1230 D.
261 1166 292 1250 9,
301 1166 333 1246 4,
344 1165 395 1231 15.
436 1165 538 1231 Gaius
562 1166 647 1230 libro
671 1170 762 1231 sexto
786 1165 827 1230 ad
850 1165 990 1230 edictum
1013 1189 1088 1251 pro·

46 1330 48 1343 Ι
101 1255 208 1320 vinoiale
227 1252 277 1342 (P.
291 1251 378 1339 130).
401 1291 439 1300 —
459 1251 510 1341 (si
529 1255 701 1320 statuliber
721 1258 770 1319 est
787 1255 824 1339 is,
845 1255 936 1320 ouius
955 1256 1088 1320 nomine

46 1362 49 1409 l
101 1344 183 1408 noxali
213 1343 332 1408 indicio
360 1347 470 1409 aetum
498 1348 561 1426 est,
593 1350 626 1408 et
654 1346 728 1408 ante
756 1343 951 1407 deditionem
980 1344 1089 1408 extitit

100 1430 249 1519 condicio)
290 1438 422 1516 praetor
450 1434 617 1498 decernere
645 1433 741 1497 debet
768 1432 1016 1497 translationem
1039 1433 1087 1498 iu-

100 1518 155 1585 dicii
185 1520 217 1585 in
255 1522 482 1586 statuliberum
518 1521 603 1607 fieri3
640 1522 669 1585 si
705 1542 781 1586 vero
817 1522 865 1585 rei
898 1520 1087 1587 iudicandae

100 1609 216 1693 tenpore
235 1608 339 1675 adhue
357 1610 391 1674 in
411 1631 566 1693 suspenso
586 1611 629 1674 sit
642 1613 768 1675 statuta
783 1610 926 1691 libertas,
946 1609 1086 1675 Sabinus

100 1700 123 1760 et
133 1695 249 1763 Cassius
267 1699 400 1763 liberari
414 1698 564 1763 heredem
578 1702 698 1784 putant
710 1696 936 1783 momlpoaoodo¹
952 1721 1088 1782 servum,

100 1787 156 1867 quia
174 1791 240 1852 toto
264 1809 323 1852 suo
347 1789 415 1852 iure
438 1787 573 1853 cederet.

390 1969 570 2031 Commodat
591 1972 636 2030 ool
658 1974 768 2030 contro.

167 2074 192 2138 l.
214 2073 314 2150 1113,
327 2073 436 2154 6,1,1.
482 2071 641 2155 Ulpianus
665 2071 749 2136 libro
773 2070 948 2135 vicensimo
973 2073 1087 2134 octavo

103 2157 132 2220 ad
147 2161 274 2226 edictum
296 2159 345 2247 (P.
356 2158 446 2246 798).
463 2195 501 2208 -
522 2159 631 2224 Labeo
712 2160 759 2223 ait
841 2158 1039 2223 commodari
1058 2205 1089 2221 ..

46 2315 48 2321 .
102 2266 152 2310 rem
168 2251 325 2327 mobilem,
347 2271 414 2314 non
433 2249 530 2314 etiam
550 2249 621 2332 soli,
639 2249 792 2312 utendam
812 2247 882 2311 dari
901 2247 999 2310 etiam
1019 2246 1089 2310 soli.

46 2350 48 2411 5
102 2335 142 2398 sed
161 2344 192 2402 ut
209 2341 352 2423 apparet,
375 2337 505 2423 proprie
525 2337 730 2402 commodata
748 2358 799 2401 res
819 2337 937 2401 dieitur
955 2338 988 2399 et
1008 2356 1089 2418 quae

100 2423 145 2487 soli
163 2431 219 2512 est,
242 2427 339 2512 idque
363 2431 396 2490 et
420 2423 551 2490 Cassius
575 2425 747 2490 existimat.

402 2609 450 2667 Do
471 2610 619 2668 institorio
641 2610 759 2667 oetioooo.

165 2711 190 2776 8.
211 2710 250 2778 D.
261 2712 313 2791 14,
323 2711 352 2795 3,
363 2711 393 2792 5,
405 2710 456 2775 12.
493 2707 653 2793 Ulpianus
672 2708 757 2773 libro
777 2709 951 2773 vicensimo
972 2712 1087 2772 octavo

98 2795 128 2858 od
148 2800 281 2865 edietum
305 2796 354 2886 (P.
370 2796 459 2884 825).
484 2835 526 2845 -
549 2845 579 2862 ..
608 2797 637 2861 si
664 2797 838 2881 praeposui
866 2797 906 2861 ad
930 2797 1085 2861 mercium

98 2881 328 2972 distractionem,
351 2888 488 2952 tenebor
510 2886 641 2952 nomine
664 2887 733 2950 eius
758 2907 797 2950 ex
818 2889 926 2969 empto
946 2886 1087 2966 actione,

96 2969 155 3039 item
180 2977 207 3041 si
232 2977 317 3042 forte
341 2977 381 3041 ad
405 2976 575 3040 emendum
599 2997 672 3040 eum
696 2994 927 3058 praeposuero,
953 2974 1090 3038 tenebor

96 3058 243 3130 dumtaxat
270 3087 311 3130 ex
337 3065 482 3151 vendit03
510 3063 566 3128 sed
593 3084 696 3148 neque
726 3063 754 3126 si
782 3063 823 3127 ad
847 3063 1030 3142 emendum,
1058 3065 1091 3124 et

95 3146 137 3215 ille
156 3154 340 3236 vendiderit,
362 3176 466 3238 neque
490 3154 518 3216 si
542 3153 582 3216 ad
605 3151 818 3235 vendendum,
841 3156 874 3215 et
892 3151 947 3214 ille
967 3149 1091 3231 amerit,

95 3235 203 3307 debebit
225 3245 344 3325 teneri,
367 3243 462 3325 idque
487 3240 619 3308 Cassius
641 3241 770 3324 probat.

165 3330 205 3395 9?
232 3331 270 3396 D.
283 3333 334 3410 14,
345 3332 374 3416 3,
384 3335 414 3415 ὃ,
429 3332 479 3396 14.
516 3329 678 3413 Ulpianus
701 3327 779 3392 ibid.
801 3363 846 3374 -
875 3325 910 3391 Si
938 3327 967 3390 ei
996 3347 1091 3410 quem

93 3414 124 3478 ad
142 3420 337 3485 vendendum
362 3420 573 3485 amandumve
598 3418 704 3481 oleum
729 3417 916 3500 praeposui,
944 3419 1091 3477 mutuum

152 3563 163 3610 1
184 3558 258 3614 Trio.
277 3558 423 3614 tradendo.
511 3570 513 3576 '
