2430 3944
158 190 224 255 350
260 191 293 246 V.
311 189 461 245 NERVAE
481 189 528 244 ΕΤ
546 187 700 244 TRAIANI
717 186 827 243 ΤΕΜΡ.
844 187 942 243 IURIS
961 187 1143 245 CONSULTI

560 369 611 436 Dc
632 371 770 435 indiciis.

247 479 299 544 51.
318 478 357 543 D.
366 479 420 560 47,
432 477 482 562 10,
494 479 523 556 7,
533 476 562 543 5.
600 475 760 561 Ulpianus
780 475 863 541 libro
883 477 1175 564 quinquagensimo

158 568 295 652 septimo
324 568 366 632 ad
393 567 533 632 edictum
557 563 607 651 (P.
623 563 733 652 1339).
758 602 801 612 -
825 563 861 630 Si
888 566 968 631 mihi
991 567 1102 651 plures
1125 568 1175 632 in-

156 657 255 721 iurias
283 654 411 736 feceris,
439 659 518 738 puta
544 655 642 720 turba
670 660 703 719 et
730 657 823 719 coetu
850 654 936 720 facto
960 655 1091 720 domum
1117 657 1174 721 ali-

157 746 246 811 cuius
270 747 412 809 introeas
437 749 469 808 et
491 744 553 808 hoc
575 743 662 809 facto
687 743 856 827 efficiatur,
875 747 914 809 at
934 744 1029 808 simul
1050 749 1082 809 et
1101 767 1173 810 con·

156 834 274 898 vicium
297 834 407 917 patiar
425 839 459 897 et
479 832 643 915 verberer,
667 853 708 896 an
727 829 851 916 possim
870 834 1045 916 separatim
1065 839 1173 899 tecum

156 923 295 1007 experiri
323 922 362 986 de
391 921 528 1005 singulis
552 921 694 1004 iniuriis,
722 921 896 1004 quaeritur.
942 925 975 986 et
996 920 1172 987 Marcellus

156 1011 333 1076 secundum
361 1008 488 1075 Neratii
521 1010 715 1075 sententiam
747 1009 810 1074 boc
841 1010 960 1094 probat
992 1011 1171 1095 cogendum

155 1099 304 1177 iniurias,
327 1121 407 1183 quas
431 1098 526 1163 simul
549 1119 667 1182 passus
690 1102 753 1180 est,
776 1100 982 1183 coniungere.

244 1204 296 1271 52.
315 1205 355 1269 D.
365 1206 418 1287 47,
428 1204 481 1287 10,
492 1205 520 1285 1,
531 1205 560 1270 8.
596 1203 757 1287 Ulpianus
776 1204 862 1270 libro
880 1205 1171 1289 quinquagensimo

156 1299 247 1359 sexto
271 1294 313 1360 ad
336 1294 476 1358 edictum
500 1289 549 1380 (P.
568 1291 676 1379 1335).
698 1328 741 1339 —
760 1290 833 1358 Sive
857 1298 967 1359 autem
991 1295 1075 1358 sciat
1099 1293 1171 1378 quis

154 1383 259 1447 filium
282 1404 390 1447 meum
413 1401 484 1447 esse
505 1382 556 1446 vel
579 1402 712 1446 uxorem
734 1403 849 1466 meam,
873 1382 940 1447 sive
959 1383 1169 1468 ignoraverit,

153 1471 275 1536 habere
298 1492 349 1535 me
371 1492 444 1535 meo
466 1470 597 1535 nomine
621 1469 781 1535 actionem
807 1469 962 1536 Neratius
986 1472 1127 1555 scripsit.

243 1577 296 1642 53.
328 1575 367 1643 D.
386 1577 463 1641 ibid.
482 1578 501 1658 ς
521 1577 550 1641 9.
581 1613 618 1622 -
648 1575 739 1641 Idem
772 1578 818 1641 ait
849 1577 1000 1642 Neratius
1034 1600 1072 1642 ex
1106 1599 1171 1642 una

154 1666 271 1731 iniuria
289 1666 451 1730 interdum
470 1667 574 1730 tribus
594 1665 672 1730 oriri
685 1666 876 1730 iniuriarum
891 1665 1050 1732 actionem
1065 1689 1170 1751 neque

153 1755 250 1820 ullius
283 1755 442 1820 actionem
472 1775 532 1838 per
563 1753 665 1819 alium
697 1756 858 1838 consumi,
892 1759 929 1820 ut
961 1758 1042 1839 puta
1077 1756 1170 1820 uxori

154 1865 244 1907 meae
266 1843 354 1908 filiae
376 1843 519 1908 familias
543 1843 661 1907 iniuria
683 1842 771 1908 facta
790 1847 852 1908 est:
876 1847 909 1907 et
927 1843 1008 1908 mihi
1028 1850 1060 1909 et
1078 1845 1167 1928 patri

154 1933 222 1997 eius
246 1937 278 1997 et
302 1933 367 2016 ipsi
390 1932 577 1996 iniuriarum
601 1932 685 1996 actio
708 1933 844 2016 incipiet
866 1938 1057 2016 competere.

242 2027 278 2086 cf.
290 2025 354 2086 Gai.
366 2029 395 2103 3,
405 2028 467 2085 221
493 2019 608 2102 ‘itaque
630 2025 656 2084 si
673 2025 754 2085 filiae
772 2045 857 2085 meae
877 2045 953 2102 quac
973 2027 1054 2086 Titio
1073 2033 1170 2104 nupta

154 2119 213 2190 est,
240 2114 381 2174 iniuriam
403 2114 524 2193 feceris,
545 2132 606 2173 non
629 2115 726 2174 solum
749 2114 828 2173 filiae
851 2115 970 2174 nomine
994 2117 1094 2175 tecum
1119 2117 1169 2192 agi

153 2205 332 2263 iniuriarum
345 2207 455 2280 potest,
467 2223 573 2263 rerum
587 2202 680 2261 etiam
692 2221 759 2263 mec
775 2222 891 2280 quoque
907 2207 937 2262 ct
952 2204 1024 2262 Titii
1039 2205 1168 2266 nomine.

529 2374 580 2440 De
602 2376 794 2440 condictione.

242 2481 294 2546 54.
317 2481 356 2548 D.
370 2482 420 2565 12,
430 2482 460 2565 6,
470 2481 522 2547 63.
564 2479 666 2546 Gaius
688 2481 771 2546 libro
796 2481 955 2567 singulari
979 2481 1017 2546 de
1038 2483 1167 2548 casibus

153 2567 202 2656 (P.
221 2568 263 2656 1).
281 2606 325 2618 -
343 2570 496 2636 Neratius
520 2592 631 2636 casum
653 2570 761 2654 refert,
782 2573 819 2634 ut
842 2571 914 2656 quis
938 2569 971 2634 id
994 2572 1080 2656 quod
1104 2573 1167 2637 sol-

153 2659 236 2722 verit
258 2664 403 2743 repetere
426 2681 493 2723 non
515 2660 632 2741 possit,
660 2661 752 2741 quasi
776 2659 919 2723 debitum
944 2659 1081 2741 dederit,
1108 2683 1166 2725 nec

152 2753 263 2811 tamen
284 2747 453 2812 liberetur:
476 2749 565 2811 velut
588 2747 617 2811 si
638 2749 675 2829 is,
699 2749 754 2831 qui
772 2746 843 2813 cui¹
862 2752 984 2812 certum
1002 2748 1166 2813 hominem

153 2835 297 2918 deberet,
334 2836 558 2900 statuliberum
596 2836 731 2916 dederit3
767 2857 845 2900 nam
882 2836 954 2901 ideo
992 2859 1064 2901 eum
1101 2860 1165 2902 non

151 2923 297 3007 liberari,
331 2924 416 3009 quod
447 2945 513 2990 non
544 2923 578 2989 in
610 2926 742 3008 plenum
772 2925 972 3011 stipulatoris
1000 2925 1165 2990 hominem

151 3013 277 3166 (cederit,
300 3035 358 3079 nec
380 3019 491 3079 tamen
513 3016 657 3097 repetere
680 3035 754 3078 eum
775 3035 887 3098 posse,
910 3013 995 3097 quod
1019 3014 1163 3079 debitum

173 3122 189 3164 e
213 3123 282 3168 err.

239 3209 291 3275 55.
315 3210 354 3274 D.
368 3210 420 3289 24,
436 3211 465 3293 1,
481 3210 532 3293 13,
545 3210 574 3273 2.
612 3207 771 3292 Ulpianus
793 3208 878 3273 libro
901 3209 1096 3294 trigensimo
1116 3233 1163 3275 se-

151 3298 255 3363 cundo
279 3299 319 3363 ad
344 3296 500 3364 Sabinum
523 3295 573 3384 (P
588 3295 700 3381 2769).
723 3334 764 3344 —
783 3295 871 3362 ‘Cum
897 3299 969 3381 quis
993 3300 1163 3383 acceperit,

150 3391 187 3451 ut
219 3388 253 3452 in
286 3410 343 3453 suo
376 3385 534 3465 aedificet,
566 3386 691 3451 cundici
722 3387 751 3450 ei
779 3385 811 3450 id
840 3408 907 3451 non
933 3390 1056 3473 potest,
1089 3389 1163 3471 quia

223 3567 237 3615 1
257 3562 305 3618 Fl.
325 3580 396 3618 cnm.
