2430 3944
97 180 163 244 564
466 174 744 230 inoluminum.

97 344 256 408 bonorum
279 344 447 424 raptorum
470 339 588 405 iudicio
612 343 749 422 tenetur,
773 339 913 404 maxime
937 341 967 404 si
987 362 1057 405 non
1076 341 1119 404 in·

97 430 275 514 tellegebat
293 451 332 493 ex
356 428 528 512 naufragio
552 428 604 493 vel
626 427 772 493 incendio
791 429 926 492 ruinave
947 450 1022 493 eam
1042 451 1118 494 esse.

98 520 257 584 iacentem
281 538 408 602 quoque
431 539 499 581 rem
518 539 558 580 ex
576 517 759 603 naufragio,
782 538 865 602 quae
889 517 1045 583 fluctibus
1069 540 1116 582 ex·

97 610 191 693 pulsa
215 607 268 692 sit,
293 608 320 672 si
344 607 416 692 quis
441 606 620 689 abstulerit,
643 606 788 690 plerique
812 605 899 670 idem
921 609 1054 690 putant

422 757 473 822 De
495 758 562 821 iare
584 757 784 823 deliberandi.

189 873 260 938 177.
307 872 347 938 D.
366 874 419 952 30,
438 874 489 937 87.
534 871 733 956 Papinianus
749 871 834 937 libro
854 875 973 938 octavo
994 873 1113 938 decimo

99 962 341 1038 Quaestionum.
371 998 412 1007 —
441 961 524 1025 Filio
556 964 658 1044 pater,
690 982 784 1044 quem
814 962 849 1025 in
876 965 1044 1045 potestate
1070 984 1112 1026 re·

31 1067 33 1072 “
96 1052 211 1130 tinuit,
247 1050 358 1115 heredi
399 1071 457 1133 pro
494 1054 587 1134 parte
623 1050 775 1114 instituto
811 1050 959 1134 legatum
994 1072 1111 1134 quoque

100 1140 255 1223 relinquit
354 1139 515 1203 sententia
538 1142 589 1202 est
612 1137 867 1203 existimantium
891 1137 1110 1226 denegandam

50 1231 54 1237 ’
101 1229 130 1294 01
154 1229 253 1312 legati
276 1227 476 1311 petitionem,
510 1226 539 1291 si
571 1228 673 1311 patris
697 1226 893 1292 abstinuerit
926 1227 1108 1293 hereditate.

189 1316 262 1382 178.
308 1314 348 1381 D.
362 1316 414 1397 29,
433 1316 462 1395 2,
482 1316 535 1398 20,
553 1317 584 1380 4.
630 1314 789 1400 Ulpianus
809 1316 895 1382 libro
911 1318 1106 1402 sexagesimo

98 1407 203 1489 primo
219 1405 260 1469 ad
274 1403 422 1469 edietum.
438 1403 693 1487 -Papinianus
709 1404 825 1470 scribit
843 1405 949 1470 filium
964 1406 1106 1471 heredem

97 1494 283 1560 institutum
327 1493 381 1577 qui
420 1515 454 1557 se
490 1493 587 1558 bonis
624 1494 769 1578 paternis
814 1495 978 1560 abstinuit
1018 1495 1105 1579 volgo

96 1587 212 1666 putare
246 1582 412 1666 quosdam,
441 1582 469 1646 si
497 1605 517 1647 a
545 1586 632 1646 statu
661 1582 762 1647 libero
786 1583 961 1666 pecuniam
985 1584 1106 1668 accepit,

98 1694 116 1735 a
144 1669 359 1735 creditoribus
387 1671 657 1750 conveniendum,
685 1671 754 1737 siva
781 1673 907 1736 nummi
937 1673 1105 1756 peculiares

97 1759 219 1824 fuerint
247 1760 314 1825 sive
342 1782 410 1825 non
437 1760 571 1840 fuerint,
602 1761 677 1844 quia
706 1783 744 1824 ex
773 1759 917 1825 defuncti
946 1763 1105 1827 voluntate

98 1848 264 1933 accipitur,
288 1848 372 1932 quod
397 1848 594 1913 condicionis
617 1847 799 1932 implendae
823 1871 922 1914 causa
945 1851 1048 1916 datur.

189 1937 261 2003 179.
308 1936 346 2001 D.
371 1938 423 2019 29,
446 1939 477 2018 4,
500 1938 553 2020 24,
579 1938 606 2001 1.
652 1937 772 2002 Paulus
799 1937 884 2002 libro
911 1938 1105 2024 sexagesimo

99 2026 139 2090 ad
154 2026 303 2090 edictum.
318 2064 362 2072 —-
378 2023 429 2113 (Si
443 2026 517 2091 dolo
532 2026 649 2090 tutoris
666 2026 812 2090 omiserit
825 2027 970 2112 pupillus
986 2048 1105 2093 causam

67 2138 72 2148 ’
97 2116 286 2180 testamenti
310 2119 343 2179 et
370 2115 551 2200 legitimam
577 2115 788 2179 hereditatem
811 2114 989 2200 possideat,
1012 2115 1105 2180 danda

99 2209 149 2269 est
176 2205 358 2289 legatorum
388 2205 472 2268 actio
500 2205 535 2267 in
563 2202 746 2287 pupillum.)
778 2203 833 2269 sed
862 2205 924 2269 hoo
954 2209 988 2269 et
1014 2205 1046 2269 in
1073 2225 1103 2268 eo

99 2295 156 2378 qui
185 2293 287 2379 pubes
316 2298 366 2357 est
395 2292 539 2377 plerique
567 2295 683 2372 putant
711 2293 962 2374 observandum,
993 2298 1029 2358 ut
1054 2313 1103 2377 pro

99 2404 163 2465 qua
180 2387 274 2466 parte
293 2377 467 2465 possideat,
485 2385 644 2464 teneatur,
663 2381 812 2464 quamvis
829 2386 963 2465 praetor
981 2382 1102 2467 perinde

98 2472 132 2534 in
156 2492 228 2534 eum
253 2471 499 2553 detectionem,
524 2474 620 2554 atque
645 2470 673 2533 si
697 2470 820 2535 adisset
843 2471 1062 2537 hereditatem.

99 2628 148 2694 Ne
174 2630 252 2710 qaia
273 2632 307 2694 ia
335 2631 464 2712 stamine
480 2630 604 2712 publico
626 2630 733 2711 ripaue
755 2631 821 2695 eius
844 2632 912 2715 plat,
940 2652 1000 2714 qao
1023 2631 1101 2697 aliter

506 2740 589 2800 aqua
611 2719 699 2799 fluat.

190 2823 263 2888 180.
308 2824 347 2889 D.
380 2827 438 2907 43,
477 2826 531 2903 13,
569 2826 601 2908 1,
635 2826 663 2890 6.
709 2824 871 2911 Ulpianus
905 2828 990 2892 libro
1027 2846 1101 2890 sera·

100 2913 248 2995 gensimo
273 2918 388 2978 octavo
408 2914 448 2979 ad
467 2914 617 2980 edictum.
641 2950 684 2959 -
708 2913 791 2978 Sunt
809 2915 865 3000 qui
884 2919 1009 2999 putent,
1031 2912 1100 2978 exci-

99 3000 252 3083 piendum
280 3000 342 3067 hoc
370 3003 554 3067 interdicto:
584 3002 680 3088 ‘quod
712 3002 780 3068 eius
808 3004 900 3087 ripae
923 3002 1099 3070 muniendae

99 3110 197 3153 eausa
220 3111 285 3155 non
309 3090 385 3175 fiet',
417 3091 541 3156 scilicet
574 3097 618 3172 ut,
651 3091 678 3156 si
711 3092 788 3176 quid
820 3092 894 3177 fiat,
925 3114 988 3177 quo
1020 3092 1099 3158 aliter

99 3200 184 3261 aqua
211 3179 300 3260 fluat,
331 3179 358 3243 si
386 3184 496 3243 tamen
519 3180 712 3245 muniendae
741 3181 832 3266 ripae
857 3204 955 3248 causa
977 3180 1097 3260 110111-

97 3266 236 3331 terdicto
256 3268 348 3333 loeus
367 3289 433 3332 non
453 3269 506 3332 sit.
553 3268 609 3333 sed
623 3291 682 3335 nec
700 3270 762 3335 hoc
783 3269 978 3354 quibusdam
996 3270 1097 3355 placet:

98 3376 202 3507 nequle
235 3358 321 3420 enim
353 3359 442 3439 ripae
472 3379 545 3422 eum
569 3358 774 3424 incommodo
798 3361 1015 3426 accolentium
1043 3377 1097 3422 mu·

96 3444 169 3506 nien
195 3465 231 3507 ae
256 3449 339 3509 sunt.

187 3537 221 3596 of.
247 3538 340 3598 Lenel
362 3539 458 3600 Edict.
483 3561 510 3616 p.
537 3542 600 3600 369
624 3561 653 3600 n.
678 3543 707 3601 8.
