2430 3944
462 183 487 233 3.
505 175 669 232 MINICIUS
1005 177 1068 242 281

48 340 175 423 peculio
201 340 336 425 solverit,
363 345 494 422 repetere
520 340 664 405 dminus
690 360 754 404 noo
774 340 907 422 poterit·
934 342 1016 423 qood
1036 361 1073 407 ee

56 430 213 495 minim
238 429 376 512 perereio
404 429 540 510 sotrere‘t,
574 428 798 505 vindicabitnm·
826 428 857 493 et
885 449 955 494 vero
984 435 1073 494 extro

56 538 184 584 eausam
211 517 328 601 peculii
354 518 552 600 fideiussori(
584 518 666 602 quod
691 538 728 582 ee
752 518 890 600 pecunia
916 519 1073 584 dominica

56 607 194 710 solverit,
226 628 320 690 oenoe
354 607 574 685 vindicabitur,
610 607 692 691 quod
721 626 759 670 ee
790 605 922 689 peculio,
955 608 1073 672 condrei

53 701 174 778 pomi·
344 783 395 850 De
416 783 574 849 verboram
597 783 786 866 oblepotione.

147 909 201 975 22.
224 908 263 973 D.
281 902 433 991 17,1‚33.
478 906 569 973 Idem
594 903 652 995 (so.
666 905 826 992 Iulianus)
849 907 932 974 libro
957 912 1073 994 quarto

60 1019 98 1061 ex
125 996 257 1064 Minicio
286 997 334 1080 (P.
349 995 440 1083 868).
464 1033 505 1043 -
528 995 675 1082 Rogatus
703 999 741 1060 ut
766 995 956 1063 fideiuberet
984 997 1012 1062 si
1039 998 1075 1063 in

60 1087 217 1150 minorem
246 1108 406 1150 summam
434 1107 468 1150 se
496 1085 666 1170 obligavit,
700 1085 749 1169 (is
776 1107 835 1169 pro
865 1107 928 1171 quo
957 1107 991 1150 se
1019 1087 1074 1152 ota

59 1174 218 1259 ligavit?>
236 1178 323 1239 reete
340 1177 482 1257 tenetur3
502 1174 530 1238 si
549 1174 583 1237 in
602 1173 768 1257 maiorem,
786 1172 874 1256 <non
892 1174 1073 1258 temtari).

148 1267 283 1328 Iulianus
315 1269 416 1328 verius
448 1271 537 1344 putat
564 1267 646 1345 quod
673 1287 691 1326 a
718 1267 870 1344 plerisque
896 1287 1074 1345 responsum

62 1360 106 1416 est
130 1376 211 1434 eum,
240 1357 293 1435 qui
315 1357 460 1417 maiorem
483 1375 631 1416 summam
654 1374 745 1432 quum
767 1359 892 1434 rogatus
916 1359 981 1417 erat
1003 1357 1074 1417 fide-

63 1445 211 1522 iussisset,
247 1447 391 1505 haetenus
423 1444 558 1504 mandati
590 1444 738 1504 actionem
769 1444 894 1525 habere,
926 1449 1075 1524 quatenus

63 1536 186 1612 rogatus
215 1538 307 1607 esset,
335 1534 407 1610 quia
433 1533 465 1592 id
493 1534 625 1608 fooisset‚
653 1534 733 1611 quod
760 1534 936 1593 mandatum
963 1535 992 1593 ei
1016 1538 1076 1611 est;

63 1641 131 1682 nam
150 1641 247 1700 usque
266 1623 304 1682 ad
323 1641 392 1682 eam
409 1642 566 1699 summam,
587 1622 620 1681 in
639 1641 729 1699 quam
747 1625 871 1700 rogatus
889 1626 964 1702 erat,
986 1623 1076 1683 fidem

64 1711 126 1771 eius
150 1714 301 1788 spectasse
324 1711 446 1772 videtur
469 1711 520 1789 qui
543 1711 672 1789 rogavit.

150 1813 215 1878 23?
240 1811 280 1876 D.
292 1813 343 1891 12,
356 1815 383 1893 1,
393 1813 444 1877 82.
486 1811 576 1877 Idem
600 1809 658 1898 (so.
672 1809 833 1898 Iulianus)
857 1813 941 1877 libro
961 1818 1076 1897 quarto

64 1922 100 1965 ex
125 1900 258 1966 Minicio
282 1901 330 1985 (P.
346 1898 436 1986 861).
458 1937 501 1947 -
524 1899 648 1964 Vinum
676 1901 761 1985 quod
789 1904 937 1965 mutuum
965 1902 1077 1968 datum

64 1993 145 2073 erat,
171 2012 229 2073 per
257 1990 393 2054 iudicem
421 1990 560 2074 petitum
587 1993 644 2053 eet.
691 1989 873 2075 quaesitum
897 1994 959 2072 est,
987 1991 1077 2054 ouius

63 2079 219 2162 temporis
244 2079 427 2143 aestimatio
450 2079 552 2159 fieret,
574 2081 685 2142 utrum
708 2098 781 2142 oum
800 2077 912 2142 datum
932 2083 1018 2143 esset
1036 2101 1077 2142 an

64 2189 134 2232 oum
160 2167 252 2231 litem
277 2170 476 2232 contestatus
499 2167 615 2231 fuisset
637 2187 678 2229 an
703 2187 775 2231 oum
797 2187 849 2231 res
872 2166 1078 2232 iudicaretur.

64 2252 202 2321 Sabinus
230 2256 412 2341 respondit,
439 2256 467 2319 si
495 2255 616 2319 dietum
644 2260 730 2319 esset
753 2276 816 2338 quo
840 2258 986 2338 tempore
1009 2256 1079 2320 red·

65 2345 202 2428 deretur,
222 2345 335 2429 quenti
353 2348 431 2409 tuno
449 2344 578 2429 fuisset3
597 2344 626 2409 si
641 2342 760 2408 dietum
776 2365 842 2407 non
857 2348 951 2427 esset,
966 2345 1078 2429 quanti

64 2434 140 2498 tune
160 2434 283 2515 fuisset,
303 2454 375 2498 cum
394 2433 533 2517 petitum
552 2435 646 2496 esset.
679 2432 887 2517 interrogavi,
906 2433 996 2497 euius
1015 2433 1078 2498 looi

64 2523 204 2605 pretium
227 2522 318 2605 sequi
343 2525 501 2606 oporteat.
547 2521 728 2604 respondit,
756 2521 784 2584 si
808 2521 1019 2606 convenisset,
1040 2526 1077 2586 ut

65 2614 152 2676 certo
175 2611 246 2676 loeo
270 2609 466 2692 redderetur,
492 2610 607 2694 quanti
630 2630 668 2673 eo
692 2609 764 2674 loeo
789 2613 883 2693 esset,
907 2609 936 2674 si
957 2610 1078 2675 dietum

65 2721 129 2764 non
154 2704 251 2782 esset,
276 2699 390 2783 quenti
413 2699 470 2762 ubi
493 2704 578 2762 esset
599 2699 749 2780 petitum.

360 2874 411 2941 De
432 2876 582 2960 eruptione
602 2875 781 2940 venditione.

153 3001 219 3067 24?
241 3001 282 3069 D.
294 3001 345 3084 19,
358 3003 386 3084 1,
395 3001 446 3067 29.
488 2999 578 3065 Idem
602 2998 660 3087 (so.
674 2997 834 3084 Iulianus)
858 2999 942 3064 libro
963 3004 1079 3084 quarto

68 3110 103 3155 ex
125 3089 260 3160 Minidio
284 3086 334 3177 (P.
337 3049 494 3175 8d3).-
453 3087 575 3155 -cui
598 3109 664 3152 res
674 3087 734 3153 sub
758 3087 945 3190 condicione
968 3089 1078 3174 legata

68 3183 148 3264 erat,
174 3179 202 3242 is
231 3201 302 3245 eam
330 3177 515 3261 imprudens
544 3177 585 3241 ab
613 3175 729 3242 herede
758 3176 848 3241 emit:
899 3183 1015 3243 notione
1043 3202 1079 3242 ex

69 3229 164 3349 empio
187 3273 301 3351 poterit
319 3271 461 3348 consequi
480 3274 597 3346 emptor
613 3269 755 3345 pretium,
777 3264 915 3348 quondo¹
933 3290 969 3329 ex
988 3288 1079 3331 oense

68 3360 158 3441 legati
181 3381 245 3425 rem
267 3360 367 3421 habet.

138 3554 152 3600 1
174 3547 221 3602 Fi.
240 3545 307 3615 quia
324 3563 389 3600 nou.
