2430 3944
154 197 201 252 11.
222 197 319 264 oum
338 195 506 252 cuonem
524 159 627 266 66111,
646 189 984 252 11166166111116.
1012 198 1078 261 585
1115 260 1118 265 ,

219 360 258 427 Si
279 363 452 444 quadrupes
470 361 651 443 pauperiem
671 360 778 441 fecisse
800 362 923 426 dicetur.

157 476 222 541 60?
259 476 298 540 D.
321 477 352 557 9,
378 479 404 554 1,
428 478 457 541 3.
501 475 600 541 Gaius
627 475 712 541 libro
741 480 855 541 octavo
883 476 1006 541 decimo
1036 476 1076 540 ad

67 565 220 630 edictum.
252 601 290 612 -
324 564 376 629 Ex
402 565 463 629 hac
491 565 563 649 lege
590 564 655 629 iam
689 587 756 630 non
785 565 951 630 dubitatur
980 565 1078 630 etiam

66 655 246 719 liberarum
268 675 478 738 personarum
501 654 632 718 nomine
656 653 711 737 agi
733 675 837 737 posse,

383 813 433 877 De
455 813 757 896 compeueutiouu'buc.

153 928 205 994 61.
229 927 299 993 Gai.
322 928 352 1011 4,
377 929 429 993 63.
451 964 495 974 -
524 927 677 993 Liberum
701 931 751 992 est
773 976 808 991 ..
832 928 930 992 iudici
952 927 1078 992 nullam

63 1016 197 1082 omnino
217 1016 353 1080 invicem
373 1017 645 1101 compensationis
665 1017 823 1080 rationem
838 1016 957 1081 habere
973 1013 1030 1103 (sc.
1044 1016 1078 1080 in

64 1106 170 1170 bonae
188 1105 265 1169 fidei
283 1102 440 1191 iudiciis);
462 1127 522 1170 nec
545 1107 630 1170 enim
655 1109 767 1190 aperte
789 1105 950 1170 formulae
968 1104 1078 1169 verbis

64 1194 271 1278 praecipitur,
294 1193 348 1258 aed
373 1195 448 1276 quia
470 1194 502 1257 id
527 1195 632 1259 bonae
650 1194 725 1257 fidei
748 1193 866 1258 iudicio
885 1193 1079 1258 conveniens

63 1282 204 1368 videtur,
226 1282 297 1346 ideo
323 1282 428 1347 officio
451 1283 566 1348 iudicis
585 1283 744 1348 contineri
768 1282 918 1348 creditur.

473 1432 523 1498 Dc
540 1434 669 1516 peculio.

155 1539 207 1604 62.
236 1538 306 1604 Gai.
337 1540 368 1623 4,
392 1541 443 1605 74.
474 1576 512 1586 —
547 1539 737 1605 ..dubium
766 1545 918 1624 nonest,
946 1541 1024 1626 quin
1047 1544 1080 1605 ct

66 1629 94 1692 is
127 1629 183 1712 qui
211 1627 303 1693 iussu
333 1630 436 1712 patris
465 1629 626 1693 dominive
655 1631 818 1694 contraxit
847 1630 961 1714 cuique
991 1651 1080 1694 exer·

66 1716 183 1782 citoria
206 1716 259 1780 vel
281 1716 444 1781 institoria
466 1717 608 1781 formula
631 1718 788 1800 conpetit,
812 1717 850 1781 de
873 1719 999 1802 peculio
1024 1721 1080 1782 aul

52 1805 106 1889 ,4⁰
130 1805 258 1869 iurem
281 1827 373 1870 verso
398 1827 494 1891 agere
517 1806 630 1889 possit.

497 1964 647 2048 Deposui.

155 2079 205 2145 63.
231 2077 270 2146 Ι).
293 2081 346 2161 44,
371 2081 401 2165 1,
430 2083 456 2161 1,
481 2080 510 2145 5.
556 2078 656 2145 Gaius
682 2080 767 2144 libro
792 2079 932 2145 secundo
956 2079 1079 2143 Aureo·

60 2190 145 2232 rum.
169 2205 212 2214 —
236 2169 534 2254 ...neglegentiae
558 2221 587 2237 ..
610 2169 741 2233 nomine
765 2168 837 2233 ideo
861 2190 928 2233 non
950 2172 1081 2232 tenetur

62 2253 122 2341 (sc.
148 2256 204 2341 qui
233 2278 301 2320 rem
332 2257 575 2322 custodiendam
605 2254 758 2344 accepit),
785 2258 861 2340 quia
889 2257 944 2341 qui
972 2256 1078 2341 negle-

61 2345 155 2431 genti
179 2344 288 2410 animo
307 2367 375 2410 rem
398 2346 642 2411 custodiendam
661 2345 846 2431 committit,
869 2345 907 2409 de
932 2366 965 2410 se
989 2345 1080 2428 queri

61 2433 168 2498 debet.
206 2455 358 2519 magnam
387 2438 497 2500 tamen
528 2435 767 2520 neglegentiam
799 2434 922 2518 placuit
948 2433 981 2497 in
1012 2433 1081 2498 doli
1127 2517 1132 2526 ¹

61 2523 183 2588 crimen
207 2522 329 2587 cadere.

489 2613 648 2678 Muudutu‘.

155 2725 207 2791 64.
244 2724 314 2791 Gai.
339 2727 369 2810 3,
394 2726 467 2791 157.
492 2727 641 2790 -Illud
670 2729 808 2810 constat,
832 2727 860 2790 si
883 2727 954 2810 quie
979 2726 1017 2789 de
1041 2748 1079 2790 ea

58 2837 97 2879 16
121 2814 253 2878 mandet
276 2837 357 2899 quae
381 2820 495 2880 contra
513 2816 616 2880 bonos
635 2836 740 2879 mores
766 2819 825 2900 est,
845 2837 911 2880 non
931 2815 1080 2880 contrahi

60 2901 307 2988 obligationem.

421 2991 470 3057 Dc
492 2992 722 3077 exceptionibus.

154 3106 206 3171 65.
244 3105 312 3172 Gai.
336 3108 367 3192 4,
397 3108 469 3173 116.
502 3143 545 3154 -
582 3104 684 3191 Saepe
713 3158 746 3172 ..
775 3108 904 3192 accidit,
936 3109 973 3171 111
1007 3108 1079 3189 quis

55 3197 134 3261 iure
172 3194 260 3280 civili
300 3199 458 3277 teneatur,
495 3197 548 3259 sed
586 3196 731 3279 iniquum
768 3199 812 3262 sit
849 3218 922 3262 eum
959 3194 1079 3260 iudicio

56 3283 282 3350 condemnari.
314 3286 414 3349 veluti
437 3283 510 3368 <si>
533 3284 708 3368 stipulatus
732 3285 793 3349 sim
817 3308 836 3349 a
858 3289 890 3348 te
909 3280 1079 3368 pecuniam

55 3379 232 3457 tamquam
269 3373 418 3437 credendi
455 3395 553 3437 causa
583 3378 809 3439 numeraturue
841 3395 900 3438 1166
932 3394 1080 3437 numera-

55 3463 185 3544 verim,
216 3483 292 3526 nam
321 3484 391 3527 eam
419 3463 589 3546 pecuniam
618 3484 637 3526 a
664 3466 697 3526 te
730 3463 799 3546 peti
830 3483 927 3546 posse
955 3464 1078 3536 certum

54 3555 127 3618 est:
154 3549 230 3614 dare
261 3551 347 3614 enim
369 3554 402 3616 te
426 3555 568 3635 oportet,
595 3573 669 3616 cum
698 3573 736 3616 ex
764 3550 926 3636 stipulatu
948 3549 1091 3612 16116116.
