2430 3944
165 191 230 255 516
538 184 812 241 ΑυῡΙΤΑΜΕΝΤΑ.

448 349 496 415 De
517 370 601 432 aquo
619 349 730 430 pluvio
752 349 894 414 arcenda.

255 467 307 532 57.
336 465 375 530 D.
399 466 452 549 40,
481 466 510 546 7,
537 465 590 529 21.
635 463 834 548 Pomponius
863 463 948 528 libro
977 463 1118 547 septimo
1144 484 1172 526 er

166 556 305 622 Plautio.
323 592 361 601 -
382 553 548 621 ...verba
567 553 650 638 legis
670 552 837 618 duodecim
856 552 1043 618 tabularum
1062 557 1172 617 veteres

165 644 373 728 interpretati
406 645 482 708 sunt
514 641 555 707 ‘si
588 665 672 727 aqua
703 642 814 725 pluvia
846 641 963 725 nocet',
994 639 1031 705 id
1067 646 1117 706 est
1144 640 1173 704 ‘si

166 755 281 800 nocere
304 730 446 816 poterit'.

439 816 443 823 ’
538 818 588 883 De
603 820 807 902 postliminio.

255 935 307 1002 58.
330 934 370 1000 D.
394 935 447 1019 50,
471 935 536 1017 16,·
553 935 619 999 234
647 957 695 1018 pr.
745 933 834 998 Idem
863 933 920 1022 (sc.
950 931 1069 1023 Gaius)
1102 935 1171 1000 libro

167 1025 305 1090 secundo
337 1025 376 1088 ad
400 1023 506 1108 legem
533 1023 701 1087 duodecim
725 1023 920 1088 tabularum.
944 1060 988 1070 —
1014 1024 1103 1101 Quos
1123 1044 1171 1088 nos

165 1115 278 1179 hostes
302 1113 513 1197 appellamus,
537 1133 592 1177 eos
616 1116 740 1177 veteres
763 1112 944 1195 perduelles
967 1113 1171 1196 appellabant,

166 1225 223 1287 per
238 1224 309 1268 eam
326 1202 539 1266 adiectionem
553 1200 732 1266 indicantes
747 1222 820 1265 cum
831 1201 948 1285 quibus
959 1202 1082 1267 bellum
1093 1206 1171 1266 esset

445 1375 480 1464 b)
509 1377 563 1442 De
586 1379 669 1443 iure
692 1378 912 1444 honorario.

505 1494 556 1559 De
577 1501 612 1558 tn
628 1495 684 1573 vius
706 1496 848 1560 vocando.

255 1609 306 1676 59.
339 1608 379 1673 l).
411 1610 441 1692 2,
474 1610 505 1687 4,
537 1610 567 1693 4,
600 1610 629 1673 2.
681 1609 843 1694 Ulpianus
875 1609 960 1675 libro
996 1612 1110 1696 quinto
1140 1609 1169 1674 ad

167 1699 315 1763 edictum.
354 1735 397 1746 -
434 1698 574 1775 Quidam
611 1703 778 1780 parentem
815 1720 915 1782 usque
953 1698 994 1763 ad
1029 1701 1169 1764 tritavum

166 1788 323 1872 appellari
351 1789 451 1870 aiunt,
480 1788 663 1871 superiores
691 1787 829 1853 maiores
859 1787 937 1872 dici3
966 1787 1031 1854 hoc
1061 1793 1169 1854 veteres

167 1878 369 1942 existimasse
392 1875 590 1960 Pomponius
614 1875 722 1940 refert.

545 2027 595 2092 De
614 2027 810 2108 postulando.

257 2143 320 2208 60?
345 2141 384 2206 D.
399 2143 429 2223 3,
446 2143 474 2224 1,
490 2144 518 2224 1,
531 2143 560 2207 6.
592 2140 751 2225 Ulpianus
769 2143 854 2207 libro
871 2146 962 2208 sexto
980 2145 1022 2208 ad
1039 2146 1168 2210 edictum.

169 2269 207 2278 -
235 2282 264 2297 ..
289 2254 343 2297 eos
373 2231 428 2314 qui
456 2232 585 2295 virtutis
612 2231 830 2295 ostendendae
854 2253 953 2296 cansa
977 2233 1040 2298 hoc
1064 2233 1168 2299 faciunt

167 2317 226 2405 (sc.
250 2341 323 2384 cnm
347 2320 460 2384 bestiis
484 2315 685 2405 depugnant)
710 2321 780 2384 sine
804 2320 964 2400 mercede,
992 2344 1059 2387 non
1082 2318 1166 2387 teneri

168 2409 259 2472 aiunt
287 2413 425 2492 veteres,
454 2408 516 2472 nisi
544 2410 578 2472 in
607 2409 728 2472 harena
751 2411 840 2493 passi
865 2415 941 2473 sunt
965 2432 999 2474 se
1024 2408 1166 2491 honorari.

257 2510 401 2584 Veterum
427 2511 503 2569 hano
532 2512 712 2570 sententiam
741 2530 759 2569 a
782 2511 965 2571 Triboniano
994 2513 1094 2573 fictam
1117 2525 1165 2571 esse

167 2599 290 2658 Pernice
313 2601 433 2659 iudicat.

440 2727 502 2807 Qui
518 2748 579 2808 pro
601 2728 676 2792 ollis
697 2749 735 2792 aa
754 2729 915 2809 portentent.

258 2843 309 2907 61.
342 2841 450 2925 Spieil.
474 2841 608 2908 Solesm.
632 2844 679 2906 ed.
703 2841 795 2906 Pitra
817 2842 834 2907 I
861 2866 891 2927 p.
911 2845 987 2911 282.
1025 2844 1159 2928 Ulpianus

168 2931 250 2994 libro
279 2931 318 2994 ad
349 2931 488 2995 edictum
513 2935 612 2996 sexto
646 2968 688 2977 —
720 2930 908 2996 Invenimus
943 2934 1028 3017 apud
1062 2936 1159 2997 veteres

168 3020 312 3086 mulieris
346 3019 563 3104 appellatione
595 3022 690 3084 etiam
714 3021 856 3106 virgines
881 3023 1048 3087 contineri.

549 3171 598 3236 De
620 3172 687 3236 dolo
710 3172 801 3236 mol.

258 3278 310 3341 62.
333 3275 372 3340 D.
396 3277 426 3361 4,
450 3278 480 3361 3,
505 3279 585 3358 1,.3.
637 3276 797 3360 Ulpianus
826 3278 911 3342 libro
945 3278 1103 3343 undecimo
1128 3263 1154 3331 ad

169 3366 317 3430 edictum.
345 3401 383 3412 -
485 3369 609 3429 veteres
632 3366 743 3431 dolum
767 3367 865 3431 etiam
890 3369 1013 3432 bonum
1036 3357 1154 3450 dicebant

169 3461 202 3516 et
234 3477 292 3538 pro
327 3454 471 3519 sollertia
503 3454 565 3518 hoc
592 3476 711 3519 nomen
739 3455 940 3539 accipiebant
973 3454 1111 3536 [maxime
1134 3461 1152 3504 ⁸1

168 3543 324 3608 adversus
348 3543 475 3608 hostem
499 3543 723 3627 latronemque
749 3546 819 3628 quis
844 3543 1084 3622 machineturll.
1203 3564 1205 3600 ὲ
