2430 3944
149 196 216 262 420
251 196 285 253 V.
303 195 453 250 NERVAE
473 196 519 250 ΕΤ
536 195 688 251 ΤΙΙΑΙΑΝΙ
705 195 812 251 ΤΕΜΡ.
830 195 926 252 Imus
947 195 1131 252 consum

565 400 672 460 Liber
694 399 748 458 ΠΙ.

436 541 439 544 ’
560 517 611 584 De
634 519 747 601 leuatis.

474 640 599 700 Druso
621 641 719 714 fructu
742 640 841 713 zoara.

241 751 291 815 70.
319 748 359 815 D.
379 750 432 835 22,
451 750 480 834 1,
497 750 540 815 49
561 780 604 802 =
623 748 676 828 50,
696 749 747 832 17,
767 750 818 813 72.
872 747 1047 813 Iavolenus
1081 748 1165 815 libro

151 837 248 904 tertio
283 861 320 902 ex
352 839 586 922 posterioribus
614 837 785 903 Labeonis,
813 875 855 883 -
882 836 1018 903 Fructus
1049 839 1097 902 rei
1124 843 1167 904 est

150 929 199 994 uel
215 928 344 1010 piprrori
366 929 441 994 dore
464 928 559 992 licere.

242 1017 292 1080 71.
330 1015 369 1081 Ι).
394 1017 413 1080 7
421 1066 430 1098 ,
451 1016 487 1098 4,
510 1016 554 1081 24
576 1038 624 1101 pr.
677 1015 847 1080 Iavolenus
880 1014 963 1079 libro
996 1016 1096 1080 tertio
1129 1038 1166 1080 ex

152 1105 388 1189 posterioribus
421 1103 591 1170 Labeonis.
617 1140 660 1151 -
688 1103 767 1170 Oum
798 1123 889 1170 usum
918 1104 1058 1186 furatum
1086 1104 1167 1170 horti

151 1194 300 1277 haberem,
322 1193 438 1274 flumen
460 1194 583 1258 hortum
605 1194 767 1276 occupauit,
790 1194 897 1258 deiude
918 1193 958 1257 ab
976 1213 1009 1257 eo
1027 1195 1165 1270 recessit

151 1284 203 1348 ius
229 1301 346 1364 quoque
369 1302 444 1348 usus
465 1283 585 1363 fruetus
606 1283 781 1348 restitutum
803 1301 865 1347 esse
886 1281 1025 1346 Labeoni
1047 1283 1166 1347 uidetur

153 1371 247 1455 [quia
269 1371 304 1436 id
320 1371 419 1435 sotum
431 1375 577 1454 perpetro
595 1372 728 1436 eiusdem
745 1371 827 1435 iuris
840 1369 1056 1454 mansisset&
1074 1373 1122 1436 ito
1135 1372 1168 1436 id

152 1480 259 1524 vuum
285 1463 375 1542 puto,
405 1460 435 1525 si
465 1460 581 1541 {lomere
612 1461 816 1525 inundatione
841 1459 963 1524 hortum
991 1462 1166 1542 occupauit

152 1549 279 1613 namsi
300 1548 384 1613 alveo
407 1553 524 1614 mutato
547 1549 617 1614 iude
639 1569 769 1613 murore
790 1549 925 1631 coeperit,
948 1549 1054 1612 amitti
1075 1569 1166 1614 ussum

151 1636 289 1718 fructum
306 1637 457 1719 antimo,
475 1659 544 1703 oum
562 1638 591 1702 is
610 1638 692 1703 boue
709 1637 789 1702 aton
796 1637 940 1720 pubtr‘ous
953 1656 1016 1702 esse
1030 1638 1167 1722 coeperit,

153 1745 248 1808 noque
269 1726 305 1790 iu
320 1726 495 1808 pristinum
516 1731 632 1792 statum
654 1727 774 1792 restitui
793 1745 886 1808 possa.

245 1815 296 1879 72.
325 1813 364 1879 Ι).
384 1814 460 1880 ibid.
474 1817 495 1896 ξ
510 1815 539 1880 1.
564 1851 602 1862 -
627 1815 717 1880 Idam
743 1816 824 1880 iuris
850 1815 885 1880 in
913 1815 1022 1879 itinere
1044 1819 1075 1880 et
1098 1820 1167 1880 ortu

155 1904 384 1968 custodiendum
411 1924 472 1969 esse
497 1905 546 1969 ort
565 1904 681 1988 Labeo,
709 1904 746 1968 de
770 1903 879 1986 quibus
900 1903 990 1968 rebus
1011 1923 1065 1987 epo
1087 1905 1167 1970 idem

156 1993 237 2074 quod
258 1992 294 2056 iu
315 2013 374 2057 usu
395 1993 500 2073 fructu
521 1993 624 2058 sentio.

245 2081 294 2146 73.
322 2079 362 2145 D.
380 2080 458 2146 ibid.
477 2083 497 2162 ξ
515 2082 544 2146 2.
567 2116 612 2129 -
634 2080 752 2146 Labeo.
797 2081 862 2146 Neo
887 2081 1063 2146 sisummo
1086 2087 1167 2146 terro

154 2170 276 2235 subluto
298 2190 335 2234 aa
354 2169 454 2251 fundo
476 2190 541 2235 meo
564 2176 592 2235 et
613 2171 681 2235 otio
698 2174 813 2253 reposto
830 2174 912 2252 esset
933 2170 1048 2234 idcireo
1067 2190 1166 2236 marm

155 2259 255 2324 sotum
277 2278 339 2324 esse
360 2259 485 2339 desinit,
507 2279 572 2324 nou
593 2259 693 2342 mopis
715 2279 809 2341 quom
831 2263 994 2324 stercorato
1017 2279 1104 2342 ooro.

530 2441 577 2501 Do
600 2444 666 2501 uiuo
690 2442 787 2514 leuato.

247 2549 311 2614 747
334 2549 374 2617 Ι).
384 2550 436 2634 33,
450 2551 480 2634 6,
492 2551 533 2616 16
543 2573 590 2635 pr.
621 2549 711 2615 Idem
726 2549 783 2636 (so.
797 2550 962 2632 Proculus,
977 2549 1035 2614 sed
1051 2572 1165 2633 errore,

158 2661 233 2704 nam
257 2638 366 2721 potius
384 2635 555 2704 Iavolenus
580 2637 782 2704 scribendum
806 2636 882 2726 fuit)
905 2637 990 2704 libro
1011 2639 1113 2706 tertio
1131 2661 1166 2704 ex
1209 2708 1211 2719 ¹

44 2725 49 2732 ’
156 2727 392 2812 posterioribus
414 2727 584 2793 Labeonis,
606 2764 644 2774 —
665 2726 728 2805 Qui
751 2727 862 2792 vinum
885 2726 1114 2793 Surrentinum
1135 2727 1167 2792 in
1209 2726 1211 2739 '

159 2816 328 2880 urnalibus
356 2816 500 2882 habebat
527 2815 692 2899 diffusum,
718 2815 748 2880 is
775 2816 837 2881 tibi
864 2815 974 2880 vinum
1001 2816 1165 2902 legaverat

157 2902 194 2967 in
229 2903 394 2990 amphoris
428 2927 531 2971 omne.
584 2903 666 2970 illud
699 2926 824 2991 quoque
856 2903 982 2990 vinum,
1019 2905 1104 2991 quod
1135 2904 1165 2968 in

158 2992 324 3058 urnalibus
357 2993 485 3078 fuisset,
517 2995 659 3078 legatum
691 3015 761 3058 esse
792 2993 900 3059 Labeo
933 2997 967 3058 et
997 2992 1164 3060 Trebatius

158 3082 400 3165 responderunt.
475 3102 479 3112 ⁴

497 3177 544 3236 De
566 3178 697 3237 dutubus
720 3177 829 3251 lupatis.

247 3283 299 3350 75.
328 3286 368 3352 Ι).
384 3285 462 3352 ibid.
480 3289 501 3364 ὅ
521 3293 551 3352 1.
573 3323 616 3334 —
641 3284 701 3352 Oui
729 3287 834 3351 duleia
856 3287 965 3371 legata
990 3290 1115 3372 essent,
1139 3285 1164 3350 si

157 3374 241 3439 nihil
269 3373 356 3439 aliud
384 3378 578 3440 testamento
607 3374 819 3461 significetur,
853 3373 963 3441 omnia
989 3375 1073 3442 haee
1099 3394 1162 3440 esse

158 3463 283 3547 legata:
306 3463 447 3529 mulsum
469 3485 600 3548 passum
625 3464 785 3530 defrutum
810 3468 842 3529 et
866 3464 990 3530 similes
1010 3464 1161 3549 potiones,

157 3549 238 3616 item
260 3575 340 3618 uvas
364 3552 442 3619 fioos
464 3552 591 3636 palmas
614 3553 746 3619 baneas.
