<?xml version="1.0" encoding="UTF-8"?>
<!DOCTYPE html PUBLIC "-//W3C//DTD XHTML 1.0 Transitional//EN"
    "http://www.w3.org/TR/xhtml1/DTD/xhtml1-transitional.dtd">
<html xmlns="http://www.w3.org/1999/xhtml" xml:lang="en" lang="en">
 <head>
  <title>
</title>
<meta http-equiv="Content-Type" content="text/html;charset=utf-8" />
  <meta name='ocr-system' content='tesseract 3.04.00' />
  <meta name='ocr-capabilities' content='ocr_page ocr_carea ocr_par ocr_line ocrx_word'/>
</head>
<body>
  <div class='ocr_page' id='page_1' title='image "./iurisprudentiae02bremgoog_0104.png"; bbox 0 0 2430 3944; ppageno 0'>
   <div class='ocr_carea' id='block_1_1' title="bbox 367 177 1118 243">
    <p class='ocr_par' dir='ltr' id='par_1_1' title="bbox 367 177 1118 243">
     <span class='ocr_line' id='line_1_1' title="bbox 367 177 1118 243; baseline -0.011 -10"><span class='ocrx_word' id='word_1_1' title='bbox 367 186 392 234; x_wconf 84' lang='lat'><strong>4.</strong></span> <span class='ocrx_word' id='word_1_2' title='bbox 412 177 442 234; x_wconf 82' lang='lat' dir='ltr'><strong>O.</strong></span> <span class='ocrx_word' id='word_1_3' title='bbox 456 178 603 234; x_wconf 73' lang='lat' dir='ltr'><strong>casales</strong></span> <span class='ocrx_word' id='word_1_4' title='bbox 621 177 806 235; x_wconf 83' lang='lat' dir='ltr'>LONGINUS</span> <span class='ocrx_word' id='word_1_5' title='bbox 1056 178 1118 243; x_wconf 79' lang='lat'><strong>71.</strong></span> 
     </span>
    </p>
   </div>
   <div class='ocr_carea' id='block_1_2' title="bbox 384 340 801 424">
    <p class='ocr_par' dir='ltr' id='par_1_2' title="bbox 384 340 801 424">
     <span class='ocr_line' id='line_1_2' title="bbox 384 340 801 424; baseline 0 -17"><span class='ocrx_word' id='word_1_6' title='bbox 384 340 436 407; x_wconf 88' lang='lat' dir='ltr'><strong>De</strong></span> <span class='ocrx_word' id='word_1_7' title='bbox 456 342 640 424; x_wconf 63' lang='lat' dir='ltr'><strong>doctioribus</strong></span> <span class='ocrx_word' id='word_1_8' title='bbox 656 341 801 424; x_wconf 79' lang='lat' dir='ltr'><strong>publicis.</strong></span> 
     </span>
    </p>
   </div>
   <div class='ocr_carea' id='block_1_3' title="bbox 108 465 1100 817">
    <p class='ocr_par' dir='ltr' id='par_1_3' title="bbox 108 465 1100 817">
     <span class='ocr_line' id='line_1_3' title="bbox 177 465 1099 552; baseline 0 -20"><span class='ocrx_word' id='word_1_9' title='bbox 177 466 246 533; x_wconf 89' lang='grc'><strong>141.</strong></span> <span class='ocrx_word' id='word_1_10' title='bbox 275 466 315 533; x_wconf 89' lang='lat' dir='ltr'><strong>D.</strong></span> <span class='ocrx_word' id='word_1_11' title='bbox 329 469 383 550; x_wconf 82' lang='lat'><strong>43,</strong></span> <span class='ocrx_word' id='word_1_12' title='bbox 400 467 450 551; x_wconf 95' lang='grc'><strong>12,</strong></span> <span class='ocrx_word' id='word_1_13' title='bbox 467 466 495 548; x_wconf 85' lang='grc'><strong>1,</strong></span> <span class='ocrx_word' id='word_1_14' title='bbox 509 468 539 532; x_wconf 86' lang='grc'><strong>3.</strong></span> <span class='ocrx_word' id='word_1_15' title='bbox 585 465 744 550; x_wconf 80' lang='lat' dir='ltr'>Ulpianus</span> <span class='ocrx_word' id='word_1_16' title='bbox 767 466 852 530; x_wconf 90' lang='lat' dir='ltr'><strong>libro</strong></span> <span class='ocrx_word' id='word_1_17' title='bbox 867 471 1099 552; x_wconf 68' lang='lat' dir='ltr'><strong>⁴sexagensimo</strong></span> 
     </span>
     <span class='ocr_line' id='line_1_4' title="bbox 108 551 1099 642; baseline 0.002 -22"><span class='ocrx_word' id='word_1_18' title='bbox 108 560 200 622; x_wconf 78' lang='lat' dir='ltr'><strong>ostem</strong></span> <span class='ocrx_word' id='word_1_19' title='bbox 227 556 266 620; x_wconf 92' lang='lat' dir='ltr'><strong>ad</strong></span> <span class='ocrx_word' id='word_1_20' title='bbox 294 555 434 622; x_wconf 88' lang='lat' dir='ltr'><strong>edictum</strong></span> <span class='ocrx_word' id='word_1_21' title='bbox 459 553 509 642; x_wconf 81' lang='lat' dir='ltr'><strong>(P.</strong></span> <span class='ocrx_word' id='word_1_22' title='bbox 524 551 635 642; x_wconf 84' lang='grc'><strong>1510).</strong></span> <span class='ocrx_word' id='word_1_23' title='bbox 661 591 699 602; x_wconf 94' lang='grc'><strong>-</strong></span> <span class='ocrx_word' id='word_1_24' title='bbox 725 553 910 619; x_wconf 79' lang='lat' dir='ltr'><strong>Fluminum</strong></span> <span class='ocrx_word' id='word_1_25' title='bbox 941 557 1099 640; x_wconf 81' lang='lat' dir='ltr'><strong>quaedam</strong></span> 
     </span>
     <span class='ocr_line' id='line_1_5' title="bbox 108 642 1100 729; baseline 0.002 -21"><span class='ocrx_word' id='word_1_26' title='bbox 108 644 215 728; x_wconf 88' lang='lat' dir='ltr'><strong>publica</strong></span> <span class='ocrx_word' id='word_1_27' title='bbox 246 648 335 727; x_wconf 82' lang='lat' dir='ltr'><strong>sunt,</strong></span> <span class='ocrx_word' id='word_1_28' title='bbox 368 644 525 729; x_wconf 80' lang='lat' dir='ltr'><strong>quaedam</strong></span> <span class='ocrx_word' id='word_1_29' title='bbox 557 664 631 708; x_wconf 91' lang='lat' dir='ltr'><strong>non.</strong></span> <span class='ocrx_word' id='word_1_30' title='bbox 680 643 847 727; x_wconf 93' lang='lat' dir='ltr'><strong>publicum</strong></span> <span class='ocrx_word' id='word_1_31' title='bbox 879 642 998 708; x_wconf 89' lang='lat' dir='ltr'><strong>flumen</strong></span> <span class='ocrx_word' id='word_1_32' title='bbox 1028 668 1100 710; x_wconf 89' lang='lat' dir='ltr'><strong>esse</strong></span> 
     </span>
     <span class='ocr_line' id='line_1_6' title="bbox 108 730 711 817; baseline -0.002 -19"><span class='ocrx_word' id='word_1_33' title='bbox 108 730 215 798; x_wconf 65' lang='lat' dir='ltr'><strong>(lessius</strong></span> <span class='ocrx_word' id='word_1_34' title='bbox 237 732 364 816; x_wconf 89' lang='lat' dir='ltr'><strong>definit,</strong></span> <span class='ocrx_word' id='word_1_35' title='bbox 387 732 472 816; x_wconf 91' lang='lat' dir='ltr'><strong>quod</strong></span> <span class='ocrx_word' id='word_1_36' title='bbox 494 753 634 817; x_wconf 88' lang='lat' dir='ltr'><strong>perenne</strong></span> <span class='ocrx_word' id='word_1_37' title='bbox 658 733 711 798; x_wconf 87' lang='lat' dir='ltr'><strong>sit.</strong></span> 
     </span>
    </p>
   </div>
   <div class='ocr_carea' id='block_1_4' title="bbox 399 909 781 975">
    <p class='ocr_par' dir='ltr' id='par_1_4' title="bbox 399 909 781 975">
     <span class='ocr_line' id='line_1_7' title="bbox 399 909 781 975; baseline 0 0"><span class='ocrx_word' id='word_1_38' title='bbox 399 909 450 975; x_wconf 87' lang='lat' dir='ltr'><strong>Dc</strong></span> <span class='ocrx_word' id='word_1_39' title='bbox 471 909 620 975; x_wconf 76' lang='grc'><strong>11111111</strong></span> <span class='ocrx_word' id='word_1_40' title='bbox 642 910 781 975; x_wconf 73' lang='lat' dir='ltr'><strong><em>cessione.</em></strong></span> 
     </span>
    </p>
   </div>
   <div class='ocr_carea' id='block_1_5' title="bbox 109 1031 1101 1276">
    <p class='ocr_par' dir='ltr' id='par_1_5' title="bbox 109 1031 1101 1276">
     <span class='ocr_line' id='line_1_8' title="bbox 178 1031 1099 1119; baseline -0.002 -19"><span class='ocrx_word' id='word_1_41' title='bbox 178 1036 247 1100; x_wconf 89' lang='grc'><strong>142.</strong></span> <span class='ocrx_word' id='word_1_42' title='bbox 265 1034 303 1100; x_wconf 91' lang='lat' dir='ltr'><strong>D.</strong></span> <span class='ocrx_word' id='word_1_43' title='bbox 314 1035 368 1117; x_wconf 88' lang='grc'><strong>42,</strong></span> <span class='ocrx_word' id='word_1_44' title='bbox 379 1034 449 1118; x_wconf 88' lang='grc'><strong>3,4,</strong></span> <span class='ocrx_word' id='word_1_45' title='bbox 462 1037 489 1098; x_wconf 89' lang='grc'><strong>1.</strong></span> <span class='ocrx_word' id='word_1_46' title='bbox 524 1033 616 1098; x_wconf 89' lang='lat' dir='ltr'>Idem</span> <span class='ocrx_word' id='word_1_47' title='bbox 635 1031 694 1117; x_wconf 80' lang='lat' dir='ltr'><strong>(sc.</strong></span> <span class='ocrx_word' id='word_1_48' title='bbox 712 1032 887 1116; x_wconf 83' lang='lat' dir='ltr'>Ulpianus)</span> <span class='ocrx_word' id='word_1_49' title='bbox 908 1033 993 1098; x_wconf 90' lang='lat' dir='ltr'><strong>libro</strong></span> <span class='ocrx_word' id='word_1_50' title='bbox 1008 1034 1099 1119; x_wconf 89' lang='lat' dir='ltr'><strong>quin·</strong></span> 
     </span>
     <span class='ocr_line' id='line_1_9' title="bbox 109 1118 1101 1276; baseline 0.001 -90"><span class='ocrx_word' id='word_1_51' title='bbox 109 1124 295 1276; x_wconf 49' lang='lat' dir='ltr'><strong>gurgensimo</strong></span> <span class='ocrx_word' id='word_1_52' title='bbox 318 1144 405 1188; x_wconf 91' lang='lat' dir='ltr'><strong>nono</strong></span> <span class='ocrx_word' id='word_1_53' title='bbox 430 1124 469 1187; x_wconf 86' lang='lat' dir='ltr'><strong>ad</strong></span> <span class='ocrx_word' id='word_1_54' title='bbox 488 1122 629 1187; x_wconf 89' lang='lat' dir='ltr'><strong>edictum</strong></span> <span class='ocrx_word' id='word_1_55' title='bbox 648 1119 698 1208; x_wconf 86' lang='lat' dir='ltr'><strong>(P.</strong></span> <span class='ocrx_word' id='word_1_56' title='bbox 709 1118 826 1208; x_wconf 83' lang='lat'>1380).</span> <span class='ocrx_word' id='word_1_57' title='bbox 845 1157 889 1168; x_wconf 92' lang='lat'><em>-</em></span> <span class='ocrx_word' id='word_1_58' title='bbox 908 1120 1047 1187; x_wconf 84' lang='lat' dir='ltr'><strong>Sabinus</strong></span> <span class='ocrx_word' id='word_1_59' title='bbox 1067 1126 1101 1187; x_wconf 91' lang='grc'><strong>11</strong></span> 
     </span>
    </p>
   </div>
   <div class='ocr_carea' id='block_1_6' title="bbox 107 1206 1099 1386">
    <p class='ocr_par' dir='ltr' id='par_1_6' title="bbox 107 1206 1099 1386">
     <span class='ocr_line' id='line_1_10' title="bbox 129 1206 1099 1297; baseline 0 -22"><span class='ocrx_word' id='word_1_60' title='bbox 129 1212 215 1277; x_wconf 91' lang='lat' dir='ltr'><strong>assius</strong></span> <span class='ocrx_word' id='word_1_61' title='bbox 228 1212 389 1297; x_wconf 87' lang='lat' dir='ltr'><strong>putabant</strong></span> <span class='ocrx_word' id='word_1_62' title='bbox 403 1233 478 1276; x_wconf 88' lang='lat' dir='ltr'><strong>eum</strong></span> <span class='ocrx_word' id='word_1_63' title='bbox 492 1212 548 1296; x_wconf 91' lang='lat' dir='ltr'><strong>qui</strong></span> <span class='ocrx_word' id='word_1_64' title='bbox 562 1212 657 1276; x_wconf 89' lang='lat' dir='ltr'><strong>bonis</strong></span> <span class='ocrx_word' id='word_1_65' title='bbox 672 1211 771 1276; x_wconf 80' lang='lat' dir='ltr'><strong>cessit</strong></span> <span class='ocrx_word' id='word_1_66' title='bbox 785 1206 844 1296; x_wconf 88' lang='lat' dir='ltr'><strong>(sc.</strong></span> <span class='ocrx_word' id='word_1_67' title='bbox 860 1210 985 1293; x_wconf 82' lang='lat' dir='ltr'><strong>exlege</strong></span> <span class='ocrx_word' id='word_1_68' title='bbox 999 1208 1099 1297; x_wconf 86' lang='lat' dir='ltr'><strong>Iulia)</strong></span> 
     </span>
     <span class='ocr_line' id='line_1_11' title="bbox 107 1298 1056 1386; baseline 0.002 -24"><span class='ocrx_word' id='word_1_69' title='bbox 107 1320 137 1362; x_wconf 88' lang='lat' dir='ltr'><strong>ue</strong></span> <span class='ocrx_word' id='word_1_70' title='bbox 154 1300 274 1385; x_wconf 91' lang='lat' dir='ltr'><strong>quidem</strong></span> <span class='ocrx_word' id='word_1_71' title='bbox 298 1302 339 1367; x_wconf 90' lang='lat' dir='ltr'><strong>ab</strong></span> <span class='ocrx_word' id='word_1_72' title='bbox 364 1300 452 1383; x_wconf 90' lang='lat' dir='ltr'><strong>aliis,</strong></span> <span class='ocrx_word' id='word_1_73' title='bbox 476 1300 593 1386; x_wconf 90' lang='lat' dir='ltr'><strong>quibus</strong></span> <span class='ocrx_word' id='word_1_74' title='bbox 617 1300 726 1384; x_wconf 88' lang='lat' dir='ltr'><strong>debet,</strong></span> <span class='ocrx_word' id='word_1_75' title='bbox 750 1320 846 1383; x_wconf 91' lang='lat' dir='ltr'><strong>posse</strong></span> <span class='ocrx_word' id='word_1_76' title='bbox 868 1298 1056 1383; x_wconf 89' lang='lat' dir='ltr'><strong>inquietari.</strong></span> 
     </span>
    </p>
   </div>
   <div class='ocr_carea' id='block_1_7' title="bbox 268 1481 914 1560">
    <p class='ocr_par' dir='ltr' id='par_1_7' title="bbox 268 1481 914 1560">
     <span class='ocr_line' id='line_1_12' title="bbox 268 1481 914 1560; baseline 0 -19"><span class='ocrx_word' id='word_1_77' title='bbox 268 1483 321 1543; x_wconf 87' lang='lat' dir='ltr'><strong>VI.</strong></span> <span class='ocrx_word' id='word_1_78' title='bbox 353 1482 406 1542; x_wconf 84' lang='lat' dir='ltr'><strong>Ad</strong></span> <span class='ocrx_word' id='word_1_79' title='bbox 430 1483 588 1543; x_wconf 90' lang='grc'><strong>1111111</strong></span> <span class='ocrx_word' id='word_1_80' title='bbox 610 1481 794 1560; x_wconf 89' lang='lat' dir='ltr'><strong>praetoris</strong></span> <span class='ocrx_word' id='word_1_81' title='bbox 817 1481 914 1541; x_wconf 87' lang='lat' dir='ltr'><strong>libri.</strong></span> 
     </span>
    </p>
   </div>
   <div class='ocr_carea' id='block_1_8' title="bbox 106 1603 1186 2037">
    <p class='ocr_par' dir='ltr' id='par_1_8' title="bbox 106 1603 1186 2037">
     <span class='ocr_line' id='line_1_13' title="bbox 175 1603 1102 1684; baseline -0.004 -17"><span class='ocrx_word' id='word_1_82' title='bbox 175 1607 357 1684; x_wconf 77' lang='lat' dir='ltr'><strong>Quamquam</strong></span> <span class='ocrx_word' id='word_1_83' title='bbox 375 1609 431 1667; x_wconf 88' lang='lat' dir='ltr'><strong>hoc</strong></span> <span class='ocrx_word' id='word_1_84' title='bbox 449 1625 525 1684; x_wconf 93' lang='lat' dir='ltr'><strong>opus</strong></span> <span class='ocrx_word' id='word_1_85' title='bbox 543 1606 826 1680; x_wconf 73' lang='lat' dir='ltr'><strong>anullciaudatur,</strong></span> <span class='ocrx_word' id='word_1_86' title='bbox 844 1609 948 1665; x_wconf 88' lang='lat' dir='ltr'><strong>tamen</strong></span> <span class='ocrx_word' id='word_1_87' title='bbox 962 1603 1102 1666; x_wconf 79' lang='lat' dir='ltr'><strong>Gessium</strong></span> 
     </span>
     <span class='ocr_line' id='line_1_14' title="bbox 108 1694 1100 1773; baseline 0.002 -21"><span class='ocrx_word' id='word_1_88' title='bbox 108 1694 230 1756; x_wconf 89' lang='lat' dir='ltr'><strong>eiusnodi</strong></span> <span class='ocrx_word' id='word_1_89' title='bbox 260 1696 355 1756; x_wconf 88' lang='lat' dir='ltr'><strong>libros</strong></span> <span class='ocrx_word' id='word_1_90' title='bbox 388 1694 543 1771; x_wconf 77' lang='lat' dir='ltr'><strong>scripsisse</strong></span> <span class='ocrx_word' id='word_1_91' title='bbox 576 1695 756 1773; x_wconf 79' lang='lat' dir='ltr'><strong>fragmentis</strong></span> <span class='ocrx_word' id='word_1_92' title='bbox 793 1694 985 1773; x_wconf 84' lang='lat' dir='ltr'><strong>quibusdam,</strong></span> <span class='ocrx_word' id='word_1_93' title='bbox 1023 1713 1100 1771; x_wconf 90' lang='lat' dir='ltr'><strong>quae</strong></span> 
     </span>
     <span class='ocr_line' id='line_1_15' title="bbox 106 1781 1100 1861; baseline 0.001 -22"><span class='ocrx_word' id='word_1_94' title='bbox 106 1781 162 1843; x_wconf 89' lang='lat' dir='ltr'><strong>iuris</strong></span> <span class='ocrx_word' id='word_1_95' title='bbox 190 1785 284 1844; x_wconf 89' lang='lat' dir='ltr'><strong>civilis</strong></span> <span class='ocrx_word' id='word_1_96' title='bbox 312 1783 398 1844; x_wconf 87' lang='lat' dir='ltr'><strong>libris</strong></span> <span class='ocrx_word' id='word_1_97' title='bbox 425 1785 508 1843; x_wconf 85' lang='lat' dir='ltr'><strong>nullo</strong></span> <span class='ocrx_word' id='word_1_98' title='bbox 536 1784 624 1843; x_wconf 91' lang='lat' dir='ltr'><strong>modo</strong></span> <span class='ocrx_word' id='word_1_99' title='bbox 653 1784 780 1844; x_wconf 77' lang='lat' dir='ltr'><strong>attribui</strong></span> <span class='ocrx_word' id='word_1_100' title='bbox 806 1786 947 1861; x_wconf 82' lang='lat' dir='ltr'><strong>possunt,</strong></span> <span class='ocrx_word' id='word_1_101' title='bbox 979 1782 1100 1843; x_wconf 84' lang='lat' dir='ltr'><strong>videtur</strong></span> 
     </span>
     <span class='ocr_line' id='line_1_16' title="bbox 106 1871 1186 1951; baseline -0.001 -21"><span class='ocrx_word' id='word_1_102' title='bbox 106 1872 216 1950; x_wconf 86' lang='lat' dir='ltr'><strong>probari;</strong></span> <span class='ocrx_word' id='word_1_103' title='bbox 252 1892 329 1950; x_wconf 87' lang='lat' dir='ltr'><strong>quae</strong></span> <span class='ocrx_word' id='word_1_104' title='bbox 365 1874 536 1951; x_wconf 82' lang='lat' dir='ltr'><strong>fragmenta</strong></span> <span class='ocrx_word' id='word_1_105' title='bbox 575 1873 721 1932; x_wconf 83' lang='lat' dir='ltr'><strong>collocavi</strong></span> <span class='ocrx_word' id='word_1_106' title='bbox 757 1873 921 1932; x_wconf 88' lang='lat' dir='ltr'><strong>secundum</strong></span> <span class='ocrx_word' id='word_1_107' title='bbox 956 1871 1100 1948; x_wconf 82' lang='lat' dir='ltr'><strong>ordinem,</strong></span> <span class='ocrx_word' id='word_1_108' title='bbox 1184 1904 1186 1909; x_wconf 59' lang='lat'>&lt;</span> 
     </span>
     <span class='ocr_line' id='line_1_17' title="bbox 106 1961 874 2037; baseline 0.001 -19"><span class='ocrx_word' id='word_1_109' title='bbox 106 1979 175 2034; x_wconf 88' lang='lat' dir='ltr'><strong>quom</strong></span> <span class='ocrx_word' id='word_1_110' title='bbox 195 1961 330 2021; x_wconf 88' lang='lat' dir='ltr'><strong>Iulianus</strong></span> <span class='ocrx_word' id='word_1_111' title='bbox 353 1961 384 2019; x_wconf 89' lang='lat' dir='ltr'><strong>in</strong></span> <span class='ocrx_word' id='word_1_112' title='bbox 407 1962 505 2021; x_wconf 90' lang='lat' dir='ltr'><strong>edicto</strong></span> <span class='ocrx_word' id='word_1_113' title='bbox 529 1961 732 2037; x_wconf 88' lang='lat' dir='ltr'><strong>componendo</strong></span> <span class='ocrx_word' id='word_1_114' title='bbox 756 1963 874 2020; x_wconf 82' lang='lat' dir='ltr'><strong>statuit.</strong></span> 
     </span>
    </p>
   </div>
   <div class='ocr_carea' id='block_1_9' title="bbox 318 2139 865 2213">
    <p class='ocr_par' dir='ltr' id='par_1_9' title="bbox 318 2139 865 2213">
     <span class='ocr_line' id='line_1_18' title="bbox 318 2139 865 2213; baseline 0 -15"><span class='ocrx_word' id='word_1_115' title='bbox 318 2139 365 2198; x_wconf 88' lang='lat' dir='ltr'><strong>Dc</strong></span> <span class='ocrx_word' id='word_1_116' title='bbox 386 2141 551 2199; x_wconf 81' lang='lat' dir='ltr'><strong>vadimonio</strong></span> <span class='ocrx_word' id='word_1_117' title='bbox 573 2139 701 2198; x_wconf 83' lang='lat' dir='ltr'><strong>Romam</strong></span> <span class='ocrx_word' id='word_1_118' title='bbox 722 2139 865 2213; x_wconf 75' lang='lat' dir='ltr'><strong>faciendo.</strong></span> 
     </span>
    </p>
   </div>
   <div class='ocr_carea' id='block_1_10' title="bbox 100 2247 1103 2778">
    <p class='ocr_par' dir='ltr' id='par_1_10' title="bbox 100 2247 1103 2778">
     <span class='ocr_line' id='line_1_19' title="bbox 179 2247 1102 2334; baseline -0.004 -20"><span class='ocrx_word' id='word_1_119' title='bbox 179 2251 205 2314; x_wconf 90' lang='lat'><strong>1.</strong></span> <span class='ocrx_word' id='word_1_120' title='bbox 237 2249 481 2333; x_wconf 78' lang='lat' dir='ltr'><strong>D.2,1‚11pr.</strong></span> <span class='ocrx_word' id='word_1_121' title='bbox 527 2247 628 2313; x_wconf 86' lang='lat' dir='ltr'><strong>Gaius</strong></span> <span class='ocrx_word' id='word_1_122' title='bbox 654 2249 739 2314; x_wconf 90' lang='lat' dir='ltr'><strong>libro</strong></span> <span class='ocrx_word' id='word_1_123' title='bbox 766 2247 873 2334; x_wconf 88' lang='lat' dir='ltr'><strong>primo</strong></span> <span class='ocrx_word' id='word_1_124' title='bbox 898 2247 939 2311; x_wconf 89' lang='lat' dir='ltr'><strong>ad</strong></span> <span class='ocrx_word' id='word_1_125' title='bbox 962 2247 1102 2311; x_wconf 89' lang='lat' dir='ltr'><strong>edictum</strong></span> 
     </span>
     <span class='ocr_line' id='line_1_20' title="bbox 102 2335 1102 2423; baseline 0.001 -24"><span class='ocrx_word' id='word_1_126' title='bbox 102 2338 284 2417; x_wconf 82' lang='lat' dir='ltr'><strong>provinciale</strong></span> <span class='ocrx_word' id='word_1_127' title='bbox 313 2336 363 2423; x_wconf 80' lang='lat' dir='ltr'><strong>(P.</strong></span> <span class='ocrx_word' id='word_1_128' title='bbox 377 2337 444 2421; x_wconf 83' lang='lat'>56).</span> <span class='ocrx_word' id='word_1_129' title='bbox 468 2373 509 2384; x_wconf 92' lang='lat'>—</span> <span class='ocrx_word' id='word_1_130' title='bbox 535 2335 571 2402; x_wconf 79' lang='lat' dir='ltr'><strong>si</strong></span> <span class='ocrx_word' id='word_1_131' title='bbox 597 2337 683 2403; x_wconf 89' lang='lat' dir='ltr'><strong>idem</strong></span> <span class='ocrx_word' id='word_1_132' title='bbox 711 2360 784 2403; x_wconf 91' lang='lat' dir='ltr'><strong>cum</strong></span> <span class='ocrx_word' id='word_1_133' title='bbox 812 2336 925 2400; x_wconf 90' lang='lat' dir='ltr'><strong>eodem</strong></span> <span class='ocrx_word' id='word_1_134' title='bbox 953 2335 1102 2420; x_wconf 90' lang='lat' dir='ltr'><strong>pluribus</strong></span> 
     </span>
     <span class='ocr_line' id='line_1_21' title="bbox 102 2424 1103 2512; baseline -0.001 -24"><span class='ocrx_word' id='word_1_135' title='bbox 102 2427 267 2492; x_wconf 87' lang='lat' dir='ltr'><strong>actionibus</strong></span> <span class='ocrx_word' id='word_1_136' title='bbox 301 2431 392 2512; x_wconf 83' lang='lat' dir='ltr'><strong>agat,</strong></span> <span class='ocrx_word' id='word_1_137' title='bbox 425 2448 561 2511; x_wconf 87' lang='lat' dir='ltr'><strong>quarum</strong></span> <span class='ocrx_word' id='word_1_138' title='bbox 591 2427 791 2511; x_wconf 84' lang='lat' dir='ltr'><strong>singularum</strong></span> <span class='ocrx_word' id='word_1_139' title='bbox 821 2425 987 2511; x_wconf 87' lang='lat' dir='ltr'><strong>quantitas</strong></span> <span class='ocrx_word' id='word_1_140' title='bbox 1015 2424 1103 2488; x_wconf 87' lang='lat' dir='ltr'><strong>intra</strong></span> 
     </span>
     <span class='ocr_line' id='line_1_22' title="bbox 100 2512 1102 2598; baseline 0.002 -24"><span class='ocrx_word' id='word_1_141' title='bbox 100 2512 342 2580; x_wconf 89' lang='lat' dir='ltr'><strong>iurisdictionem</strong></span> <span class='ocrx_word' id='word_1_142' title='bbox 365 2515 537 2580; x_wconf 90' lang='lat' dir='ltr'><strong>iudicantis</strong></span> <span class='ocrx_word' id='word_1_143' title='bbox 562 2515 615 2598; x_wconf 82' lang='lat' dir='ltr'><strong>sit,</strong></span> <span class='ocrx_word' id='word_1_144' title='bbox 638 2515 840 2580; x_wconf 77' lang='lat' dir='ltr'><strong>coacervatio</strong></span> <span class='ocrx_word' id='word_1_145' title='bbox 859 2536 935 2578; x_wconf 87' lang='lat' dir='ltr'><strong>vero</strong></span> <span class='ocrx_word' id='word_1_146' title='bbox 956 2513 1102 2578; x_wconf 91' lang='lat' dir='ltr'><strong>omnium</strong></span> 
     </span>
     <span class='ocr_line' id='line_1_23' title="bbox 101 2603 1102 2688; baseline 0.002 -25"><span class='ocrx_word' id='word_1_147' title='bbox 101 2605 219 2669; x_wconf 84' lang='lat' dir='ltr'><strong>excedat</strong></span> <span class='ocrx_word' id='word_1_148' title='bbox 236 2603 368 2669; x_wconf 92' lang='lat' dir='ltr'><strong>modum</strong></span> <span class='ocrx_word' id='word_1_149' title='bbox 387 2604 620 2669; x_wconf 90' lang='lat' dir='ltr'><strong>iurisdictionis</strong></span> <span class='ocrx_word' id='word_1_150' title='bbox 639 2603 718 2687; x_wconf 88' lang='lat' dir='ltr'><strong>eius,</strong></span> <span class='ocrx_word' id='word_1_151' title='bbox 737 2603 821 2688; x_wconf 90' lang='lat' dir='ltr'><strong>apud</strong></span> <span class='ocrx_word' id='word_1_152' title='bbox 841 2625 913 2667; x_wconf 87' lang='lat' dir='ltr'><strong>eum</strong></span> <span class='ocrx_word' id='word_1_153' title='bbox 933 2603 988 2687; x_wconf 84' lang='lat' dir='ltr'><strong>agi</strong></span> <span class='ocrx_word' id='word_1_154' title='bbox 1006 2623 1102 2686; x_wconf 90' lang='lat' dir='ltr'><strong>posse</strong></span> 
     </span>
     <span class='ocr_line' id='line_1_24' title="bbox 100 2687 662 2778; baseline 0.007 -25"><span class='ocrx_word' id='word_1_155' title='bbox 100 2687 207 2757; x_wconf 84' lang='lat' dir='ltr'><strong>Sabino</strong></span> <span class='ocrx_word' id='word_1_156' title='bbox 231 2690 345 2758; x_wconf 79' lang='lat' dir='ltr'><strong>Cassio</strong></span> <span class='ocrx_word' id='word_1_157' title='bbox 368 2691 506 2758; x_wconf 88' lang='lat' dir='ltr'><strong>Proculo</strong></span> <span class='ocrx_word' id='word_1_158' title='bbox 530 2692 662 2778; x_wconf 88' lang='lat' dir='ltr'><strong>placuit.</strong></span> 
     </span>
    </p>
   </div>
   <div class='ocr_carea' id='block_1_11' title="bbox 98 2801 1102 2979">
    <p class='ocr_par' dir='ltr' id='par_1_11' title="bbox 98 2801 1102 2979">
     <span class='ocr_line' id='line_1_25' title="bbox 174 2801 1102 2891; baseline 0 -21"><span class='ocrx_word' id='word_1_159' title='bbox 174 2812 232 2873; x_wconf 89' lang='lat' dir='ltr'><strong>Pro</strong></span> <span class='ocrx_word' id='word_1_160' title='bbox 274 2806 459 2873; x_wconf 72' lang='lat' dir='ltr'><strong>‘iudicantis&#39;</strong></span> <span class='ocrx_word' id='word_1_161' title='bbox 495 2813 587 2872; x_wconf 87' lang='lat' dir='ltr'><strong>Lenel</strong></span> <span class='ocrx_word' id='word_1_162' title='bbox 625 2811 734 2873; x_wconf 84' lang='lat' dir='ltr'><strong>Gaium</strong></span> <span class='ocrx_word' id='word_1_163' title='bbox 776 2804 949 2871; x_wconf 72' lang='lat' dir='ltr'><strong>‘duumviri&#39;</strong></span> <span class='ocrx_word' id='word_1_164' title='bbox 988 2801 1102 2891; x_wconf 91' lang='lat' dir='ltr'><strong>(potius</strong></span> 
     </span>
     <span class='ocr_line' id='line_1_26' title="bbox 98 2897 646 2979; baseline 0.007 -23"><span class='ocrx_word' id='word_1_165' title='bbox 98 2897 326 2979; x_wconf 84' lang='lat' dir='ltr'><strong>duumvirorum)</strong></span> <span class='ocrx_word' id='word_1_166' title='bbox 352 2902 505 2978; x_wconf 88' lang='lat' dir='ltr'><strong>scripsisse</strong></span> <span class='ocrx_word' id='word_1_167' title='bbox 530 2902 646 2961; x_wconf 91' lang='lat' dir='ltr'><strong>conicit.</strong></span> 
     </span>
    </p>
   </div>
   <div class='ocr_carea' id='block_1_12' title="bbox 94 2999 1105 3620">
    <p class='ocr_par' dir='ltr' id='par_1_12' title="bbox 94 2999 1105 3620">
     <span class='ocr_line' id='line_1_27' title="bbox 174 2999 1105 3083; baseline -0.004 -16"><span class='ocrx_word' id='word_1_168' title='bbox 174 3003 204 3067; x_wconf 92' lang='grc'><strong>2.</strong></span> <span class='ocrx_word' id='word_1_169' title='bbox 241 3002 279 3066; x_wconf 91' lang='lat' dir='ltr'><strong>D.</strong></span> <span class='ocrx_word' id='word_1_170' title='bbox 298 3003 376 3067; x_wconf 87' lang='lat' dir='ltr'><strong>ibid.</strong></span> <span class='ocrx_word' id='word_1_171' title='bbox 394 3004 414 3083; x_wconf 63' lang='grc' dir='ltr'><strong>ξ</strong></span> <span class='ocrx_word' id='word_1_172' title='bbox 432 3004 463 3069; x_wconf 92' lang='grc'><strong>2.</strong></span> <span class='ocrx_word' id='word_1_173' title='bbox 492 3036 534 3049; x_wconf 88' lang='lat'>-</span> <span class='ocrx_word' id='word_1_174' title='bbox 564 3001 598 3066; x_wconf 84' lang='lat' dir='ltr'><strong>Si</strong></span> <span class='ocrx_word' id='word_1_175' title='bbox 629 3024 696 3066; x_wconf 88' lang='lat' dir='ltr'><strong>una</strong></span> <span class='ocrx_word' id='word_1_176' title='bbox 729 3002 814 3066; x_wconf 91' lang='lat' dir='ltr'><strong>actio</strong></span> <span class='ocrx_word' id='word_1_177' title='bbox 847 3001 1026 3065; x_wconf 90' lang='lat' dir='ltr'><strong>communis</strong></span> <span class='ocrx_word' id='word_1_178' title='bbox 1060 2999 1105 3064; x_wconf 89' lang='lat' dir='ltr'><strong>sit</strong></span> 
     </span>
     <span class='ocr_line' id='line_1_28' title="bbox 97 3089 1104 3177; baseline -0.001 -24"><span class='ocrx_word' id='word_1_179' title='bbox 97 3090 228 3172; x_wconf 89' lang='lat' dir='ltr'><strong>plurium</strong></span> <span class='ocrx_word' id='word_1_180' title='bbox 252 3113 473 3177; x_wconf 88' lang='lat' dir='ltr'><strong>personarum,</strong></span> <span class='ocrx_word' id='word_1_181' title='bbox 496 3090 596 3155; x_wconf 87' lang='lat' dir='ltr'><strong>veluti</strong></span> <span class='ocrx_word' id='word_1_182' title='bbox 618 3090 761 3156; x_wconf 85' lang='lat' dir='ltr'><strong>familiae</strong></span> <span class='ocrx_word' id='word_1_183' title='bbox 781 3089 997 3172; x_wconf 88' lang='lat' dir='ltr'><strong>erciscundae,</strong></span> <span class='ocrx_word' id='word_1_184' title='bbox 1020 3109 1104 3154; x_wconf 91' lang='lat' dir='ltr'><strong>com-</strong></span> 
     </span>
     <span class='ocr_line' id='line_1_29' title="bbox 97 3177 1104 3265; baseline -0.001 -25"><span class='ocrx_word' id='word_1_185' title='bbox 97 3180 178 3244; x_wconf 88' lang='lat' dir='ltr'><strong>muni</strong></span> <span class='ocrx_word' id='word_1_186' title='bbox 202 3180 392 3264; x_wconf 85' lang='lat' dir='ltr'><strong>dividundo,</strong></span> <span class='ocrx_word' id='word_1_187' title='bbox 421 3181 535 3244; x_wconf 89' lang='lat' dir='ltr'><strong>finium</strong></span> <span class='ocrx_word' id='word_1_188' title='bbox 558 3179 791 3265; x_wconf 83' lang='lat' dir='ltr'><strong>regundorum,</strong></span> <span class='ocrx_word' id='word_1_189' title='bbox 818 3183 927 3242; x_wconf 89' lang='lat' dir='ltr'><strong>utrum</strong></span> <span class='ocrx_word' id='word_1_190' title='bbox 955 3177 1104 3261; x_wconf 86' lang='lat' dir='ltr'><strong>singulae</strong></span> 
     </span>
     <span class='ocr_line' id='line_1_30' title="bbox 95 3265 1104 3354; baseline -0.002 -24"><span class='ocrx_word' id='word_1_191' title='bbox 95 3274 196 3350; x_wconf 88' lang='lat' dir='ltr'><strong>partes</strong></span> <span class='ocrx_word' id='word_1_192' title='bbox 225 3268 421 3354; x_wconf 88' lang='lat' dir='ltr'><strong>spectandae</strong></span> <span class='ocrx_word' id='word_1_193' title='bbox 449 3274 526 3334; x_wconf 90' lang='lat' dir='ltr'><strong>sunt</strong></span> <span class='ocrx_word' id='word_1_194' title='bbox 555 3269 640 3333; x_wconf 85' lang='lat' dir='ltr'><strong>circa</strong></span> <span class='ocrx_word' id='word_1_195' title='bbox 666 3267 923 3333; x_wconf 90' lang='lat' dir='ltr'><strong>iurisdictionem</strong></span> <span class='ocrx_word' id='word_1_196' title='bbox 951 3266 1020 3332; x_wconf 90' lang='lat' dir='ltr'><strong>eius</strong></span> <span class='ocrx_word' id='word_1_197' title='bbox 1048 3265 1104 3349; x_wconf 93' lang='lat' dir='ltr'><strong>qui</strong></span> 
     </span>
     <span class='ocr_line' id='line_1_31' title="bbox 95 3354 1104 3442; baseline -0.003 -24"><span class='ocrx_word' id='word_1_198' title='bbox 95 3359 255 3440; x_wconf 91' lang='lat' dir='ltr'><strong>cognoscit</strong></span> <span class='ocrx_word' id='word_1_199' title='bbox 280 3407 344 3436; x_wconf 90' lang='lat'><strong><em>...,</em></strong></span> <span class='ocrx_word' id='word_1_200' title='bbox 364 3380 405 3421; x_wconf 89' lang='lat' dir='ltr'><strong>an</strong></span> <span class='ocrx_word' id='word_1_201' title='bbox 428 3358 538 3441; x_wconf 91' lang='lat' dir='ltr'><strong>potius</strong></span> <span class='ocrx_word' id='word_1_202' title='bbox 562 3360 634 3421; x_wconf 88' lang='lat' dir='ltr'><strong>tota</strong></span> <span class='ocrx_word' id='word_1_203' title='bbox 656 3378 721 3437; x_wconf 90' lang='lat' dir='ltr'><strong>res,</strong></span> <span class='ocrx_word' id='word_1_204' title='bbox 744 3356 821 3442; x_wconf 91' lang='lat' dir='ltr'><strong>quia</strong></span> <span class='ocrx_word' id='word_1_205' title='bbox 845 3360 878 3420; x_wconf 94' lang='grc'><strong>11</strong></span> <span class='ocrx_word' id='word_1_206' title='bbox 900 3360 972 3420; x_wconf 90' lang='grc'><strong>1111</strong></span> <span class='ocrx_word' id='word_1_207' title='bbox 994 3376 1046 3418; x_wconf 88' lang='grc'><strong>111</strong></span> <span class='ocrx_word' id='word_1_208' title='bbox 1071 3354 1104 3416; x_wconf 87' lang='grc'><strong>11</strong></span> 
     </span>
     <span class='ocr_line' id='line_1_32' title="bbox 94 3441 1104 3527; baseline -0.003 -20"><span class='ocrx_word' id='word_1_209' title='bbox 94 3445 239 3510; x_wconf 89' lang='grc'><strong>11111111</strong></span> <span class='ocrx_word' id='word_1_210' title='bbox 276 3447 368 3510; x_wconf 87' lang='lat' dir='ltr'><strong>venit</strong></span> <span class='ocrx_word' id='word_1_211' title='bbox 405 3452 437 3511; x_wconf 89' lang='lat' dir='ltr'><strong>et</strong></span> <span class='ocrx_word' id='word_1_212' title='bbox 474 3446 526 3510; x_wconf 86' lang='lat' dir='ltr'><strong>vel</strong></span> <span class='ocrx_word' id='word_1_213' title='bbox 562 3444 619 3511; x_wconf 91' lang='lat' dir='ltr'><strong>uni</strong></span> <span class='ocrx_word' id='word_1_214' title='bbox 652 3444 828 3510; x_wconf 88' lang='lat' dir='ltr'><strong>adiudicari</strong></span> <span class='ocrx_word' id='word_1_215' title='bbox 861 3448 982 3527; x_wconf 87' lang='lat' dir='ltr'><strong>potest,</strong></span> <span class='ocrx_word' id='word_1_216' title='bbox 1019 3441 1104 3524; x_wconf 91' lang='lat' dir='ltr'><strong>quod</strong></span> 
     </span>
     <span class='ocr_line' id='line_1_33' title="bbox 94 3529 416 3620; baseline 0.006 -23"><span class='ocrx_word' id='word_1_217' title='bbox 94 3529 202 3598; x_wconf 79' lang='lat' dir='ltr'><strong>Cassio</strong></span> <span class='ocrx_word' id='word_1_218' title='bbox 302 3536 416 3620; x_wconf 88' lang='lat' dir='ltr'><strong>placet.</strong></span> 
     </span>
    </p>
   </div>
   <div class='ocr_carea' id='block_1_13' title="bbox 0 0 1220 3944">
    <p class='ocr_par' dir='ltr' id='par_1_13' title="bbox 0 0 1220 3944">
     <span class='ocr_line' id='line_1_34' title="bbox 0 0 1220 3944; baseline 0 6"><span class='ocrx_word' id='word_1_219' title='bbox 0 0 1220 3944; x_wconf 95' lang='lat' dir='ltr'><strong> </strong></span> 
     </span>
    </p>
   </div>
  </div>
 </body>
</html>
