2430 3944
97 170 141 233 24
167 170 214 224 III.
230 169 307 225 GAlI
321 169 469 225 CLAUDII
482 167 619 224 NERON.
630 167 775 224 GALBAE
785 168 891 224 TEMP.
901 169 998 224 suala
1009 167 1110 224 CONS.

99 331 240 397 Sabinus
280 332 408 397 dicebat
439 332 520 396 utile
553 331 634 396 mihi
666 331 735 396 eius
767 332 852 396 dotia
884 331 1113 416 reciperandae

97 421 250 486 iudicium
276 421 417 486 dandum
440 442 524 507 esse3
549 418 649 485 Gaius
673 420 767 484 idem.

288 622 335 680 Dc
358 623 511 681 donatione
533 624 607 681 tuter
630 623 727 680 otram
750 625 776 680 et
796 639 923 681 armam.

188 739 239 804 11.
267 738 306 804 Ι).
325 741 378 818 41,
397 739 427 823 6,
448 740 477 824 1,
492 741 521 803 2.
567 739 687 803 Paulus
711 738 796 803 libro
820 739 1113 824 quinquagensimo

97 834 214 911 quarto
245 828 285 892 ad
314 829 454 893 edictum
482 824 532 914 (P.
552 824 642 914 665).
669 864 713 874 —-
741 875 771 892 ..
791 829 819 892 ei
847 828 896 891 vir
922 829 1014 892 uxori
1044 850 1113 892 rem

96 916 267 981 donaverit
295 921 328 981 et
355 916 529 981 divortium
560 916 789 997 intercesserit,
817 938 942 980 cessare
964 917 1114 1002 usucapi-

97 1028 192 1070 onem
216 1003 349 1070 Cassius
377 1005 558 1089 respondit,
587 1006 741 1089 quoniam
765 1027 831 1069 non
854 1006 957 1088 possit
981 1026 1114 1070 causam

96 1094 310 1177 possessionis
335 1094 489 1176 sibiipsa
510 1097 645 1158 mutare.
678 1094 757 1157 alias
778 1093 824 1158 ait
842 1097 918 1178 post
937 1094 1113 1158 divortium

96 1184 142 1246 ita
170 1186 416 1266 usucapturem,
448 1183 476 1246 si
504 1205 576 1248 eam
609 1183 746 1247 maritus
780 1183 991 1266 concesserit,
1018 1183 1114 1267 quasi

96 1293 182 1336 nunc
207 1271 344 1335 donasse
368 1271 586 1354 intellegatur.

186 1398 282 1458 Cassii
310 1400 492 1459 sententiam
520 1401 558 1458 ad
585 1400 661 1477 legis
686 1398 804 1459 Cinciae
832 1403 994 1476 praecepta
1017 1400 1114 1476 respi-

97 1488 225 1546 cientem
245 1507 263 1546 a
282 1488 463 1547 Triboniano
483 1493 655 1565 corruptam
675 1507 739 1548 esse
754 1489 877 1548 Pernice
900 1488 966 1548 iure
989 1489 1114 1548 videtur

97 1595 225 1637 censere.

517 1677 568 1743 De
588 1678 694 1759 furtis.

188 1801 237 1866 12.
262 1800 301 1865 D.
314 1803 368 1884 41,
382 1803 413 1884 2,
428 1803 457 1883 3,
475 1803 524 1867 18.
566 1802 687 1867 Paulus
712 1802 796 1867 libro
820 1803 1115 1887 quinquagensimo

96 1896 211 1974 quarto
241 1890 282 1954 ad
311 1889 452 1955 edictum
476 1888 526 1978 (P.
542 1887 646 1978 ooth).
668 1927 713 1938 —
737 1889 771 1956 Si
800 1913 869 1956 rem
893 1891 978 1974 apud
1001 1895 1035 1955 te
1059 1892 1114 1956 de-

95 1980 238 2063 positam
273 1978 354 2043 furti
388 1979 529 2044 faciendi
566 2002 663 2044 causa
696 1979 958 2062 contrectaveris,
1000 1979 1115 2046 desino

96 2068 271 2152 possidere.
317 2068 373 2132 sed
398 2067 426 2133 si
449 2090 520 2133 eam
545 2070 615 2134 loco
639 2091 706 2133 non
731 2069 868 2133 moveris
893 2073 926 2133 et
948 2068 1115 2134 infitiandi

97 2157 240 2221 animum
258 2156 390 2239 habeas,
408 2157 553 2241 plerique
571 2161 716 2221 veterum
731 2161 764 2222 et
780 2155 917 2222 Sabinus
933 2160 966 2221 et
980 2156 1114 2223 Cassius

96 2244 379 2328 ..responderunt
401 2267 621 2328 possessorem
645 2267 697 2311 me
721 2267 864 2329 manere,
887 2245 964 2329 quia
986 2246 1112 2310 furtum

97 2333 166 2396 sine
191 2332 445 2396 contrectatione
469 2333 538 2396 fieri
562 2355 626 2397 non
650 2338 759 2417 potest
781 2355 841 2399 neo
861 2335 970 2398 animo
990 2334 1114 2400 furtum

97 2421 295 2485 admittatur.

473 2526 524 2592 De
545 2530 739 2594 condictione.

189 2650 240 2714 13.
263 2648 301 2714 D.
316 2649 369 2733 44,
384 2650 414 2733 5,
430 2652 459 2732 1,
475 2651 525 2716 10.
563 2651 724 2735 Ulpianus
742 2653 828 2718 libro
848 2651 1115 2736 septuagensimo

97 2741 188 2802 sexto
213 2738 253 2801 ad
273 2739 413 2802 edietum
432 2738 481 2825 (P.
498 2737 609 2829 1684).
629 2778 672 2790 -
691 2743 765 2807 ..ai
782 2745 938 2826 patronus
957 2740 1113 2804 libertum

98 2849 192 2890 suum
226 2827 424 2911 delegaverit
458 2830 623 2913 creditori,
656 2853 698 2894 an
732 2831 883 2894 adversus
912 2828 1114 2911 creditorem,

98 2914 151 2980 eui
175 2916 343 3001 delegatus
365 2917 515 2999 promisit
537 2919 702 2984 libertatis
726 2940 824 2983 causa
844 2917 1036 3001 onerandae,
1060 2939 1113 2981 ex-

98 3004 246 3087 ceptione
269 3004 335 3069 ista
358 3005 408 3069 uti
429 3008 543 3091 possit,
567 3008 743 3072 videamus.
785 3011 818 3071 et
835 3005 983 3072 Cassium
1002 3005 1113 3070 existi-

98 3113 205 3156 masse
223 3090 375 3157 Urseius1
397 3094 497 3158 refert
520 3096 713 3162 creditorem
736 3096 864 3180 quidem
889 3095 1022 3158 minime
1041 3115 1113 3159 esse

98 3179 353 3246 submovendum
377 3183 577 3267 exceptione,
606 3186 683 3270 quia
706 3207 800 3249 auum
824 3183 958 3267 recepit3
987 3204 1112 3247 verum-

96 3272 208 3334 tamen
249 3270 403 3335 libertum
444 3277 583 3356 patrono
623 3295 720 3357 posse
757 3272 925 3338 condicere
964 3272 1008 3351 [si
1045 3292 1112 3335 non

95 3358 327 3444 transigendae
351 3364 590 3426 controversiae
615 3362 722 3446 gratia
744 3362 776 3425 id
800 3361 901 3442 fecit].
994 3418 996 3423 .

168 3539 183 3584 1
208 3532 255 3587 ΡΖ.
275 3531 387 3588 Cassius
406 3535 581 3591 existimasse
598 3535 735 3592 Urseium.
