2430 3944
99 170 143 234 42
171 171 218 226 ΙΠ.
233 170 310 225 GAII
324 169 472 226 CLAUDII
484 169 621 225 NERON.
632 171 776 226 GALBAE
786 170 893 226 TEMP.
904 171 1000 226 IURIS
1011 171 1115 228 CONS.

98 334 243 420 legatum
266 340 361 419 esset,
339 335 452 398 tsive
477 335 517 398 ab
542 334 694 399 omnibus
718 337 850 417 excepto
876 335 995 419 aliquo,
1019 333 1118 400 Atili·

98 423 189 488 einus
210 422 347 488 Sabinus
364 422 494 488 Cassius
513 445 573 507 pro
591 423 797 488 hereditariis
816 424 979 506 partibus
985 426 1116 488 tontum

98 534 153 577 eos
172 513 317 597 legatum
337 512 426 576 debit
412 517 503 576 turos
523 512 623 595 aiunt,
642 512 718 596 quia
731 511 857 575 heredit
843 516 894 576 tas
909 533 964 577 eos
979 512 1116 600 obligat.

187 603 239 668 20.
276 600 315 666 D
334 562 744 685 35‚1‚54.1alolenus
783 601 866 665 libro
904 601 1044 665 secundo
1078 624 1117 666 ex

99 687 212 755 Cassio
234 688 283 772 (P.
299 689 424 775 12).-
386 687 481 753 -Si
505 691 576 773 quis
597 690 716 774 legata,
740 689 857 772 quibus
877 688 945 753 dies
965 689 1117 774 adposita

97 800 163 843 non
187 782 281 862 esset,
305 800 412 842 annua
435 778 561 841 bimat
547 777 646 841 trima
668 778 719 841 die
743 777 813 842 dari
834 777 931 843 iussit
954 782 988 842 et
1009 777 1116 862 alicui,

98 889 171 932 cum
189 868 290 951 pubes
311 870 404 948 esset,
429 867 600 950 pecuniam
618 866 750 952 legavit,
769 867 803 930 id
822 888 950 951 quoque
968 868 1116 952 legatum

98 978 205 1020 annua
233 956 321 1020 bima
349 956 447 1018 trima
474 955 525 1019 die
552 959 628 1039 post
655 956 860 1038 pubertatem
883 955 1115 1039 praestandum

98 1066 167 1109 esse
195 1045 229 1108 in
257 1043 497 1109 commentariis
525 1042 599 1108 Gaii
628 1044 785 1127 scriptum
813 1047 877 1126 est,
907 1045 984 1128 quia
1010 1045 1116 1130 magis

97 1133 244 1213 condicio
268 1155 366 1215 quam
389 1132 458 1196 dies
481 1132 590 1217 legato
615 1132 740 1197 adiecta
764 1137 858 1197 esset.

188 1223 239 1286 21.
259 1219 299 1285 D.
309 1223 361 1302 36,
371 1222 402 1304 2,
414 1222 465 1302 12,
477 1222 505 1285 1.
538 1220 698 1305 Ulpianus
717 1221 801 1285 libro
820 1221 997 1286 vicensimo
1017 1223 1115 1286 tertio

97 1309 138 1374 ad
167 1309 324 1375 Sabinum
352 1307 401 1396 (P.
421 1305 549 1392 recob).
579 1347 621 1356 —
654 1360 688 1375 ..
716 1308 825 1374 Labeo
854 1308 995 1374 Sabinus
1024 1314 1058 1375 et
1085 1359 1115 1375 ..

98 1395 229 1464 Cassius
253 1447 282 1463 ..
306 1399 341 1461 in
365 1399 531 1479 omnibus,
558 1399 698 1483 quaein
722 1420 824 1464 annos
848 1399 994 1483 singulos
1017 1400 1115 1464 relin-

97 1491 247 1570 quuntur,
264 1487 327 1551 hoc
345 1488 575 1571 probaverunt,
594 1491 631 1550 ut
649 1488 744 1552 initio
759 1488 913 1570 cuiusque
927 1488 1005 1551 anni
1018 1488 1115 1553 huius

97 1576 198 1660 legati
222 1576 290 1640 dies
314 1575 449 1640 eederet.

360 1731 409 1789 Dc
431 1732 521 1805 lcpctc
538 1747 595 1804 per
613 1733 850 1807 praeceptionem

185 1841 238 1905 22.
269 1839 339 1905 Gai.
353 1841 383 1922 2,
398 1841 537 1905 216.-
563 1840 626 1904 Per
649 1840 908 1924 praeceptionem
930 1840 993 1905 hoe
1017 1843 1115 1907 modo

95 1929 256 2014 legamus·
280 1891 408 1994 ‘Lucits
428 1928 536 1993 Titius
558 1929 725 1993 hominem
750 1928 895 1994 Stichum
914 1929 1117 2014 praecipito?

97 2019 152 2082 sed
179 2018 344 2084 nostri..
371 2023 525 2121 praecept
527 2040 600 2083 ores
627 2018 710 2082 nulli
739 2018 794 2082 alii
823 2040 860 2083 eo
889 2018 984 2082 modo
1011 2019 1116 2103 legari

96 2129 192 2191 posse
210 2111 337 2191 putant,
356 2107 420 2171 nisi
440 2108 469 2171 ei
489 2108 544 2191 qui
564 2106 674 2190 aliqua
693 2129 732 2172 ex
750 2110 826 2190 pert
812 2107 956 2171 theresa
974 2108 1116 2192 scriptus

97 2199 196 2277 esset,
219 2196 405 2279 praecipere
429 2196 511 2259 enim
536 2217 605 2260 esse
628 2197 841 2278 praecipuum
864 2216 989 2260 sumere

186 2285 238 2349 23.
262 2283 332 2348 Gai.
343 2285 374 2366 2,
383 2284 524 2348 219.-
545 2283 627 2347 Item
650 2286 754 2348 nostri
776 2289 1004 2368 praeceptores
1028 2284 1115 2369 quod

97 2372 385 2457 italegatum,
327 2377 376 2435 est
362 2372 496 2435 tnulla
514 2370 624 2454 <elia>
644 2375 697 2436 rat
698 2373 771 2437 ione
788 2376 908 2457 putant
926 2394 1023 2456 posse
1042 2395 1116 2439 con·

98 2460 189 2544 sequi
208 2483 291 2543 eum,
310 2421 386 2525 cuii
388 2459 534 2524 tefuerit
548 2461 703 2562 legatum,
722 2483 819 2545 quam
833 2461 953 2527 iudicio
968 2462 1114 2527 familiae

97 2510 356 2614 erciscundae..
362 2535 510 2614 .offieio
530 2550 617 2613 enim
638 2549 754 2614 iudicis
777 2550 810 2614 id
834 2551 1004 2634 contineri,
1028 2555 1066 2615 ut
1085 2551 1116 2616 ei

98 2637 182 2722 quod
205 2659 263 2721 per
285 2638 546 2721 praeceptionem
569 2638 712 2723 legatum
737 2642 800 2720 est,
824 2639 1033 2704 adiudicatur.

186 2726 238 2790 24.
263 2724 334 2790 Gai.
353 2727 384 2810 2,
402 2727 541 2790 22Ο.-
566 2725 660 2792 Unde
684 2688 905 2813 intellegimus
923 2727 1007 2791 nihil
1026 2727 1115 2792 aliud

98 2814 273 2879 secundum
314 2820 502 2880 nostrorum
543 2819 789 2899 praeceptorum
831 2816 1017 2900 opinionem
1056 2839 1116 2901 per

97 2903 359 2987 praeceptionem
390 2903 495 2988 legari
526 2925 621 2988 posse
652 2904 718 2968 nisi
745 2903 832 2990 quod
860 2904 1027 2970 testatoris
1058 2905 1114 2987 sit3

96 2993 186 3056 nulla
210 2993 296 3057 enim
319 2993 385 3057 alia
406 3014 458 3056 res
482 3015 579 3076 quam
599 2991 796 3057 hereditaria
815 2993 982 3057 deducitur
999 2994 1033 3058 in
1051 2994 1115 3059 hoc

96 3080 250 3145 iudicium
372 3080 480 3165 aliquo
507 3084 616 3145 tamen
645 3103 722 3145 casu
749 3082 847 3146 etiam
874 3082 1015 3146 alienam
1043 3104 1112 3147 rem

97 3170 199 3252 <per>
226 3170 486 3254 praeceptionem
514 3169 618 3256 legari
646 3191 742 3253 posse
768 3169 926 3253 fatentur3
954 3171 1058 3235 veluti
1085 3171 1115 3236 si

97 3259 170 3341 quis
194 3280 265 3322 eam
288 3280 356 3322 rem
379 3258 536 3343 legaverit
559 3280 657 3343 quam
680 3259 832 3324 creditori
855 3259 991 3324 fiduciae
1015 3282 1115 3325 causa

96 3347 259 3432 mancipio
288 3346 424 3430 dederit3
453 3369 532 3412 nam
560 3347 668 3411 officio
695 3347 809 3412 iudicis
838 3347 1012 3412 coheredes
1041 3347 1115 3433 cogi

96 3457 194 3519 posse
227 3434 415 3500 existimant
447 3437 553 3500 soluta
584 3436 721 3519 pecunia
747 3435 836 3500 luere
864 3458 934 3501 eam
962 3458 1045 3522 rem,
1078 3440 1116 3502 ut

96 3525 202 3607 possit
223 3523 408 3607 praecipere
431 3529 459 3588 is
483 3525 535 3589 cui
558 3524 605 3588 ita
628 3525 775 3608 legatum
798 3526 849 3589 sit
