2430 3944
413 181 438 232 ὅ.
461 176 580 233 TITIUS
599 177 730 235 ARISTO
1011 179 1076 245 369

56 341 109 406 oui
135 339 213 404 data
236 342 321 404 esset
345 360 481 425 summa,
504 339 532 404 si
555 341 660 405 vietus
685 344 771 406 esset
788 341 978 407 hereditatis
997 343 1077 427 peti·

56 430 162 513 tione,
191 450 263 494 oum
292 429 408 494 ceteris
436 429 522 494 hane
547 449 673 513 quoque
696 430 867 513 pecuniam
890 431 1006 496 viatori
1029 454 1077 497 re-

55 519 194 583 stituere
218 517 340 582 debere.

406 659 457 725 De
480 660 730 725 manumissione.

150 785 180 850 8.
207 783 247 849 D.
261 785 315 862 40,
330 785 359 867 9,
376 784 427 867 16,
441 785 471 849 3.
516 783 606 849 Idem
634 781 693 870 (so.
710 783 847 870 Paulus)
869 784 954 850 libro
977 785 1076 851 tertio

57 872 97 938 ad
117 872 226 957 legem
244 872 373 937 Aeliam
393 870 540 937 Sentium
556 869 606 958 (P.
617 869 705 959 918).
722 910 761 920 -
777 873 889 938 Aristo
909 875 1077 959 respondit

57 984 77 1026 a
100 961 250 1026 debitore
274 963 359 1042 fisci,
386 962 441 1046 qui
466 961 619 1027 solvendo
642 984 708 1026 non
732 967 815 1046 erat,
840 963 1075 1028 manumissum

56 1049 134 1135 [ita]
166 1050 313 1116 revocari
345 1050 379 1114 in
412 1050 603 1115 servitutem
633 1051 748 1116 debere
783 1049 824 1131 [si
856 1073 922 1115 non
955 1051 1011 1116 diu
1042 1052 1077 1117 iu

53 1138 209 1204 libertate
232 1139 357 1218 fuisset,
380 1138 412 1203 id
437 1141 575 1204 estnon
595 1139 702 1204 minus
721 1139 891 1225 decenni03
914 1141 1009 1225 plane
1029 1162 1076 1224 ea,

55 1249 141 1313 quae
169 1228 203 1292 in
231 1227 379 1292 fraudem
406 1227 477 1293 fisei
502 1227 537 1292 in
560 1227 649 1292 sinus
673 1228 742 1294 eius
765 1228 886 1294 collata
909 1232 999 1315 sunt,
1027 1252 1076 1295 re·
1122 1244 1126 1248 “

53 1316 225 1397 vocanda}
319 1345 325 1358 ·

147 1409 310 1493 Traianum
336 1411 371 1469 de
394 1410 460 1469 iure
482 1409 546 1470 fisci
570 1411 702 1470 edietum
720 1411 910 1488 proposuisse
929 1411 1076 1471 traditum

55 1502 105 1558 est
127 1499 164 1558 fr.
183 1499 219 1558 de
242 1500 307 1558 iure
330 1499 394 1558 fisei
417 1496 437 1574 ἓ
459 1502 487 1559 6.
528 1503 618 1576 atque
640 1501 707 1578 lege
725 1500 813 1559 Aelia
832 1499 935 1560 Sentit
953 1504 1076 1560 cautum

56 1590 135 1663 erat,
158 1590 195 1647 ut
218 1588 325 1664 quiin
350 1587 490 1648 fraudem
513 1587 694 1647 creditorum
718 1607 820 1649 servos
839 1591 1075 1666 manumitteret,

53 1676 135 1736 nihil
164 1679 269 1753 ageret
293 1669 375 1758 (Gai.
393 1681 420 1755 1,
437 1668 509 1758 37),
537 1676 617 1753 quod
643 1677 690 1736 ius
718 1696 785 1736 eum
813 1697 907 1754 usque
930 1677 970 1737 ed
991 1679 1076 1737 illam

53 1769 189 1825 aetatem
209 1766 247 1824 ad
267 1765 346 1825 eires
365 1767 485 1825 tantum
504 1765 707 1843 pertinuisset,
726 1784 762 1825 ex
781 1766 927 1825 Hadriani
945 1768 1075 1826 auetori-

53 1858 121 1915 tate
150 1854 188 1913 ad
214 1854 389 1932 peregrinos
418 1871 536 1931 quoque
567 1853 787 1913 extendendum
812 1858 934 1914 senatus
957 1857 1075 1916 censuit

55 1936 140 2025 (Gai.
171 1944 202 2015 1,
226 1935 293 2022 47).
349 1944 400 2002 sed
433 1945 492 2000 iam
525 1941 647 2001 Traiani
679 1945 778 2002 aetate
812 1942 848 2001 de
880 1942 1075 2003 libertatibus

56 2051 76 2091 a
99 2031 163 2091 fisoi
187 2032 322 2091 debitore
345 2032 378 2089 in
400 2031 538 2090 fraudem
561 2030 624 2090 fisei
647 2030 726 2090 datis
746 2033 913 2091 tractatum
937 2050 1000 2091 esse
1024 2051 1074 2108 ap-

55 2125 152 2197 paret.
184 2124 263 2180 eerte
282 2120 455 2180 Aristonem
474 2120 510 2178 de
529 2119 585 2178 hae
608 2138 640 2178 re
660 2121 831 2180 consultum
848 2119 942 2179 fuisse
960 2119 1074 2181 Paulus

58 2212 79 2271 l.
97 2210 116 2269 l.
141 2208 246 2285 tradit,
269 2209 322 2268 sed
345 2228 422 2285 quae
441 2228 510 2267 eum
530 2206 565 2267 de
583 2207 735 2268 Aristonis
753 2227 896 2284 responso
915 2209 1075 2268 tradidisse

55 2298 257 2357 Triboniemus
283 2297 335 2374 ait,
362 2297 523 2356 maximam
552 2296 770 2356 dubitationem
801 2301 931 2358 monent.
982 2301 1074 2373 atque

55 2387 181 2445 Perniee
212 2379 258 2445 Π2
290 2406 318 2462 p.
348 2388 411 2447 369
445 2385 565 2462 quidem
601 2386 693 2445 verba
730 2379 772 2444 ‘id
804 2390 850 2444 est
881 2404 941 2445 non
973 2386 1073 2446 minus

56 2469 211 2535 ‹leoennio'
237 2475 396 2534 subdititia
419 2492 484 2533 esse
506 2474 627 2534 iudicat.
664 2475 716 2533 sed
739 2474 859 2551 longine
883 2475 1074 2551 progredien-

55 2564 131 2622 dum
161 2565 309 2641 pluraque
343 2562 530 2639 segreganda
560 2581 624 2622 esse
652 2579 768 2623 oenseo.
811 2581 883 2622 uam
909 2562 1003 2623 verba
1031 2558 1076 2622 ‘in

55 2654 141 2713 sinus
159 2653 224 2711 eius
242 2646 364 2713 collata'
384 2651 558 2712 Scaevolam
577 2650 697 2727 quidem
717 2651 838 2727 sapiunt
852 2643 901 2732 (D.
913 2655 962 2726 22,
976 2654 1005 2729 3,
1016 2643 1074 2733 27)

55 2745 88 2802 et
111 2740 273 2817 Ulpianum
296 2732 346 2822 (D.
362 2741 415 2815 48,
430 2743 459 2818 8,
475 2732 509 2822 2)
529 2743 560 2800 et
578 2739 792 2800 Tribonianum
811 2733 857 2822 (0.
874 2744 902 2818 1,
919 2742 969 2818 17,
984 2744 1013 2816 2,
1030 2732 1074 2823 1),

54 2849 117 2889 non
147 2830 266 2905 sapiunt
292 2830 374 2888 illius
404 2829 513 2888 aetatis
546 2828 782 2888 iurisconsultos.
831 2828 958 2902 aooedit,
993 2831 1073 2907 quod

56 2920 110 2995 qui
133 2937 255 2978 servum
283 2919 477 2996 manumittit,
505 2917 582 2977 nihil
603 2919 636 2976 in
658 2917 740 2976 sinus
763 2935 833 2977 suos
856 2918 979 2978 confert.
1021 2937 1073 2995 ge·

55 3007 183 3066 nuinum
220 3007 371 3067 Aristonis
391 3025 568 3082 responsum
586 3007 714 3066 fortasse
733 3006 853 3065 exhibet
870 3006 1073 3085 fragmentum

56 3098 94 3156 de
123 3095 190 3155 iure
222 3096 285 3155 fisci
313 3093 407 3170 §192
441 3089 471 3154 ‘a
499 3095 633 3154 debitore
667 3093 732 3154 fisci
763 3094 795 3153 in
822 3095 959 3154 fraudem
986 3093 1071 3155 datas

55 3185 215 3244 libertates
241 3184 355 3244 retrahi
381 3178 514 3260 placuit?
566 3201 642 3260 quae
671 3184 819 3243 sententia
846 3183 927 3260 quod
949 3188 1070 3243 senatus

55 3274 195 3334 consulto
227 3273 279 3331 illo
313 3291 349 3331 ex
380 3272 525 3331 Hadriani
562 3272 742 3332 auctoritate
779 3273 859 3333 iacto
895 3273 928 3331 in
960 3272 1073 3331 librum

57 3362 94 3422 de
134 3363 199 3421 iure
241 3361 304 3422 fisci
342 3365 462 3437 recepta
505 3364 563 3438 est,
604 3361 673 3420 inde
715 3361 827 3438 elucet,
869 3380 907 3420 an
949 3366 1072 3420 senatus

55 3452 228 3511 consultum
251 3469 290 3509 an
317 3451 355 3509 ad
381 3468 446 3509 eam
473 3468 589 3528 quoque
617 3450 653 3509 de
682 3468 741 3526 qua
768 3449 869 3527 agitur
895 3468 959 3507 rem
981 3449 1072 3524 perti-

56 3543 157 3618 neret,
180 3539 324 3616 quosdam
346 3539 508 3614 prudentes
532 3538 694 3598 dubitasse.

112 3649 210 3696 Iuriepr.
225 3647 343 3688 autehsdr.
358 3647 558 3690 reltedBremer.
585 3648 617 3702 11,
628 3649 647 3690 2.
832 3642 873 3691 Ἃ
