2430 3944
107 195 173 259 382
210 195 244 251 V.
262 193 413 250 NERVAE
431 194 479 249 ET
498 193 653 249 TRAIANI
670 193 778 250 TEMP.
796 193 894 250 suuis
908 194 1088 250 CONSUL'I'I

107 382 223 424 comma
245 382 342 440 neque
362 363 515 423 Aristonis
537 381 634 439 neque
653 361 742 421 Pauli
765 381 829 423 esse
852 362 961 440 iudico,
987 362 1039 423 sed
1053 344 1117 422 'Tri-

105 453 228 515 boniani
260 452 296 512 de
329 451 519 512 Trebelliano
553 454 676 512 senatus
704 453 841 512 consulto
868 470 947 513 nova
975 453 1118 528 quaedam

108 541 279 602 statuentis.
324 542 398 602 Inst.
415 543 443 617 2,
458 542 510 618 23,
526 543 554 600 7.

194 620 238 690 cf.
272 629 337 690 cai.
363 633 397 706 2,
420 632 484 691 254
500 647 543 706 sq.
602 622 672 705 ‘per
708 628 788 706 quod
825 630 1117 690 senatusconsultum

105 711 160 800 (sc.
183 710 400 800 Pegasianum)
423 720 488 794 ipse
510 713 641 797 (heres)
664 736 754 778 onera
776 717 958 777 hereditaria
982 719 1117 792 sustinet,

103 808 156 868 ille
181 810 285 869 autem
310 807 361 886 qui
384 826 420 866 ex
442 806 670 868 fideicommisso
693 806 840 883 reliquam
863 809 983 883 partem
1006 808 1118 867 heredi-

103 897 177 957 tatis
200 897 317 972 recipit,
340 896 481 974 legatarii
503 895 641 973 partiarii
663 896 729 955 loeo
753 899 808 974 est,
831 895 861 954 id
885 899 931 955 est
955 895 1020 955 eius
1038 896 1116 974 lega·

103 985 174 1044 terii
199 985 248 1044 cui
270 1004 341 1062 pars
364 985 511 1045 bonorum
533 985 654 1063 legatur
672 1031 679 1045 .
695 1028 724 1044 ..
744 985 777 1043 in
798 986 961 1062 utrumque
985 985 1117 1045 actiones

102 1073 302 1154 hereditariae
329 1093 384 1150 pro
413 1077 482 1133 rata
504 1077 591 1149 parte
618 1074 741 1146 dantur,
769 1073 801 1131 in
828 1072 969 1132 heredem
997 1074 1115 1149 quidem

102 1161 168 1222 iure
192 1163 287 1240 civili,
314 1162 346 1220 iu
374 1181 442 1221 eum
470 1181 542 1222 vero
566 1162 617 1240 qui
640 1161 747 1238 recipit
769 1161 983 1241 hereditatem,
1012 1182 1049 1222 ex
1074 1181 1115 1222 se·

101 1251 330 1311 natusconsulto
354 1243 563 1311 Trebelliauo'.

192 1353 244 1417 24.
273 1351 313 1416 D.
328 1352 380 1434 36,
397 1355 423 1436 1,
439 1353 492 1417 22.
536 1350 734 1437 Pomponius
762 1352 846 1417 libro
869 1352 1048 1417 vicensimo
1074 1374 1116 1418 se

102 1441 207 1506 cundo
236 1441 277 1505 ad
300 1439 456 1506 Sabinum
480 1437 530 1529 (P.
550 1439 639 1526 695).
665 1477 702 1488 -
728 1441 832 1506 Heres
860 1462 934 1506 cum
962 1441 1116 1506 debuerat

101 1533 254 1614 quartam
272 1530 422 1611 retinere,
439 1533 545 1595 totam
563 1529 778 1595 hereditatem
796 1529 940 1594 restituit
958 1551 1017 1594 nec
1033 1530 1117 1595 cavit

103 1618 166 1682 sibi
192 1618 403 1702 stipulatione
427 1618 604 1702 proposita.
650 1619 790 1689 similem
815 1640 888 1682 eum
911 1638 982 1683 esse
1006 1617 1115 1683 Aristo

102 1706 148 1770 ait
171 1705 247 1789 illis,
271 1708 326 1793 qui
348 1707 555 1791 retentiones,
579 1729 660 1793 quas
683 1708 770 1773 solas
793 1706 923 1790 habent,
948 1707 1116 1790 omittunt3

102 1795 158 1859 sed
182 1816 279 1878 posse
300 1817 373 1861 eum
392 1818 500 1861 rerum
519 1796 788 1862 hereditariarum
806 1795 1048 1880 possessionem
1067 1796 1116 1861 vel

101 1887 248 1968 repetere
275 1885 326 1949 vel
353 1886 497 1950 nancisci
525 1888 558 1950 et
585 1885 738 1950 adversus
767 1889 915 1970 agentem
945 1883 1013 1949 doli
1038 1884 1116 1949 mali

101 1974 387 2126 ⁶¹⁰0Plli0110t1¹l53
410 1995 505 2057 posse
533 1996 607 2038 eum
636 1979 669 2038 et
693 1973 892 2038 debitoribus
916 1973 1115 2055 denuntiare,

98 2082 138 2126 ne
163 2083 198 2127 so
213 2083 286 2127 vere
304 2084 350 2127 ur.

432 2167 483 2234 De
505 2169 642 2234 libutute
663 2169 778 2234 relicto

189 2274 241 2340 25.
264 2272 305 2338 Ι).
319 2275 373 2357 40,
386 2275 418 2360 4,
431 2276 461 2340 2.
498 2275 588 2340 Idem
612 2272 670 2362 (sc.
690 2274 868 2361 Ulpianus)
891 2275 976 2340 libro
1001 2276 1114 2359 quinto

100 2363 140 2427 ad
170 2360 328 2427 Sabinum
356 2363 405 2446 (P.
423 2361 548 2450 24640).
575 2401 619 2411 -—
648 2362 683 2429 Si
715 2365 786 2448 quis
814 2365 861 2428 ita
887 2363 1039 2428 heredem
1067 2365 1112 2428 in·

101 2452 246 2516 stituerit
269 2450 387 2517 ‘Titius
410 2453 505 2518 heres
528 2459 608 2518 esto.
655 2454 682 2517 si
707 2452 813 2516 Titius
835 2453 928 2517 heres
951 2474 1020 2517 non
1043 2454 1113 2529 erit,

100 2538 232 2605 Stichus
269 2541 363 2606 heres
400 2546 485 2624 est03
519 2539 649 2607 Stichus
690 2542 772 2605 liber
805 2539 901 2623 esto',
943 2562 1011 2606 non
1044 2563 1112 2605 esse

99 2626 246 2694 Stichum
269 2629 407 2694 liberum
431 2631 542 2695 Aristo
567 2630 614 2695 ait
636 2630 723 2695 Titio
746 2630 864 2695 herede
887 2629 1055 2694 existente.

187 2735 240 2801 26.
262 2733 303 2800 D.
317 2737 369 2817 28,
384 2737 414 2820 5,
428 2736 458 2819 9,
474 2737 523 2802 14.
565 2736 724 2821 Ulpianus
747 2737 830 2802 libro
855 2738 969 2823 quinto
994 2739 1033 2801 ad
1057 2735 1110 2801 Sa·

97 2824 211 2888 binum
238 2820 288 2909 (P.
307 2825 420 2910 2464).
447 2862 491 2873 —
525 2824 561 2891 Si
588 2828 664 2911 quis
693 2829 742 2891 ita
775 2826 941 2912 scripserit
967 2824 1109 2893 ‘Stichus

96 2913 180 2977 liber
199 2917 270 2978 esto
290 2918 331 2996 et,
348 2917 562 3000 posteaquam
581 2915 665 2979 liber
683 2916 753 2998 erit,
771 2915 866 2981 heres
881 2913 972 2999 esto',
992 2915 1109 2998 Labeo,

96 2998 249 3066 Neratius
283 3006 315 3066 et
344 3002 456 3068 Aristo
490 3003 666 3087 opinantur
698 3003 843 3070 detracto
876 3005 975 3070 verbo
1004 3005 1108 3069 medio

96 3089 235 3174 ‘postea'
265 3090 363 3155 simul
391 3091 421 3156 ei
448 3096 481 3157 et
508 3093 692 3157 libertatem
722 3096 754 3157 et
781 3092 996 3158 hereditatem
1025 3116 1107 3159 com

95 3182 213 3263 petere.

185 3286 236 3349 27.
256 3284 294 3351 D.
309 3287 362 3368 40,
376 3287 405 3371 5,
419 3289 471 3353 20.
508 3287 706 3371 Pomponius
721 3287 805 3351 libro
820 3287 961 3371 septimo
976 3286 1105 3372 Epistu-

95 3376 201 3439 larum
225 3372 272 3461 (P.
296 3372 382 3461 190).
409 3413 446 3422 -
472 3376 568 3460 Apud
591 3376 754 3442 Iulianum
782 3375 831 3440 ita
859 3377 1018 3460 scriptum
1047 3382 1106 3439 est:

96 3461 136 3528 ‘si
163 3463 257 3528 heres
280 3469 415 3548 rogatus
438 3484 567 3530 serrum
591 3464 818 3530 manumittere
842 3486 881 3529 ex
905 3464 1104 3530 Trebelliano

93 3555 228 3617 senatus
254 3553 402 3618 consulto
425 3552 636 3618 hereditatem
664 3554 857 3639 restituerit,
881 3555 954 3640 cogi
978 3552 1104 3620 debebit
