2430 3944
360 200 385 249 4.
409 193 439 247 L.
459 191 639 247 NERATIUS
658 191 807 249 PRISCUS
1021 193 1084 257 317

71 355 158 419 tueri
194 375 246 418 res
285 354 410 420 dotales
447 357 496 420 vir
532 377 590 420 suo
623 359 753 439 sumptu
786 356 889 421 debet.
944 356 1088 442 alioquin

71 441 190 508 etiam¹
227 443 349 510 cibaria
385 444 547 509 dotalibus
580 444 750 529 mancipiis
782 445 859 509 data
892 448 925 508 et
957 446 1088 529 quaevis

71 531 203 597 modica
244 532 463 599 aedificiorum
500 533 659 598 dotalium
696 533 828 599 refectio
867 538 899 598 et
935 555 1088 618 agrorum

71 642 201 705 quoque
230 622 355 687 cultura
382 623 492 687 dotem
520 622 678 703 minuent,
707 624 818 687 omnia
841 623 928 687 enim
951 623 1030 687 haec
1054 625 1089 687 in

73 710 181 794 specie
202 711 456 775 necessariarum
474 710 693 795 impensarum
714 715 798 776 sunt.
835 710 888 776 sed
902 709 984 796 <ea>
997 710 1088 794 ipsae

71 819 126 862 res
150 798 199 862 ita
220 802 386 882 praestare
409 800 656 884 intelleguntur,
680 803 717 864 ut
739 821 805 865 non
827 804 897 864 tam
919 800 1088 883 impendas

72 887 109 950 in
141 909 210 969 eas,
243 909 340 971 quam
373 888 510 953 deducto
543 910 580 953 eo
614 888 720 953 minus
753 910 792 953 ex
822 888 874 954 his
906 889 1088 973 percepisse

73 976 220 1040 videaris.
262 998 344 1060 quae
363 981 471 1041 autem
489 975 653 1060 impendia
671 977 846 1042 secundum
865 997 936 1041 eam
956 977 1089 1042 distinc-

73 1065 198 1129 tionem
222 1087 261 1129 ex
285 1065 360 1130 dote
379 1066 491 1131 deduci
510 1065 657 1148 debeant,
679 1088 746 1131 non
764 1072 833 1130 tam
852 1067 947 1130 facile
966 1068 997 1129 in
1018 1066 1087 1129 uni·

73 1175 204 1217 versum
224 1152 360 1237 definiri,
384 1175 480 1239 quam
498 1176 556 1238 per
574 1155 702 1239 singula
721 1177 758 1219 ex
777 1175 894 1239 genere
913 1159 946 1219 et
964 1157 1088 1239 magni-

72 1241 186 1306 tudine
209 1242 446 1326 impendiorum
469 1243 636 1307 aestimari
659 1248 807 1325 possunt.

230 1419 281 1485 De
303 1421 498 1486 suuitutrbus
515 1421 717 1503 praediorum
739 1422 932 1486 molucrum.

168 1526 218 1591 12.
241 1523 281 1590 D.
296 1526 327 1608 8,
341 1527 371 1609 3,
385 1528 405 1592 3
416 1548 464 1609 pr.
509 1525 670 1610 Ulpianus
693 1527 777 1592 libro
802 1527 949 1611 septimo
964 1528 1088 1592 decimo

74 1615 115 1680 ad
148 1614 289 1680 edictum
322 1613 371 1698 (P.
399 1615 502 1700 516⁸).
531 1652 572 1661 -
602 1668 637 1682 ..
668 1616 714 1680 sic
745 1619 885 1698 possunt
917 1616 1089 1680 servitutes

73 1703 212 1786 imponi,
239 1707 277 1767 ut
299 1704 412 1788 boves,
439 1725 498 1787 per
521 1725 602 1787 quos
625 1704 744 1768 fundus
769 1704 898 1788 colitur,
926 1705 961 1768 in
984 1706 1089 1769 vicino

75 1811 156 1875 agro
171 1796 355 1875 pascantur.
384 1814 481 1877 quam
497 1793 685 1856 servitutem
695 1793 816 1875 imponi
829 1814 925 1876 posse
936 1792 1089 1858 Neratius

72 1880 160 1944 libro
185 1880 323 1945 secundo
346 1880 609 1946 Membranarum
633 1880 755 1945 scribit.

167 1987 217 2052 13.
236 1986 392 2068 D.ibid.§
404 1989 431 2052 1.
453 2024 491 2033 -
512 1986 601 2050 Idem
621 1984 773 2051 Neratius
793 1986 891 2051 etiam
910 1990 947 2051 ut
964 1988 1089 2052 fructus

73 2075 110 2139 in
134 2075 236 2140 vicini
259 2075 337 2140 villa
360 2079 520 2160 cogantur
543 2076 710 2159 coactique
733 2075 914 2139 habeantur
937 2079 971 2139 et
993 2075 1089 2159 peda·

74 2169 188 2228 menta
207 2165 247 2228 ad
267 2165 393 2228 vineam
414 2187 452 2230 ex
470 2164 569 2228 vicini
587 2163 719 2248 praedio
739 2168 915 2248 sumantur,
935 2164 1091 2236 constitui

73 2274 171 2337 posse
195 2253 317 2320 scribit.

144 2382 146 2385 ·
168 2359 220 2425 14.
242 2359 281 2424 D.
295 2359 371 2424 ibid.
386 2357 446 2446 §2
474 2397 511 2406 -
536 2359 660 2424 Eodem
684 2359 767 2424 libro
791 2359 838 2423 ait
860 2359 976 2442 vicino,
999 2359 1089 2424 cuius

73 2447 269 2531 lapidicinae
295 2447 395 2512 fundo
424 2455 481 2513 tuo
509 2448 711 2529 immineant,
739 2469 834 2532 posse
862 2450 903 2511 te.
921 2447 974 2530 <in
1001 2449 1090 2532 iure>

74 2537 189 2612 cedere
221 2537 271 2601 ius
305 2538 334 2601 ei
367 2557 437 2602 esse
468 2541 589 2600 terram
622 2536 719 2602 rudus
747 2557 826 2601 saxa
852 2537 956 2601 iacere
983 2538 1091 2620 posita

74 2626 211 2708 habere,
242 2630 275 2689 et
307 2629 344 2688 ut
373 2625 406 2689 in
433 2630 525 2689 tuum
555 2625 679 2709 lapides
714 2626 947 2708 provolvantur
980 2625 1089 2710 ibique

75 2715 176 2797 positi
200 2714 380 2778 habeantur
403 2714 540 2799 indeque
564 2718 781 2798 exportentur.

373 2904 376 2910 ,
478 2837 528 2902 De
550 2839 690 2920 deposito.

169 2944 219 3009 15.
243 2943 282 3008 D.
294 2945 344 3028 16,
354 2945 384 3027 3,
395 2945 446 3010 18.
487 2943 641 3010 Neratius
664 2945 748 3009 libro
773 2945 910 3010 secundo
930 2945 1089 3010 Membra·

76 3055 204 3099 narum.
224 3070 262 3080 -
284 3032 332 3097 De
356 3056 403 3116 eo,
427 3034 511 3118 quod
534 3034 693 3098 tumultus
717 3033 856 3098 incendii
877 3035 988 3099 ruinae
1012 3057 1088 3099 nau-

76 3121 175 3208 fragii
195 3143 292 3186 causa
311 3123 494 3205 depositum
513 3126 572 3206 est,
594 3122 628 3185 in
647 3121 797 3186 heredem
816 3122 855 3187 de
874 3121 949 3188 dolo
968 3124 1089 3188 mortui

78 3213 164 3276 actio
194 3214 244 3275 est
271 3232 330 3294 pro
357 3210 556 3275 hereditaria
582 3210 730 3294 portione
758 3214 791 3274 et
817 3211 851 3274 in
879 3211 1031 3295 simplum
1058 3216 1090 3275 et

77 3301 165 3364 intra
194 3321 313 3363 annum
341 3321 480 3385 quoque3
508 3299 542 3363 in
569 3299 676 3382 ipsum
705 3300 798 3364 etin
826 3299 965 3365 solidum
996 3304 1028 3364 et
1054 3299 1089 3362 in

78 3389 211 3472 duplum
236 3393 268 3452 et
290 3389 324 3452 in
347 3392 538 3471 perpetuum
563 3387 664 3482 datur.

152 3562 236 3619 11⁷1.
252 3565 319 3619 tam.
