2430 3944
98 160 161 226 136
183 160 231 217 111.
241 159 318 216 GAII
328 158 618 216 CLAUDIINERON.
629 157 772 214 GALBAE
781 158 1057 218 Tenammsco]

98 325 197 389 etiam
225 344 313 408 eum,
345 323 401 407 qui
428 326 504 407 post
530 327 668 387 mortem
695 323 798 407 patris
827 323 987 389 senatoris
1012 345 1057 388 ns

97 412 149 496 sit,
173 413 267 497 quasi
290 412 448 477 senatoris
472 411 575 476 filium
599 432 677 476 esse.
719 411 775 476 sed
798 433 882 495 eum,
905 410 961 496 qui
984 417 1057 496 post

97 523 194 586 quam
226 504 319 584 pater
351 501 420 564 eius
448 500 488 564 de
515 504 628 564 senatu
656 503 763 565 motus
792 504 842 565 est
870 500 1050 586 concipitur

94 591 253 673 nascitur,
289 588 445 654 Proculus
483 592 516 652 et
547 587 689 674 Pegasus
728 589 904 673 opinantur
938 611 1005 654 non
1037 612 1057 655 e

96 678 189 763 quasi
213 678 373 744 senatoris
397 678 505 743 filium.

287 931 334 990 Dc
356 932 508 991 donatione
529 933 605 990 inter
627 933 723 990 etrwm
746 935 772 990 et
794 949 922 994 acmen.

187 1069 235 1133 16.
259 1066 297 1133 D.
313 1068 366 1152 24,
381 1069 410 1150 1,
425 1068 476 1132 64.
513 1066 684 1132 Iavolenus
703 1067 788 1132 libro
808 1071 899 1133 sexto
920 1090 960 1133 ex
973 1071 1057 1153 poste

96 1158 205 1223 oribus
220 1156 392 1222 Labeonis.
409 1193 447 1202 —
463 1154 525 1219 Vir
543 1156 669 1221 mulieri
688 1156 828 1221 divortio
848 1156 935 1222 facto
951 1157 1057 1242 quaed:

95 1246 214 1310 idcirco
238 1245 377 1330 dederat,
399 1248 436 1309 ut
459 1245 499 1309 ad
524 1267 558 1309 se
581 1249 811 1330 reverteretur3
842 1246 959 1309 mulier
981 1267 1057 1311 reve:

96 1340 179 1415 erat,
208 1334 321 1398 deinde
345 1333 520 1398 divortium
542 1334 628 1398 feeit.
675 1333 797 1399 Labeo:
827 1334 1000 1400 Trebatius
1022 1336 1057 1399 in

97 1422 283 1487 Terentiam
298 1425 330 1486 et
339 1421 560 1486 Maecenatem
573 1421 749 1506 respondit,
763 1423 791 1486 si
805 1443 918 1487 verum
934 1423 1057 1489 divortii

94 1511 224 1592 fuisset,
255 1514 360 1575 ratam
389 1532 458 1575 esse
482 1509 702 1595 donationem,
722 1511 752 1575 si
775 1511 944 1595 simulata,
973 1517 1057 1576 conti

95 1598 151 1664 sed
165 1648 173 1664 .
188 1648 195 1662 .
211 1649 217 1663 .
232 1597 388 1665 Proculus
413 1605 446 1664 et
469 1597 628 1664 Caecilius
651 1603 778 1684 putant,
801 1604 880 1665 tuno
902 1622 1015 1665 verum
1038 1622 1055 1664 e

94 1687 268 1753 divortium
288 1692 320 1752 et
338 1687 445 1752 valere
465 1688 672 1754 donationem
693 1688 837 1768 [divortii
851 1710 949 1753 causa
963 1689 1057 1754 faeta]

96 1777 124 1841 si
148 1775 230 1840 aliae
250 1777 383 1860 nuptiae
401 1778 565 1841 insecutae
584 1781 661 1841 sunt
679 1780 736 1841 aut
754 1782 821 1841 tem
840 1778 941 1863 longo
961 1783 1057 1861 temp«

95 1866 190 1930 vidua
207 1864 332 1947 fuisset,
354 1868 391 1929 ut
410 1865 543 1930 dubium
561 1887 628 1930 non
646 1865 731 1931 foret
749 1865 887 1930 alterum
907 1888 978 1930 esse
998 1872 1057 1932 mat

95 1955 251 2038 monium3
285 1954 366 2019 alias
399 1975 458 2018 nec
491 1953 700 2019 donationem
728 1954 825 2019 ullius
854 1975 924 2019 esse
952 1977 1057 2021 momc

95 2043 247 2108 futuram.

512 2198 562 2306 De
584 2202 694 2266 tutelis.

186 2344 236 2409 17.
270 2341 340 2408 Gai.
359 2344 389 2427 2,
408 2343 482 2408 231.
505 2378 550 2389 —
584 2339 685 2429 (Ante
713 2342 839 2407 heredis
871 2344 1056 2409 institution

95 2433 255 2496 inutiliter
292 2433 433 2517 legatur,
471 2431 594 2496 scilicet
630 2432 706 2517 quia
740 2435 937 2496 testamenta
968 2433 1037 2497 vim

95 2520 301 2585 institutione
325 2521 451 2584 heredis
475 2519 637 2603 accipiunt
652 2570 659 2584 .
675 2570 681 2584 .
695 2521 767 2603 pari
789 2520 915 2585 ratione
935 2543 995 2586 nec
1013 2522 1057 2586 lib

95 2612 147 2674 tas
181 2613 255 2673 ante
288 2608 415 2673 heredis
447 2608 686 2673 institutionem
718 2608 786 2673 dari
819 2606 951 2696 potest.)
1003 2632 1057 2676 nos

95 2701 321 2782 praeceptores
340 2719 399 2763 neo
417 2701 558 2763 tutorem
578 2719 615 2762 eo
630 2697 701 2763 loco
716 2697 785 2761 dari
799 2720 893 2782 posse
907 2698 1057 2763 existima

97 2791 146 2850 set
166 2785 277 2851 Labeo
301 2790 333 2850 et
352 2785 508 2851 Proculus
532 2788 673 2851 tutorem
696 2808 792 2870 posse
817 2787 895 2871 dari,
919 2788 1003 2871 quod
1027 2788 1057 2853 ni

99 2897 138 2938 ex
160 2875 340 2939 hereditate
364 2878 514 2960 erogatur
538 2875 656 2940 tutoris
681 2874 818 2940 datione.

188 2982 237 3046 18.
260 2980 420 3048 Vat.fr.1
445 2979 495 3069 (P.
513 2979 622 3066 1782).
649 3018 686 3028 -
711 2980 796 3065 <Qui
820 3005 839 3047 a
862 2982 1018 3067 muliere>
1040 3006 1056 3048 s

98 3069 219 3135 tutoris
243 3070 435 3136 auctoritate
460 3070 563 3135 sciens
587 3092 655 3136 rem
679 3071 822 3155 mancipi
845 3072 931 3148 emit,
955 3072 1007 3136 vel
1028 3072 1058 3136 fe

96 3161 205 3223 tutore
228 3162 359 3224 auctore
384 3179 479 3242 quem
503 3158 578 3224 sciit
600 3181 665 3224 non
689 3181 767 3240 esse,
791 3182 857 3225 non
876 3159 1003 3225 videtur
1022 3161 1057 3226 bc

95 3247 159 3311 fide
187 3247 312 3311 emisse.
357 3247 466 3331 itaque
495 3250 527 3310 et
549 3252 672 3312 veteres
696 3251 826 3332 putant,
855 3252 888 3313 et
911 3247 1052 3314 Sabinus

97 3335 227 3402 Cassius
261 3336 417 3400 scribunt.
471 3333 580 3400 Labeo
614 3336 742 3421 quidem
775 3337 924 3422 putabat,
959 3359 1018 3404 nec
1050 3361 1057 3422 ]

97 3428 241 3509 emptore
265 3446 338 3489 eum
361 3423 536 3508 possidere,
560 3425 616 3494 sed
640 3447 698 3509 pro
723 3447 923 3510 possessore;
951 3425 1058 3492 Procu

97 3519 129 3579 et
153 3513 280 3598 Celsus,
301 3536 361 3598 pro
385 3519 538 3597 emptore.
