2430 3944
213 200 232 254 l.
254 197 429 252 VETERUM
450 196 680 252 SENTENTIAE
699 197 746 251 ΕΤ
763 196 869 253 LIBRI.
983 198 1049 262 513

70 363 213 427 iceretur
236 382 275 425 ex
299 360 482 449 addictione
511 383 552 424 an
577 360 751 425 adiudicati
774 361 846 426 loco
871 361 1048 427 constitue-

70 455 129 534 tur,
151 454 274 516 veteres
300 450 505 533 quaerebant.

121 540 173 604 38.
206 538 245 603 D.
268 539 321 621 4l,
345 539 374 619 3,
397 539 450 604 38.
472 537 562 602 Idem
586 534 643 623 (sc.
664 536 781 623 Gaius)
806 538 891 603 libro
911 541 1048 606 secundo

70 650 152 693 erum
182 625 442 693 Cottidianarum
473 626 540 690 sive
562 625 750 690 Aureorum.
778 663 821 674 ·—
926 629 1051 694 abolita

70 722 81 780 t
109 767 143 783 ..
172 715 374 802 quorundam
412 718 557 780 veterum
597 717 757 779 sententia
795 717 1049 781 existimantium

70 807 131 870 iam
155 807 246 869 fundi
269 805 367 870 locive
391 804 514 868 furtum
536 805 614 868 fieri.

123 901 159 960 cf.
183 900 215 958 Π
239 903 255 958 1
281 919 309 974 p.
335 900 408 958 383.

125 985 176 1049 39.
205 982 244 1047 D.
272 984 324 1062 47,
358 983 389 1066 2,
418 983 470 1067 61,
501 982 530 1046 2.
580 980 700 1046 Paulus
728 982 812 1047 libro
842 987 978 1066 septimo
1008 984 1049 1049 ad

72 1075 207 1138 eutium.
235 1108 279 1118 —
311 1070 396 1135 Eum
429 1071 484 1155 qui
517 1070 690 1134 mulionem
719 1070 793 1136 dolo
821 1073 907 1137 malo
937 1078 970 1136 in
999 1073 1049 1137 ius

70 1166 190 1244 »cesset
210 1162 238 1224 si
257 1161 382 1224 interea
400 1160 508 1223 mulae
522 1159 690 1244 perissent,
709 1160 790 1223 furti
805 1161 907 1224 teneri
922 1164 1048 1226 veteres

70 1250 277 1335 sponderunt.

123 1339 176 1403 40.
209 1338 249 1402 Ι).
282 1338 316 1421 9,
349 1338 383 1419 2,
415 1337 473 1420 27,
505 1339 558 1401 21.
612 1335 774 1420 Ulpianus
811 1337 894 1402 libro
934 1342 1049 1404 octavo

70 1430 158 1492 cimo
179 1426 219 1491 ad
238 1426 389 1490 edictum.
408 1461 448 1471 —
476 1424 510 1490 Si
535 1426 606 1510 quis
625 1425 664 1488 de
684 1447 782 1490 manu
801 1426 881 1490 mihi
899 1449 1050 1492 nummos

73 1516 225 1599 cusserit,
268 1513 407 1579 Sabinus
445 1514 628 1579 existimat·
650 1513 760 1578 damni
800 1515 937 1580 iniuriae
980 1538 1051 1581 esse

70 1607 204 1687 tionem,
234 1603 261 1667 si
289 1604 335 1668 ita
356 1603 521 1688 perierint,
549 1625 590 1666 ne
614 1602 653 1665 ad
678 1603 821 1686 aliquem
843 1605 1052 1687 pervenirent

77 1744 108 1759 ..
133 1692 219 1777 quod
252 1694 281 1756 si
313 1693 352 1756 ad
387 1693 527 1776 aliquem
559 1696 789 1776 pervenerunt,
822 1714 883 1776 ope
912 1694 1050 1760 consilio

70 1790 159 1848 rtum
183 1783 305 1846 factum
329 1782 498 1866 agendum,
517 1781 602 1864 quod
626 1785 659 1844 et
683 1780 825 1865 antiquis
849 1783 980 1864 placuit.
1039 1787 1041 1792 '

122 1873 175 1936 41.
211 1869 281 1934 Gai.
313 1871 346 1952 3,
382 1870 454 1935 196.
488 1907 530 1914 -
569 1917 603 1934 ..
631 1869 660 1933 si
688 1871 760 1952 quis
794 1869 947 1934 utendam
981 1893 1050 1936 rem

72 1961 194 2044 ceperit
231 1980 364 2042 eamque
400 1959 432 2022 in
467 1959 567 2022 alium
599 1980 694 2022 usum
721 1958 934 2042 transtulerit,
969 1958 1051 2024 furti

70 2050 210 2134 ›ligatur,
242 2049 369 2112 veluti.
389 2097 394 2110 .
415 2097 422 2111 .
447 2047 475 2111 si
508 2047 578 2130 quis
613 2069 729 2130 equum
760 2047 911 2130 gestandi
939 2049 1050 2130 gratia

72 2137 274 2202 mmodatum
310 2136 440 2221 longius
477 2136 586 2220 aliquo
622 2135 760 2218 duxerit,
799 2134 886 2220 qnod
922 2141 1049 2200 veteres

70 2229 232 2311 ripsernnt
255 2226 292 2288 de
316 2247 354 2289 eo
379 2226 432 2308 qui
456 2225 490 2288 in
514 2225 616 2288 aciem
638 2223 849 2307 perduxisset.

123 2317 174 2379 42.
199 2313 232 2379 Ο.
248 2316 278 2397 6,
292 2315 322 2397 2,
337 2315 389 2396 22,
406 2316 433 2378 1.
453 2313 664 2398 (lastinianus
675 2335 703 2376 a.
714 2311 802 2396 530.)
814 2349 854 2358 —
871 2361 896 2377 ..
912 2335 1048 2396 quaere-

70 2410 130 2468 tur
150 2405 234 2488 apud
255 2404 404 2486 antiquos
424 2403 534 2485 legum
553 2403 755 2484 interpretes,
775 2401 803 2465 si
818 2402 890 2486 quis
905 2423 1050 2469 commo-

70 2494 124 2558 ‚vit
148 2493 204 2556 alii
226 2514 295 2555 rem
319 2492 359 2555 ad
382 2513 415 2555 se
434 2492 649 2575 pertinentem
668 2491 790 2573 etipsa
809 2511 860 2553 res
880 2491 1048 2556 subtracta

70 2587 90 2666 t,
120 2604 159 2646 an
189 2582 267 2645 furti
294 2581 378 2645 actio
407 2581 560 2644 adversus
587 2579 691 2643 furem
719 2579 848 2643 institui
875 2580 980 2662 possit
1005 2583 1046 2645 ab

96 2670 153 2754 qui
176 2692 245 2734 rem
268 2670 420 2745 utendam
440 2669 572 2753 accepit.

123 2765 159 2822 af.
174 2765 190 2821 1
203 2785 232 2839 p.
249 2765 298 2823 ee.

352 2864 401 2928 De
422 2864 582 2929 arboribus
604 2865 737 2929 sreccisis,

123 2972 176 3035 43.
199 2970 236 3034 D.
255 2972 308 3053 41,
334 2972 361 3054 l,
386 2972 405 3034 3
425 2993 470 3055 pr.
496 2969 655 3054 Ulpianus
672 2970 757 3035 libro
777 2969 1048 3055 quadragensimo

70 3061 173 3126 eundo
202 3059 242 3123 ad
271 3058 435 3124 Sabinum.
467 3095 509 3106 -
541 3058 651 3123 Vitem
680 3060 806 3124 arboris
830 3058 1047 3143 appellatione

71 3149 194 3213 ntineri
217 3149 360 3232 plerique
384 3152 529 3213 veterum
553 3148 827 3212 existimavernut.

124 3243 160 3302 cf.
176 3242 241 3301 Gai.
256 3245 286 3320 4,
303 3245 353 3302 11.

396 3353 446 3418 De
469 3353 529 3434 lcpc
551 3352 691 3434 Aquilia.

123 3469 176 3535 44.
200 3469 239 3535 D.
263 3469 293 3553 9,
316 3469 347 3551 2,
372 3470 422 3551 11,
445 3469 476 3532 4.
499 3467 660 3552 Ulpianus
683 3467 766 3532 libro
790 3465 1048 3530 octavodecimo

70 3559 74 3622 l
100 3559 249 3622 edictum.
273 3595 316 3604 -
341 3556 375 3622 Si
403 3558 513 3640 plures
542 3557 669 3622 trabem
692 3555 875 3620 deieceriut
897 3551 1067 3616 0111101111-

88 3672 183 3719 Iurlspr.
199 3673 318 3713 antehadr.
333 3673 382 3713 rell,
400 3673 435 3715 ed.
449 3673 553 3715 Bremer.
575 3674 608 3727 11,
619 3676 640 3714 2.
823 3661 864 3709 ‘53
