2430 3944
455 180 479 231 ¹1.
498 174 686 232 PROCULUS
1013 176 1076 241 129

95 345 146 405 iun
163 348 306 422 cresum,
336 343 487 404 interdum
510 347 692 422 exarescant,
716 363 786 404 suos
808 347 909 404 tamen
931 345 1077 406 terminos

94 433 194 493 retinent
220 433 349 510 ideoque
378 433 410 491 in
437 432 484 492 his
512 432 559 492 ius
586 432 748 494 alluvionis
775 452 836 493 non
863 429 1076 511 adgnoscitar'.

426 585 478 652 De
498 588 566 652 iare
587 588 714 653 datiam.

155 691 205 760 35.
225 692 267 758 D.
281 694 335 777 23,
348 694 379 779 4,
395 694 445 758 l'i.
481 692 638 758 Proculus
657 693 742 758 libro
759 693 930 759 undecimo
944 694 1078 778 Epistu-

95 781 179 848 isum.
199 819 242 829 —
267 781 441 848 Atilicinus
460 780 597 848 Proeulo
620 804 679 847 suo
704 782 852 847 sulutem.
893 781 975 848 Cum
993 783 1077 848 inter

94 870 169 934 irum
205 877 237 936 et
274 893 407 936 uxorem
442 875 574 956 paetum
610 875 803 936 conventum
837 876 913 936 ente
945 873 1077 956 nuptias

93 957 186 1024 icum
215 960 272 1044 sit,
304 967 341 1024 ut
370 959 486 1044 quibus
513 959 625 1024 diebus
655 959 713 1024 dos
741 961 817 1024 datu
845 963 943 1044 esset,
974 960 1077 1025 isdem

94 1046 202 1114 nortio
233 1048 322 1114 faeta
354 1047 552 1134 redderetur,
583 1052 660 1133 post
692 1049 947 1134 quinquennium
980 1071 1077 1133 quum

94 1137 196 1220 suptise
222 1136 330 1202 fsetse
353 1141 430 1201 sunt
457 1159 537 1202 uxor
564 1139 634 1202 viro
659 1137 766 1202 dotem
798 1137 895 1202 dedit.
938 1138 1077 1203 divortio

95 1222 154 1290 iusto
179 1247 313 1311 quaero,
340 1230 448 1291 utrum
473 1226 683 1312 quinquennii
706 1226 756 1290 die
778 1226 828 1290 vir
850 1227 943 1290 uxori
967 1227 1077 1292 dotem

95 1313 212 1379 uideret
235 1337 279 1379 un
302 1318 426 1380 statuto
449 1312 576 1400 legibus
599 1318 753 1399 tempore.

155 1401 308 1469 Proculus
331 1403 511 1487 respondit:
537 1405 619 1486 qaod
639 1405 683 1468 ad
703 1404 784 1468 diem
806 1404 976 1468 reddendae
997 1404 1077 1469 datis

96 1491 181 1575 atiud,
192 1497 285 1574 pacta
303 1493 444 1558 anatim
462 1493 616 1558 meliorem
630 1493 837 1557 eondiezeaem
850 1493 990 1558 mutaris
1007 1493 1078 1575 fieri

94 1597 166 1662 ase,
194 1582 371 1647 amaran
392 1602 456 1647 aaa
477 1601 575 1665 posse
619 1582 723 1663 itaque
748 1578 929 1646 si'eaatam
956 1586 1011 1663 est,
1043 1586 1079 1646 at

94 1669 204 1750 tvaim
226 1675 367 1754 tenqaorq
389 1691 484 1752 qaam
502 1669 616 1753 tasas
633 1671 829 1735 constitutam
847 1675 899 1753 est,
921 1671 1078 1752 reddatur,

97 1759 150 1820 dari
168 1779 197 1823 eo
220 1759 333 1841 debere,
354 1760 384 1824 si
405 1763 442 1824 at
458 1759 601 1842 tanqiarq
623 1779 677 1822 na
695 1757 797 1823 valere
814 1759 852 1822 id
859 1763 990 1840 pactam
1008 1779 1077 1823 aaa·

97 1850 195 1913 satane
240 1849 329 1913 auiae
350 1848 517 1912 sententia
538 1848 717 1912 conueniens
739 1852 783 1911 est
804 1847 914 1929 de‘eere,
939 1848 969 1912 si
988 1852 1078 1928 paeto

98 1941 205 2002 avena
227 1942 355 2001 eaatam
377 1940 428 2020 est,
450 1940 487 1999 at
507 1940 622 2017 quanta
644 1937 744 2001 serias
766 1956 900 2018 quaeqae
921 1932 989 2000 res¹
1005 1941 1080 2017 post

98 2026 191 2102 nuptias
217 2027 294 2090 data
319 2025 429 2107 faerit,
460 2029 546 2089 tanto
570 2029 640 2106 post
665 2026 832 2089 divortium
859 2026 1019 2108 reddatur,
1050 2026 1079 2089 si

96 2115 214 2198 prepare,
236 2134 331 2196 qaam
354 2115 390 2177 ia
412 2115 567 2178 reddenda
581 2115 648 2178 date
661 2114 857 2178 constitutam
875 2117 920 2177 est
936 2114 1011 2176 data
1029 2114 1079 2196 sit,

99 2199 168 2265 tatere
182 2208 311 2285 paetum
333 2206 524 2282 manentem,
547 2204 575 2267 si
598 2203 744 2285 andare,
767 2222 831 2266 non
852 2202 962 2266 valere.

160 2292 205 2358 36.
228 2290 268 2356 D.
286 2292 336 2370 19,
351 2289 382 2374 5,
397 2290 448 2355 12.
481 2290 638 2355 Proculus
657 2291 741 2355 libro
761 2290 928 2355 undecimo
942 2289 1077 2373 Epistu-

98 2370 181 2446 tuum.
205 2416 250 2427 -
278 2377 313 2444 Si
345 2380 395 2443 vir
427 2380 520 2443 uxori
552 2400 629 2444 suae
661 2378 778 2444 fundos
811 2378 956 2443 vendidit
985 2382 1018 2444 et
1045 2379 1079 2443 in

98 2467 249 2534 venditione
273 2467 541 2551 cumprehensum
566 2474 616 2532 est
639 2469 826 2533 convenisse
849 2469 935 2532 inter
958 2489 1028 2547 eos,
1051 2468 1079 2533 si

99 2569 123 2616 ss
137 2562 229 2642 nuptu
252 2559 282 2622 ei
302 2578 372 2622 esse
392 2557 534 2640 desisset,
556 2562 593 2621 ut
611 2578 666 2621 eos
686 2557 813 2640 fundos,
837 2557 864 2622 si
883 2557 953 2641 ipse
973 2558 1079 2639 vellet,

98 2641 178 2710 adem
212 2646 319 2732 pretio
357 2645 473 2709 mulier
509 2645 741 2710 transcriberet
772 2646 857 2728 viro,
895 2647 929 2710 ia
960 2645 1078 2726 saetam

97 2732 204 2800 adimo
228 2735 380 2800 iuditium
403 2753 465 2799 esse
486 2735 673 2799 reddendam
695 2736 785 2817 idque
807 2741 835 2799 et
856 2736 891 2798 in
914 2734 989 2799 aliis
1007 2755 1078 2818 per-

96 2823 156 2887 sonis
174 2825 401 2890 observandam.

318 2963 492 3018 insederam
510 2962 643 3017 librorum
660 2963 823 3031 fraumenta.

160 3058 238 3130 Quae
268 3058 383 3119 subieci
409 3059 579 3137 fragmenta
602 3058 709 3118 iisdem
732 3060 859 3118 fortasse
883 3058 968 3117 libris
991 3059 1078 3117 attri-

95 3137 186 3207 buendu
207 3151 286 3208 sunt.

442 3213 493 3279 De
515 3215 706 3279 testamentis

159 3321 209 3386 37.
239 3319 422 3403 D.50‚16‚
444 3320 516 3385 116.
566 3319 656 3384 Idem
690 3317 747 3406 (sc.
775 3317 962 3402 levolenus)
994 3318 1078 3380 libro

93 3408 205 3488 septimo
215 3408 502 3495 Epistularum.—
515 3407 679 3493 ‘Quisquis
694 3409 775 3473 mihi
790 3407 871 3473 elius
887 3407 945 3470 filii
955 3406 1079 3468 filiusve

146 3551 158 3598 1
177 3548 221 3604 Fi.
241 3549 279 3604 et.

131 3643 349 3696 Iumentum.
363 3647 568 3688 rell.ed1Brsmsr.
589 3647 621 3700 11,
632 3649 650 3689 2.
851 3640 867 3690 ‘t
