2438 3930
151 176 216 240 556
515 171 793 228 supremarum.

153 338 228 400 dere
260 339 294 401 et
319 357 495 420 usucapere
527 332 636 423 (eosll
663 356 773 419 posse3
807 335 864 400 sed
892 337 1031 422 quidam
1063 342 1170 404 eontra

153 429 278 510 putant,
302 425 454 508 quoniam
477 425 567 507 ipsos
591 444 701 488 servos
723 445 789 488 non
811 426 1016 508 possideant.

511 592 561 658 De
582 591 805 658 donationibus.

245 711 318 775 134.
341 707 381 772 D.
391 710 443 792 27,
453 708 483 792 3,
495 709 564 791 1,2.
600 706 761 792 Ulpianus
779 707 865 772 libro
884 709 1063 794 trigesimo
1083 718 1166 775 sexto

155 797 196 862 ad
219 799 368 862 edietum.
387 832 430 844 -
525 798 553 860 si
575 817 642 860 non
665 796 780 861 mortis
802 818 902 861 eausa
924 797 1102 864 donaverit
1122 804 1166 864 tu-

151 891 223 951 tore
246 891 376 950 auctore
400 883 457 970 (so.
476 882 634 971 pupillus)
666 930 697 949 ..
726 883 872 950 Iulianus
896 886 1030 970 scripsit
1054 889 1166 972 pleros

152 997 214 1058 qua
239 1025 268 1038 ..
292 979 408 1059 putare
432 995 497 1038 non
520 974 626 1038 valera
650 972 865 1038 donatiouem.

522 1140 574 1206 De
594 1141 797 1206 motartetw.

245 1257 317 1322 135.
341 1256 380 1321 D.
395 1258 425 1334 8,
439 1256 470 1336 3,
486 1257 563 1340 lpr.
598 1253 687 1320 Idem
711 1253 770 1342 (so.
793 1254 928 1340 Paulus)
951 1257 1041 1324 libro
1066 1261 1163 1325 vicen

153 1347 236 1411 simo
259 1346 364 1429 primo
393 1344 434 1409 ad
457 1344 605 1408 edietum.
627 1380 673 1391 -
696 1393 756 1408 ...
784 1343 965 1409 iumentum
990 1396 1026 1411 ..
1057 1349 1163 1413 ducere

152 1457 220 1500 non
242 1438 365 1518 potest,
389 1434 443 1516 qui
466 1434 530 1497 iter
552 1437 680 1498 tanturm
702 1432 811 1497 habet.
848 1435 903 1517 qui
927 1439 1040 1500 actum
1063 1436 1163 1517 habet,

153 1529 187 1587 et
218 1523 378 1605 plostrum
411 1521 525 1586 ducere
563 1528 596 1586 et
631 1523 776 1585 iumenta
808 1541 904 1606 agere
936 1528 1060 1607 potest.
1116 1525 1163 1590 sed

153 1609 303 1674 trahendi
333 1610 474 1695 lapidem
504 1613 560 1675 aut
589 1610 717 1694 tignum
747 1611 856 1674 neutri
888 1631 1001 1676 eorum
1034 1615 1163 1680 ineest

154 1697 285 1783 quidam
308 1719 367 1762 neo
390 1698 520 1762 hastam
544 1704 667 1763 rectam
688 1700 718 1762 ei
741 1698 824 1762 ferre
841 1698 946 1779 licere,
969 1703 1050 1786 quia
1068 1724 1163 1788 neque

154 1786 250 1850 eundi
268 1807 372 1870 neque
391 1786 507 1872 agendi
526 1788 634 1872 gratia
652 1786 685 1851 id
704 1787 827 1851 faceret
845 1792 879 1851 et
896 1795 1034 1872 possent
1047 1792 1164 1857 fruetus

154 1897 193 1941 eo
216 1875 312 1941 modo
335 1876 429 1940 laedi.
472 1877 527 1959 qui
546 1876 633 1939 mam
656 1875 779 1940 habent
798 1875 894 1941 eundi
918 1878 1105 1964 agendique
1121 1882 1163 1945 ius

155 1965 289 2049 habent3
312 1965 456 2048 plerique
475 1971 509 2029 et
532 1962 681 2028 trahendi
699 1985 826 2049 quoque
845 1969 878 2029 et
896 1971 1022 2030 rectam
1041 1969 1163 2034 hastan

153 2053 293 2133 terendi,
316 2053 344 2117 si
367 2053 462 2117 modo
485 2053 610 2117 tructus
633 2075 700 2116 non
723 2053 839 2118 laedat.

244 2143 317 2207 136.
341 2140 366 2205 Ι.
381 2143 411 2225 2,
425 2142 455 2225 3,
469 2142 499 2205 2.
514 2178 558 2188 -
573 2142 611 2204 ln
628 2141 824 2206 rusticorum
842 2142 1053 2225 praediorum
1074 2147 1165 2211 serri-

153 2236 240 2295 tutes
279 2231 410 2314 quidam
447 2231 629 2314 computari
657 2280 692 2294 ..
719 2235 837 2314 putant
870 2252 974 2314 aquae
1008 2235 1166 2314 haustum,

154 2320 279 2402 pecoris
320 2318 360 2383 ad
402 2340 520 2404 aquam
561 2319 746 2402 adpulsum,
781 2319 831 2383 ius
869 2323 1040 2404 pascendi,
1076 2324 1165 2388 caleis
1202 2332 1207 2343 '

153 2407 349 2491 coquendae,
373 2407 512 2471 harenae
536 2407 714 2471 fodiendae.

243 2519 281 2576 a.
305 2517 429 2593 aaa
447 2522 517 2591 1,1.
553 2517 622 2592 urp.
646 2519 667 2576 1.
689 2518 721 2576 Π
743 2518 842 2578 nass

438 2681 488 2747 De
510 2703 595 2763 aquea
611 2682 724 2764 pluvio
746 2683 887 2746 arcendo.

246 2797 319 2860 137.
347 2795 384 2859 D.
405 2797 457 2879 39,
476 2797 505 2876 3,
524 2797 602 2881 3pr.
648 2795 806 2880 Ulpianus
834 2797 918 2862 libro
948 2800 1166 2887 quinquagen-

157 2882 239 2946 simo
267 2884 365 2947 tertio
394 2885 433 2947 ad
461 2885 609 2949 edictum.
635 2921 674 2931 -
776 2886 804 2948 si
823 2936 853 2950 ..
879 2908 996 2970 aquam
1024 2893 1168 2955 conrivat

156 2969 214 3056 (so.
234 2972 262 3035 is
281 2971 316 3035 in
336 2972 425 3036 cuius
444 2973 543 3038 fundo
564 2995 646 3057 aqua
666 2972 784 3056 oritur)
804 2973 854 3038 vel
871 2975 899 3037 si
922 2997 1074 3060 spurcam
1099 2980 1166 3065 quis

155 3059 322 3144 immittat,
344 3082 438 3145 posse
462 3084 534 3125 eum
557 3061 707 3145 impediri
729 3062 892 3146 plerisque
915 3065 1049 3146 placuit.

525 3229 576 3295 De
594 3230 795 3312 postliminio.

245 3345 316 3410 138.
340 3344 426 3409 Fest.
441 3367 471 3428 p.
486 3345 614 3409 214-
629 3397 635 3411 .
651 3399 658 3410 .
676 3350 753 3410 sunt
766 3346 822 3431 qui
837 3346 979 3431 credant,
997 3351 1165 3435 perfugam

154 3454 223 3496 esse
247 3456 312 3497 non
337 3438 405 3497 tam
429 3433 485 3518 qui
508 3433 589 3498 alios
612 3433 720 3519 fugiat
743 3435 798 3499 sed
823 3435 878 3518 qui
902 3436 943 3499 ob
968 3459 1061 3520 spem
1085 3461 1164 3504 com-

150 3521 321 3588 modorum
346 3522 385 3586 ad
410 3522 593 3607 quempiam
616 3523 787 3608 perfugiat.
