2430 3944
337 207 361 256 7.
385 201 582 257 IUVENTIUS
602 202 737 258 OELSUS
985 203 1048 268 501

76 370 148 443 tur,
179 368 298 449 quanto
327 387 384 430 sua
408 365 553 430 aedificia
576 365 770 450 pretiosiora
793 365 936 448 fecisset,
964 366 1051 452 quod

76 455 175 538 rplius
189 453 403 538 impendisset
416 475 511 539 posse
523 476 596 519 eum
607 455 752 518 mandati
763 455 881 520 indicio
891 457 1050 541 persequi.

187 597 305 677 Quibus
327 617 364 661 ec
387 598 488 661 cauas
511 598 546 660 ic
562 598 789 678 possessionen·
805 601 902 662 ector.

123 703 174 768 11.
198 702 237 768 D.
251 703 303 780 42,
313 703 344 785 4,
356 704 385 788 7,
398 704 447 766 ll.
480 702 639 787 Ulpianus
658 703 742 768 libro
757 703 1048 788 quinquagensimo

75 814 118 856 no
149 791 188 856 ad
220 791 369 856 edictum.
399 828 439 837 -
470 789 584 856 Celsus
612 841 651 855 ..
679 790 776 857 Sexto
809 793 989 877 respondit,
1022 794 1051 857 ci

76 881 185 964 ndum,
219 902 313 963 quem
347 884 456 964 petere
489 881 577 965 volo,
609 879 715 945 Titius
748 881 914 964 possideat
944 903 1048 966 neque

78 991 155 1034 sens
179 968 382 1051 defendatur,
408 969 608 1034 commodius
632 991 667 1035 se
691 968 875 1034 existimare
899 970 934 1033 in
957 969 1050 1034 fundi

78 1057 273 1123 ssessionem
309 1057 502 1121 mittendum
535 1078 632 1140 quam
665 1059 750 1123 bona
782 1059 849 1123 eius
881 1058 1050 1142 possideri.

78 1168 94 1211 c
111 1146 330 1211 adnotandum
347 1150 405 1229 est,
419 1145 550 1212 Celsum
565 1147 746 1211 consultum
758 1148 874 1211 nonde
889 1148 1050 1226 latitante,

76 1235 88 1299 l
114 1235 152 1299 de
177 1237 320 1299 absente.

319 1399 359 1458 II.
387 1400 642 1476 Epistularum
665 1400 761 1461 libri.

452 1525 560 1584 Liber
582 1525 634 1584 Xl.

241 1633 290 1698 Dc
312 1636 429 1699 minore
450 1637 562 1716 vipicti
583 1637 718 1718 quinque
740 1636 843 1701 conis.

122 1750 162 1814 D.
176 1750 208 1831 4,
221 1752 251 1831 4,
266 1751 295 1831 3,
312 1751 340 1814 1.
380 1749 469 1814 Idem
495 1746 554 1836 (sc.
577 1747 749 1835 Ulpianus)
773 1750 857 1814 libro
878 1751 1047 1816 undecimo

96 1839 246 1904 edictum.
269 1875 313 1884 —
337 1838 474 1903 ..illud
574 1837 687 1903 Celsus
711 1839 936 1922 Epistularum
964 1839 1048 1904 libro
1170 1921 1173 1927 .

78 1927 203 1993 decimo
331 1931 464 2012 tractat,
501 1949 540 1991 ex
572 1927 659 1992 facto
693 1950 711 1991 a
745 1926 856 1992 Flavio
889 1927 1048 2010 Respecto

76 2022 183 2082 actore
228 2017 402 2082 consultus.
466 2017 574 2080 minor
614 2016 707 2081 annis
748 2015 865 2099 viginti
901 2017 1049 2101 quinque,

75 2128 135 2170 nos
164 2105 249 2169 forte
277 2105 394 2189 viginti
422 2108 575 2188 quattuor
604 2125 716 2191 agens,
744 2103 898 2169 iudicium
925 2105 1049 2169 tutelae

75 2195 145 2259 redi
168 2194 287 2258 tutoris
313 2193 503 2279 dictaverat,
533 2216 607 2269 mor
635 2194 757 2259 factum
785 2197 836 2276 ut,
863 2215 929 2258 non
956 2193 1048 2257 finito

76 2283 151 2348 licio
184 2284 250 2346 iam
278 2303 315 2346 eo
346 2282 466 2347 maiore
495 2283 607 2348 effecto
573 2283 752 2368 triginti
780 2283 933 2433 quinquet
946 2282 1049 2364 annis,

76 2373 153 2436 loris
190 2371 284 2435 heres
322 2373 491 2436 absolutus
529 2374 776 2474 proponeretur,
813 2371 846 2434 in
883 2369 1049 2453 integrum

76 2461 199 2525 stitutio
223 2458 474 2525 desiderabatur
507 2458 700 2525 Celsust
639 2460 700 2545 igit
700 2482 740 2523 ur
757 2459 917 2542 Respecto
937 2458 1049 2540 suasit,

77 2572 100 2613 n
147 2548 243 2613 facile
283 2548 369 2614 hunc
411 2549 571 2633 quondam
614 2551 771 2613 minorem
812 2549 846 2611 in
886 2548 1049 2632 integrum

76 2638 177 2718 stitui,
206 2638 262 2701 sed
290 2639 319 2701 si
347 2639 377 2702 ei
399 2639 593 2722 probaretur
616 2637 775 2702 calliditat
726 2642 793 2701 e
817 2636 992 2701 adversoru
1016 2635 1049 2699 id

76 2731 152 2809 turn,
175 2730 212 2789 ut
234 2727 354 2791 maiore
379 2749 416 2791 eo
441 2728 528 2791 facto
553 2727 704 2790 liberaret
691 2731 756 2806 tur,
779 2746 874 2806 neque
898 2726 980 2790 enim
999 2744 1049 2789 ecc-

77 2836 143 2896 mo,
179 2815 297 2898 inquit,
330 2817 441 2880 iudicii
472 2817 521 2880 die
552 2817 671 2880 videtur
702 2814 802 2880 sotum
833 2816 970 2896 deceptus
1000 2813 1050 2878 bic

76 2925 149 2987 nor,
188 2905 242 2968 sed
278 2909 373 2969 totum
408 2905 463 2970 boc
496 2909 659 2986 structum,
690 2908 726 2967 ut
756 2904 872 2968 maiore
903 2924 936 2967 eo
965 2902 1049 2984 facto
1088 2931 1089 2935 ¹

76 2995 224 3059 oraretur.
270 2993 354 3056 idem
383 2996 494 3057 tamen
523 2993 705 3074 confitetur,
734 2994 761 3073 si
788 2993 891 3056 levior
914 2992 958 3056 sit
981 3013 1049 3054 sus-

76 3082 120 3147 rio
146 3082 324 3146 adversarii
348 3083 440 3166 quasi
464 3082 574 3146 dolose
593 3080 721 3163 versati,
744 3103 811 3145 non
830 3081 944 3145 debere
963 3080 1048 3143 hunc

89 3171 252 3250 integrum
275 3171 411 3234 restitui.

315 3352 369 3412 IlL
394 3353 653 3423 Quaestionum
675 3353 773 3412 libri.

123 3476 337 3546 Quaestionum
366 3477 457 3535 libros
482 3474 585 3535 Celsus
609 3477 777 3553 composuit
804 3478 874 3551 post
898 3474 1048 3533 Fufidium

76 3559 273 3653 [praru-135)
287 3568 448 3643 pluresque
469 3566 565 3625 secuti
580 3568 661 3628 sunt.
687 3565 829 3642 Krueger
842 3565 954 3639 pA‘o‘b
965 3563 1071 3617 ulca.
