2430 3944
153 189 220 254 402
256 189 290 245 V.
309 188 460 245 NERVAE
479 189 527 242 ΕΤ
546 187 699 242 TRAIANI
718 187 826 244 TEMP.
845 187 941 243 IURJS
960 189 1142 245 OONSULTI

157 359 296 436 16,116.
322 359 373 433 28,
389 359 416 430 5,
433 349 501 437 21).
525 355 604 434 quod
627 357 664 414 ad
688 375 736 415 res
760 356 923 431 dequibus
942 358 1100 417 consultus
1118 361 1170 434 est,

156 448 274 523 attinet,
297 465 357 506 non
380 464 452 506 casu
474 446 589 505 factum
608 445 738 521 videtur,
761 450 796 503 ut
814 446 851 503 de
869 449 1053 506 testamento
1078 446 1170 506 archi-

154 535 285 613 guberni
312 554 348 594 ex
376 535 471 595 classe
494 533 669 593 Britannica
693 527 743 614 (D.
764 535 820 606 36,
841 537 873 612 1,
892 524 950 615 48)
974 535 1171 613 responderit,

129 625 206 700 ¹qui
232 624 297 699 ipse
325 624 498 683 Britanniae
525 621 670 682 iuridicus
697 622 804 697 fuerit,
831 629 863 682 et
889 623 1024 683 notabile
1052 628 1098 684 est
1126 643 1171 684 re-

54 746 56 751 ·
155 731 299 790 sponsum
321 712 397 771 illud
422 711 458 770 de
481 711 623 773 beneficio
646 711 836 788 imperatoris
860 703 911 793 (D.
929 715 956 786 1,
971 715 1001 785 4,
1017 707 1061 792 3).

245 801 387 860 Ceterum
409 819 458 860 res
482 801 517 860 de
541 799 649 875 quibus
667 799 826 860 Iavolenus
846 802 1000 860 consultus
1020 805 1076 878 est,
1100 820 1172 862 nou-

154 909 309 966 nunquam
330 888 515 966 provinciam
537 890 683 967 redolent,
706 889 791 948 cuius
815 889 933 966 generis
951 889 982 947 id
1002 908 1067 950 esse
1087 894 1172 967 puta·

153 979 262 1055 verim,
289 978 369 1054 quod
395 978 432 1037 de
460 978 579 1037 homine
606 977 702 1038 libero
725 977 825 1037 vincto
850 978 974 1037 affertur
996 974 1048 1058 (D.
1067 982 1125 1058 41,
1145 982 1171 1053 2,

155 1070 207 1144 23,
218 1061 262 1148 2),
281 1071 318 1127 nt
334 1067 388 1145 qui
400 1066 576 1128 Iauolenum
591 1067 815 1144 cousuluerunt,
833 1071 864 1126 et
878 1067 958 1142 ipsos
973 1068 1005 1126 in
1019 1068 1172 1143 provincie

154 1157 247 1216 fuisse
271 1155 452 1216 credendum
474 1155 527 1229 sit,
552 1155 691 1214 similiter
714 1159 804 1232 atque
828 1155 1016 1216 Modestinus
1041 1157 1079 1216 de
1102 1157 1172 1216 Dal·

156 1245 252 1305 matia
273 1244 438 1321 Ulpianum
461 1244 613 1304 consuluit
635 1236 686 1324 (D.
705 1246 757 1321 47,
777 1247 806 1321 2,
831 1245 883 1323 52,
903 1234 969 1325 20).

246 1333 410 1409 Praecipua
422 1331 558 1393 Iauoleni
571 1351 714 1408 responsa
727 1333 760 1391 in
772 1333 951 1411 fragmentis
966 1333 1172 1408 Epistularum

154 1423 302 1482 librorum
331 1420 539 1498 inveniuntur,
576 1424 757 1501 ceterorum,
787 1440 864 1497 quae
891 1441 961 1481 rara
989 1426 1073 1501 suut,
1104 1440 1172 1501 pars

155 1513 262 1572 saltem
285 1510 392 1570 iisdem
416 1509 504 1570 libris
527 1510 647 1570 videtur
670 1510 871 1570 attribuenda.

507 1717 556 1783 Dc
577 1718 820 1801 fiddcommcbso.

246 1853 275 1917 1.
302 1849 457 1934 D.33,1,
479 1851 529 1916 15.
576 1850 698 1916 Valens
722 1851 807 1917 libro
831 1852 969 1936 septimo
993 1851 1173 1919 Fideicom·

154 1941 330 2005 missorum
355 1938 404 2025 (P.
419 1936 487 2027 22).
505 1976 550 1986 -
568 1939 741 2005 Iavolenus
765 1961 848 2023 eum,
870 1944 924 2024 qui
944 1944 1080 2025 rogatus
1099 1947 1172 2026 post

156 2028 266 2094 decem
286 2050 388 2093 annos
407 2031 577 2093 restituere
596 2030 768 2112 pecuniam
783 2034 858 2094 ante
873 2029 957 2094 diem
972 2030 1171 2114 restituerat,

155 2118 336 2202 respondit,
369 2119 398 2182 si
425 2122 558 2201 propter
585 2117 744 2201 capientis
771 2140 960 2204 personam,
989 2120 1077 2204 quod
1105 2141 1171 2184 rem

154 2207 346 2272 familiarem
369 2207 454 2271 tueri
477 2228 543 2270 non
566 2209 692 2290 posset,
720 2207 754 2271 in
778 2206 861 2272 diem
885 2206 1171 2274 fideicommissum

154 2297 304 2360 relictum
334 2296 490 2379 probetur
519 2298 551 2358 et
573 2295 739 2378 perdituro
764 2296 793 2359 ei
816 2296 849 2359 id
872 2295 965 2360 heres
989 2300 1065 2361 ante
1090 2299 1170 2362 diem

155 2384 362 2466 restituisset,
385 2383 475 2449 nullo
499 2382 595 2448 modo
620 2383 792 2448 liberatum
817 2405 900 2469 esse,
930 2385 1016 2468 quod
1040 2387 1068 2450 si
1092 2390 1171 2450 tem·

155 2495 215 2556 pus
248 2472 375 2536 heredis
403 2493 501 2536 causa
529 2476 742 2558 prorogatum
771 2476 871 2558 esset,
901 2478 937 2537 ut
966 2476 1171 2539 commodum

155 2561 253 2625 medii
276 2561 433 2645 temporis
457 2563 526 2644 ipse
551 2563 698 2643 sentiret,
723 2561 898 2626 liberatum
922 2583 993 2626 eum
1018 2563 1170 2648 intelligi3

155 2671 231 2714 nam
255 2655 288 2714 et
310 2649 384 2733 plus
408 2670 481 2713 eum
505 2650 707 2732 praestitisse
731 2672 827 2735 quam
851 2651 1024 2716 debuisset.

434 2861 484 2927 De
505 2865 613 2928 mortis
635 2883 730 2928 corno
751 2864 885 2945 capione.

244 2997 274 3061 2.
298 2995 335 3063 D.
346 2998 399 3080 39,
409 3000 439 3080 6,
449 2996 501 3061 21.
525 2995 615 3060 Idem
629 2996 688 3082 (sc.
702 2996 864 3082 Iulianus)
879 2997 963 3062 libro
979 2999 1122 3065 secundo
1132 2997 1169 3063 ad

155 3083 307 3151 Urseium
330 3085 493 3150 Ferocem.
515 3122 560 3132 —
583 3085 669 3149 Eum
692 3085 747 3169 qui
770 3090 807 3150 ut
830 3085 935 3151 adiret
958 3086 1168 3153 hereditatem

156 3175 325 3259 pecuniam
350 3176 537 3258 accepisset,
560 3174 715 3259 plerique,
738 3175 773 3238 iu
797 3175 914 3259 quibus
937 3173 1071 3242 Priscus
1096 3198 1168 3263 quo·

155 3285 230 3349 que,
253 3262 489 3347 responderunt
511 3263 625 3327 mortis
650 3285 747 3327 causa
770 3284 841 3328 eam
866 3285 988 3347 capere.

245 3375 280 3436 cf.
304 3374 340 3434 D.
368 3375 423 3450 39,
451 3377 484 3448 6,
505 3376 601 3451 31,2
634 3373 738 3435 Gaius.
773 3374 841 3435 Sine
874 3376 1036 3436 donatione
1072 3381 1166 3437 autam

154 3453 295 3542 (mortis
310 3457 423 3543 causa>
452 3465 570 3540 capitur
596 3463 693 3523 veluti
719 3464 859 3542 pecunia,
892 3484 982 3541 quam
1011 3467 1168 3526 statuliber

149 3556 208 3614 aut
230 3552 397 3632 legatarius
418 3552 508 3612 alicui
527 3552 707 3613 condicionis
725 3552 894 3628 implendae
913 3554 1015 3632 gratia
1033 3555 1167 3615 numerat
