2430 3944
373 203 399 252 4.
422 198 453 252 L.
471 197 654 253 NsaATIUs
673 196 821 254 PRISOUS
1036 197 1100 263 331

83 383 190 446 neque
217 362 386 446 possideat
413 383 517 447 neque
540 361 614 426 dolo
638 363 726 426 malo
750 360 876 438 fecerit,
905 384 968 446 quo
993 362 1099 426 minus

81 449 267 534 possideret
299 449 383 535 quod
412 450 529 515 iudicio
559 451 702 536 revictus,
728 450 920 533 restituerit,
954 473 995 515 an
1024 451 1100 536 quia

80 539 192 624 possit
210 544 243 604 et
262 539 437 604 secundum
457 538 557 604 alium
575 538 719 623 iudicari,
738 561 805 604 non
819 539 914 603 aliter
928 540 1099 604 restituere

82 627 204 692 debeat
227 649 324 713 quam
344 628 372 692 si
391 631 522 692 cautum
541 628 570 691 ei
589 627 697 706 fuerit,
720 627 805 712 quod
826 627 980 693 adversus
1000 628 1100 693 alium

83 715 219 781 eandem
246 716 460 783 hereditatem
488 716 640 781 defendit.
673 714 743 802 [sed
772 716 886 780 melius
914 721 964 781 est
992 717 1099 781 officio

83 804 203 869 iudicis
226 806 376 870 cautione
398 805 450 869 vel
475 805 685 870 satisdatione
709 805 795 869 victo
819 804 947 887 mederi,
971 827 1043 870 oum
1068 812 1100 870 et

82 915 134 958 res
163 894 255 959 salva
282 895 325 958 sit
353 895 382 958 ei
411 895 466 979 qui
493 894 527 958 in
558 894 761 959 exsecutione
784 893 908 958 tardior
930 895 1020 959 venit
1044 895 1099 959 ad-

81 1003 196 1048 versus
219 983 359 1067 priorem
383 984 563 1063 victorem]

173 1093 295 1154 Inclusa
317 1094 411 1154 verba
432 1113 492 1153 non
515 1093 633 1154 Neratii
656 1112 720 1154 osse
743 1094 866 1154 Pernice
893 1094 958 1153 iure
989 1098 1099 1154 censet.

346 1283 396 1349 De
418 1285 588 1366 exceptione
609 1286 656 1349 rei
678 1285 839 1350 iudicatae.

174 1405 227 1473 59.
250 1408 290 1473 D.
304 1410 357 1493 44,
371 1410 402 1492 2,
417 1410 469 1473 27.
505 1407 658 1473 Neratius
678 1409 761 1474 libro
781 1409 920 1492 septimo
940 1407 1100 1473 Membra-

80 1518 208 1561 narum.
236 1531 274 1543 -
300 1495 382 1563 (lum
408 1498 445 1562 de
469 1498 540 1581 hoc,
566 1519 608 1562 an
631 1497 743 1562 eadem
766 1518 817 1562 res
841 1502 901 1583 est,
924 1497 1098 1582 quaeritur,

81 1587 163 1650 haec
182 1586 359 1670 spectanda
377 1590 466 1650 sunt:
485 1607 650 1670 personae,
668 1585 700 1650 id
719 1587 828 1669 ipsum
846 1586 885 1650 de
904 1607 967 1669 quo
982 1587 1098 1672 agitur,

81 1696 182 1738 causa
205 1674 353 1757 proxima
372 1674 520 1739 actionis.
561 1695 620 1739 nec
638 1674 704 1738 iam
723 1675 867 1757 interest,
892 1697 955 1759 qua
973 1675 1098 1741 ratione

82 1763 157 1847 quis
182 1784 254 1827 eam
277 1785 407 1829 causam
432 1763 569 1828 actionis
589 1767 771 1846 competere
791 1764 853 1827 sibi
872 1764 1099 1847 existimasset,

80 1851 217 1935 perinde
241 1874 279 1917 ao
303 1853 330 1917 si
356 1852 438 1936 quis,
461 1856 672 1937 posteaquam
696 1854 810 1916 contra
828 1872 901 1916 eum
920 1850 1098 1917 iudicatum-

80 1944 183 2017 esset,
205 1961 291 2004 nova
313 1941 531 2005 instrumenta
554 1961 670 2005 causae
694 1961 771 2004 suae
794 1940 999 2022 repperisset.

457 2134 507 2202 De
528 2134 722 2217 crsaccpioae.
839 2199 841 2205 .

175 2259 228 2324 60.
256 2258 295 2323 D.
314 2261 366 2342 41,
384 2259 415 2340 3,
434 2260 487 2324 41.
532 2256 621 2323 Idem
644 2257 704 2346 (so.
727 2255 895 2346 Neratius)
919 2258 1004 2323 libro
1029 2280 1098 2343 sep·

81 2349 164 2414 timo
188 2347 459 2414 Membranarum.
486 2384 522 2394 -
550 2347 583 2412 Si
611 2370 680 2412 rem
708 2349 894 2431 subreptam
921 2347 1002 2411 mihi
1024 2370 1097 2432 pro·

81 2441 215 2502 curator
237 2459 327 2501 meus
352 2436 577 2522 adprehendit,
601 2437 749 2521 quamvis
773 2458 831 2520 por
853 2440 1096 2520 procuratorem

79 2525 320 2610 possessionem
352 2527 453 2609 apisci
486 2547 546 2589 nos
580 2526 644 2589 iam
676 2526 743 2590 fere
776 2527 961 2608 conveniat,
993 2526 1096 2590 nihilo

80 2615 188 2700 magis
217 2635 288 2678 eam
315 2613 351 2678 in
378 2617 575 2698 potestatem
602 2637 708 2679 meam
731 2615 854 2679 redisse
876 2635 1001 2698 usuque
1025 2615 1097 2699 oapi

79 2725 176 2786 posse
209 2702 460 2767 existimandum
493 2707 554 2783 est,
588 2704 663 2786 quia
696 2708 809 2768 contra
842 2703 941 2767 statui
974 2705 1096 2787 captio-

80 2814 155 2856 sum
180 2792 251 2856 erit.

486 2896 536 2962 De
557 2898 694 2981 deposito

172 3020 226 3085 61.
249 3018 287 3085 D.
304 3023 355 3104 17,
373 3023 403 3104 1,
417 3021 468 3085 39.
506 3019 660 3085 Neratius
680 3021 763 3085 libro
784 3022 920 3106 septimo
936 3020 1095 3087 Membra·

79 3131 208 3174 narum.
231 3145 274 3155 -
297 3109 342 3175 Et
370 3109 518 3174 Aristoni
537 3112 581 3173 et
608 3107 702 3175 Celso
731 3109 818 3195 patri
846 3111 970 3194 placuit
999 3133 1095 3194 posse

80 3221 150 3263 rem
176 3196 240 3263 hac
263 3198 449 3264 condicione
473 3197 591 3283 deponi
615 3197 869 3283 mandatumque
892 3194 1095 3286 (condicione

80 3287 219 3352 fiduciae
243 3285 378 3373 causat)
407 3288 541 3371 suscipi,
569 3292 607 3350 ut
632 3308 686 3351 res
714 3287 858 3371 periculo
882 3290 949 3352 eius
974 3289 1017 3352 sit
1041 3289 1095 3373 qui

82 3375 268 3460 depositum
286 3377 338 3440 vel
358 3376 547 3440 mandatum
565 3373 721 3460 (depositi
737 3376 787 3440 vel
801 3376 947 3440 mandati
962 3375 1095 3461 causat)

82 3464 241 3548 suscepit,
264 3465 348 3550 quod
373 3468 405 3528 et
429 3464 509 3528 mihi
534 3485 643 3528 verum
666 3485 736 3528 esse
760 3464 896 3529 videtur.

171 3556 295 3619 Pernioe
318 3559 366 3618 III
388 3581 417 3636 p.
434 3559 495 3617 139
520 3578 548 3616 n.
565 3560 592 3618 2.
