2430 3944
370 177 395 226 4.
420 171 450 226 L.
469 170 654 228 NERATIUS
671 170 819 229 PRISOUS
1032 175 1098 242 305

485 369 535 435 De
556 371 703 435 sometote.

175 495 226 560 34.
254 493 294 557 D.
313 496 406 579 17‚2,
420 495 472 559 62.
516 493 713 578 Pomponius
740 495 824 560 libro
848 497 1096 566 tertiodecimo

86 584 125 648 ad
160 582 316 648 Sabinum
349 582 397 666 (P.
416 581 505 669 586).
532 621 577 631 -
609 581 643 648 si
675 582 780 648 Titius
812 606 886 649 cum
918 607 983 670 quo
1016 588 1097 653 mihi

86 673 224 736 societas
261 677 332 737 erat
367 671 542 738 decesserit
578 693 701 758 egoque
735 693 807 737 cum
838 677 987 757 putarem
1019 675 1098 741 Titii

85 761 298 826 hereditatem
325 760 365 824 ad
389 759 498 826 Seium
521 763 697 845 pertinere,
725 762 939 827 communiter
962 786 1035 828 cum
1059 787 1097 830 eo

86 872 136 914 res
165 849 365 914 vendiderim
385 853 426 914 ¹et
454 855 580 934 partem
602 849 756 934 pecuniae
780 871 818 914 ex
842 851 1025 917 venditione
1048 875 1096 918 re·
1180 889 1183 896 ·

85 940 198 1004 ductae
227 959 303 1023 ego,
330 942 456 1022 partem
480 937 571 1003 Seius
600 938 785 1021 abstulerit,
811 944 858 1022 te,
886 941 998 1024 quire
1021 964 1098 1008 vera

85 1028 174 1092 Titio
196 1027 290 1091 heres
313 1047 356 1110 es,
379 1031 505 1109 partem
525 1026 565 1091 ad
585 1049 635 1090 me
654 1027 802 1091 redactae
821 1030 976 1110 pecuniae
996 1032 1097 1095 socie-

87 1117 166 1181 tatis
200 1115 317 1180 iudioio
350 1136 417 1180 non
449 1120 694 1180 consecuturum
721 1113 857 1180 Neratio
891 1121 923 1181 et
952 1119 1098 1184 Aristoni

85 1205 248 1288 placebat,
285 1205 360 1287 quia
396 1225 487 1268 meae
521 1203 689 1268 dumtaxat
720 1205 822 1287 partis
854 1206 960 1288 pretia
991 1229 1097 1290 perce·

86 1294 222 1378 pissem,
249 1313 351 1376 neque
379 1289 572 1376 interesset¹,
600 1298 708 1356 utrum
736 1314 851 1376 perse
875 1300 985 1377 partes
1009 1318 1096 1362 meas

85 1381 300 1447 vendidissem
320 1404 361 1445 an
379 1382 592 1446 communiter
607 1403 680 1446 cum
695 1402 742 1465 ec,
762 1381 818 1466 qui
832 1381 973 1467 reliquas
986 1388 1096 1468 partes

87 1473 127 1535 ad
147 1492 180 1535 se
199 1470 360 1554 pertinere
380 1469 510 1534 diceret.
552 1469 697 1554 alioquin
716 1473 916 1556 eventurum,
933 1476 970 1536 ut
990 1473 1098 1555 etiam,

85 1561 113 1623 si
136 1559 200 1624 duo
225 1559 304 1624 socii
322 1580 391 1623 rem
410 1558 619 1642 vendiderint,
642 1559 861 1643 unusquisque
879 1557 992 1645 <eins>
1012 1561 1098 1645 quod

86 1648 126 1712 ad
150 1670 184 1712 se
208 1647 390 1731 pervenerit
412 1651 539 1732 partem
563 1647 657 1711 alteri
680 1647 845 1712 societatis
868 1648 986 1714 iudicio
1005 1671 1097 1732 prae-

85 1741 172 1802 stare
201 1736 324 1801 debeat.
370 1737 426 1800 sed
454 1757 512 1800 nec
539 1739 571 1799 te
594 1756 632 1799 ex
654 1739 760 1819 parte,
789 1757 886 1821 quam
907 1737 1097 1803 hereditatis

86 1825 244 1911 petitione
263 1824 349 1889 forte
368 1846 388 1887 a
406 1822 479 1888 Seio
499 1826 730 1889 consecuturus
749 1823 803 1906 sis,
828 1823 999 1908 quicquam
1017 1827 1098 1892 mihi

88 1918 253 1998 praestare
277 1912 402 1996 debere,
426 1913 502 1997 quia
521 1912 605 1996 quod
626 1912 666 1976 ad
685 1910 794 1976 Seium
812 1913 1003 1997 pervenerit,
1025 1920 1096 1980 tua-

85 2025 157 2066 rum
181 2001 325 2087 partium
347 2002 488 2085 pretium
512 2002 555 2065 sit
576 2022 636 2065 nec
660 2000 701 2064 ad
724 2021 775 2064 me
796 2001 971 2066 habentem
990 2024 1096 2067 meum

83 2092 257 2176 quicquam
281 2111 319 2154 ex
344 2112 381 2154 eo
404 2090 509 2154 redire
534 2089 658 2154 debeat.

175 2179 226 2244 35.
256 2177 486 2262 D,17,2‚52‚
507 2179 556 2243 16.
606 2177 696 2242 Idem
724 2174 782 2263 (sc.
806 2174 982 2264 Ulpianus)
1012 2178 1096 2244 libro

84 2268 278 2353 trigensimo
311 2268 417 2351 primo
451 2267 491 2331 ad
524 2267 665 2331 edictum
698 2263 746 2350 (P.
766 2265 869 2352 922⁶).
900 2302 938 2312 —
968 2264 1097 2332 Sooium

86 2358 239 2422 universa
261 2356 295 2420 in
315 2357 503 2420 societatem
522 2353 668 2421 conferre
686 2354 802 2419 debere
821 2353 975 2420 Neratius
995 2356 1051 2438 ait,
1070 2357 1097 2421 si

84 2446 231 2510 omnium
255 2445 414 2510 bonorum
438 2445 544 2509 socius
564 2444 615 2508 sit.
653 2445 686 2506 et
703 2443 776 2508 ideo
796 2443 863 2507 sive
883 2442 924 2508 ob
944 2443 1096 2510 iniuriam

86 2535 149 2598 sibi
176 2535 297 2599 factam
325 2534 375 2597 vel
403 2532 536 2618 exlege
559 2532 704 2617 Aquilia,
732 2532 799 2596 sive
822 2532 923 2616 ipsius
948 2533 1014 2597 sive
1037 2534 1096 2599 filii

82 2623 217 2707 corpori
240 2622 384 2687 nocitum
408 2621 464 2706 sit,
489 2621 632 2687 conferre
656 2621 771 2686 debere
794 2619 967 2704 respoudit.

466 2797 516 2863 De
537 2798 720 2880 fideiussore.

176 2924 226 2988 36.
251 2922 289 2987 D.
305 2924 379 3006 4,3,
395 2923 445 2988 19.
483 2922 679 3006 Papinianus
701 2922 789 2987 libro
811 2921 1002 3006 brigensimo
1027 2945 1097 3007 sep·

84 3013 168 3077 timo
183 3011 416 3087 Quaestionum
432 3011 481 3098 (P.
496 3008 587 3098 380).
603 3008 693 3074 —Si
711 3009 881 3075 fideiussor
899 3011 1094 3094 promissum

86 3100 208 3165 animal
232 3104 307 3165 ante
329 3122 456 3165 moram
479 3100 640 3183 occiderit,
664 3100 701 3163 de
726 3099 799 3164 dolo
824 3099 984 3164 actionem
1005 3100 1094 3165 reddi

86 3189 239 3254 adversus
272 3211 345 3253 eum
378 3192 524 3273 oportere
552 3186 704 3253 Neratius
730 3185 861 3252 Priscus
891 3191 923 3252 et
949 3188 1095 3253 Iulianus

86 3278 335 3362 responderunt,
377 3279 530 3362 quoniam
570 3277 713 3341 debitore
750 3276 888 3341 liberato
925 3298 984 3361 per
1020 3299 1096 3341 con-

81 3367 268 3451 sequentias
291 3367 361 3452 ipse
385 3388 511 3451 quoque
536 3365 718 3430 dimittitur.

159 3547 172 3593 1
193 3540 241 3597 Fl.
260 3541 405 3597 interesse.

139 3640 236 3689 Inrispr.
249 3640 364 3682 antemi:
378 3640 426 3681 rell.
442 3641 475 3683 ed.
490 3641 592 3684 Bremer.
615 3642 650 3697 11,
659 3644 679 3686 2.
860 3634 899 3684 ἱῦ
