2430 3944
98 166 163 231 112
179 165 226 222 III.
236 165 313 222 ann
323 163 471 220 CLAUDII
480 161 616 220 NERON.
625 161 771 218 GALBAE
782 162 890 220 raMP.
899 162 999 222 mals
1009 163 1065 222 001

97 335 170 396 emit
196 335 295 394 lacum
318 333 498 393 Sabatenem
519 332 721 408 Angularium
749 335 781 391 et
808 332 887 393 circa
915 352 985 393 eum
1012 334 1065 394 laci

95 424 187 502 pedes
214 417 351 502 decem’).
396 422 448 497 qui
475 421 637 481 Proculum
663 422 871 490 consulebant,
898 423 949 484 vel
975 422 1065 498 priori

95 512 373 573 iurisconsultorum
395 510 559 571 sententias
582 510 749 571 afferebant
773 502 823 592 (D.
839 511 891 587 28,
911 512 942 585 5,
957 512 1004 571 70
1027 505 1065 570 ‘Or

95 602 194 662 nelias
214 606 244 660 et
261 601 406 676 Maevius,
427 602 497 659 uter
515 618 619 658 eorum
637 599 728 676 volet,
750 598 837 658 heres
856 591 943 659 esto?
984 601 1065 678 uterq

95 691 183 752 vult.
199 689 357 749 Trebatius
374 691 518 748 neutrum
533 689 597 747 fore
611 687 760 764 heredem,
779 685 924 748 Cartilius
938 689 1065 767 utrumqr

96 783 132 839 tu
151 780 201 839 oui
218 771 409 838 adsentiaris'
415 768 445 857 l)
462 778 511 836 vel
530 776 603 853 quid
619 775 678 853 ipsi
692 776 728 836 de
742 795 774 835 re
788 777 944 852 proposita
958 777 1065 837 sentire:

97 869 236 928 dicebant
259 862 309 944 (D.
329 869 358 944 8,
379 868 407 942 2,
428 868 483 939 13,
515 865 568 924 ubi
594 865 688 924 verba
715 883 805 942 supra
827 865 923 925 allata
945 867 1065 942 sequani

97 958 182 1016 baec:
202 951 273 1014 ‘non
290 955 363 1015 licet
380 957 483 1014 autern
500 954 623 1013 tubulos
639 953 750 1014 babere
765 954 901 1014 admotos
916 954 955 1013 ad
967 955 1065 1030 pariet

98 1063 303 1117 communem,
336 1043 425 1104 sicuti
456 1061 494 1102 ne
525 1042 672 1118 parietem
702 1042 823 1120 quidem
849 1060 940 1119 super
967 1043 1065 1119 pariete

98 1152 298 1210 communem3
321 1132 358 1192 de
380 1132 493 1191 tubulis
512 1150 547 1190 eo
566 1131 697 1207 amplius
715 1132 772 1191 hoo
789 1131 865 1191 iuris
884 1135 940 1209 est,
961 1132 1065 1209 quodp

97 1242 148 1282 eos
172 1223 293 1281 flamma
315 1222 448 1280 torretur
470 1212 606 1299 paries').
647 1239 701 1295 per
723 1221 843 1280 litteras
866 1221 1019 1280 consultus
1035 1219 1065 1279 Pr

98 1311 183 1372 culus
209 1310 320 1369 litteris
347 1308 549 1385 respondebat
576 1302 627 1390 (D.
648 1310 699 1369 31.
718 1311 760 1368 48
789 1302 955 1369 Ἱιίοἰιιιιίιιε
980 1309 1065 1368 Lucus

97 1399 222 1460 Proculo
246 1417 299 1458 suo
323 1399 459 1458 salutem.
541 1397 686 1457 Proculus
705 1396 855 1457 Lucustae
874 1418 928 1458 suo
948 1397 1065 1458 salutem

187 1487 360 1548 Triboniani
370 1506 441 1547 vero
452 1487 572 1546 adiutor
580 1487 739 1563 plerasque
749 1486 894 1562 epistulas
909 1506 969 1547 non
979 1487 1065 1564 integr

99 1576 260 1654 expressit,
297 1578 347 1636 sed
380 1578 501 1636 tantum
531 1578 663 1650 partem,
694 1575 829 1650 inprimis
858 1576 926 1652 ipsa
957 1591 1065 1654 respons

98 1666 266 1741 exemplum
283 1665 376 1724 habes
393 1663 571 1743 D.23,3‚67
587 1657 743 1723 ‘Proculus
757 1663 869 1740 Nepoti
888 1682 942 1724 suo
962 1665 1065 1724 salutes

98 1773 165 1813 oum
184 1772 360 1829 responsum
378 1757 498 1812 tautum
517 1751 663 1831 redditur,
682 1753 826 1812 salutatio
846 1772 965 1830 quoque
981 1754 1065 1829 plerm

98 1861 156 1920 que
188 1842 288 1902 deleta
320 1847 366 1901 est
395 1887 402 1901 .
430 1843 566 1917 exempla
597 1841 689 1902 habes
722 1842 758 1901 D.
778 1843 831 1915 49,
854 1843 905 1920 15,
929 1844 1001 1918 lpr.
1031 1835 1065 1899 ‘ll

98 1931 204 1991 dubito
232 1930 305 2009 quin
329 1924 393 1990 ...'
421 1931 457 1991 D.
473 1933 525 2008 32,
541 1932 581 1990 86
606 1925 652 1988 ‘Si
677 1931 723 1989 ita
748 1931 885 2008 legatum
908 1934 956 1991 est
978 1946 1065 1993 ...ιι

97 2021 172 2096 puto
197 2014 274 2096 ...',
301 2020 336 2081 D.
353 2022 405 2098 31,
419 2022 460 2080 46
486 2013 532 2078 ‘Si
560 2018 728 2095 scripsisset
755 2019 807 2096 qui
832 2020 956 2097 legabat
980 2036 1064 2080 ..ιι

98 2109 267 2168 dubitarem
292 2155 298 2167 .
314 2154 321 2167 .
336 2102 355 2169 .'

185 2198 222 2256 Ιιι
253 2197 320 2256 aliis
350 2196 454 2257 multis
481 2196 657 2275 fragmentis
685 2195 816 2274 genuina
843 2196 988 2271 epistulae
1014 2196 1065 2256 forr

98 2287 172 2346 adeo
196 2287 296 2345 deleta
318 2289 376 2361 est,
399 2289 435 2345 ut
458 2289 488 2345 et
511 2285 691 2345 consultatio
716 2288 747 2343 et
769 2302 946 2360 responsum
967 2286 1064 2344 inbre

99 2378 235 2433 coactum
254 2375 302 2450 sit,
326 2375 410 2434 ouius
428 2376 472 2433 rei
491 2374 659 2449 exemplum
676 2373 802 2450 praebet
820 2374 856 2431 D.
871 2375 901 2450 4,
918 2375 947 2447 3,
964 2376 1003 2434 31
1026 2367 1065 2431 ‘Or

99 2463 165 2539 quis
188 2464 373 2538 persuaserit
395 2463 527 2522 familiae
549 2480 641 2534 meae,
665 2465 700 2521 ut
719 2463 755 2520 de
774 2463 962 2538 possessione
982 2458 1065 2522 deced

98 2551 247 2627 possessio
265 2542 389 2628 ¹quidem
407 2570 466 2609 non
485 2551 644 2628 amittitur,
663 2550 715 2610 sed
734 2551 770 2610 de
790 2550 858 2610 dolo
877 2551 957 2611 malo
971 2550 1065 2611 iudicii

97 2638 130 2697 in
157 2658 227 2698 eum
254 2641 409 2716 competit,
437 2640 463 2698 si
490 2639 562 2716 quid
587 2639 688 2698 damni
710 2639 784 2697 mihi
809 2635 989 2701 accesserit’.
1034 2638 1065 2699 eii

99 2728 179 2787 modi
209 2728 446 2806 fragmentorum
473 2727 606 2787 condicio
634 2728 808 2787 Triboniani
838 2727 985 2788 adiutoris
1013 2745 1065 2806 neg

99 2817 423 2893 gentianonnunquam
433 2816 601 2875 miserrima
614 2821 669 2894 est,
683 2817 779 2876 veluti
788 2816 824 2875 D.
834 2818 884 2893 34,
893 2819 922 2888 2,
933 2819 972 2876 11
990 2811 1033 2876 ‘Si
1047 2836 1065 2895 q

98 2906 247 2981 legaverit
282 2924 389 2965 aurum
425 2924 558 2983 gemmas
590 2905 771 2982 margaritas
803 2924 880 2982 quae
911 2905 943 2964 in
974 2924 1009 2965 eo
1041 2924 1065 2964 ar

100 2997 212 3069 essent,
240 2995 331 3054 etiam
357 2995 390 3053 id
416 3013 538 3097 aurum3
564 2994 613 3053 oui
637 3013 734 3070 neque
757 3012 893 3072 gemmae
915 3013 1013 3072 neque
1035 3015 1065 3053 m

99 3084 215 3160 garitae
242 3085 383 3162 inessent,
409 3085 526 3160 legasse
549 3077 691 3160 videtur',
723 3084 846 3142 etcum
869 3083 941 3159 quid
959 3083 1066 3159 ipseP

101 3172 187 3231 culus
210 3172 303 3253 diem,
326 3174 502 3249 plerumque
526 3191 562 3230 ne
585 3171 714 3232 divinari
737 3171 857 3248 quidem
880 3173 990 3249 possit,
1013 3171 1045 3231 in

100 3261 278 3339 fragmentis
301 3260 472 3338 repetendis
496 3261 745 3336 acquiescendum
767 3264 821 3321 est.

189 3348 312 3410 Certum
344 3370 444 3409 rerum
476 3348 611 3408 ordinem
642 3350 673 3408 in
699 3349 908 3425 Epistularum
939 3349 1027 3408 libris
1053 3367 1065 3408 r

100 3437 228 3498 inveniri
259 3438 317 3501 viri
347 3439 427 3498 docti
453 3441 583 3498 monent.
634 3439 772 3516 Krueger
798 3459 827 3515 p.
849 3440 921 3498 153.
967 3437 1058 3497 Lenel

101 3529 154 3586 ool.
172 3530 233 3588 159
254 3548 281 3587 ιι.
299 3530 326 3587 2.
372 3528 504 3605 singulos
527 3527 623 3605 igitur
645 3527 738 3587 libros
763 3545 897 3586 seorsum
921 3530 952 3586 et
975 3527 1065 3586 deinoi
