<?xml version="1.0" encoding="UTF-8"?>
<!DOCTYPE html PUBLIC "-//W3C//DTD XHTML 1.0 Transitional//EN"
    "http://www.w3.org/TR/xhtml1/DTD/xhtml1-transitional.dtd">
<html xmlns="http://www.w3.org/1999/xhtml" xml:lang="en" lang="en">
 <head>
  <title>
</title>
<meta http-equiv="Content-Type" content="text/html;charset=utf-8" />
  <meta name='ocr-system' content='tesseract 3.04.00' />
  <meta name='ocr-capabilities' content='ocr_page ocr_carea ocr_par ocr_line ocrx_word'/>
</head>
<body>
  <div class='ocr_page' id='page_1' title='image "./iurisprudentiae02bremgoog_0341.png"; bbox 0 0 2430 3944; ppageno 0'>
   <div class='ocr_carea' id='block_1_1' title="bbox 137 185 1120 258">
    <p class='ocr_par' dir='ltr' id='par_1_1' title="bbox 137 185 1120 258">
     <span class='ocr_line' id='line_1_1' title="bbox 137 185 1120 258; baseline -0.008 -10"><span class='ocrx_word' id='word_1_1' title='bbox 137 193 202 258; x_wconf 85' lang='lat'>308</span> <span class='ocrx_word' id='word_1_2' title='bbox 239 191 272 248; x_wconf 90' lang='lat' dir='ltr'>V.</span> <span class='ocrx_word' id='word_1_3' title='bbox 291 189 442 246; x_wconf 80' lang='lat' dir='ltr'>NERVAE</span> <span class='ocrx_word' id='word_1_4' title='bbox 461 191 508 245; x_wconf 81' lang='lat' dir='ltr'>ET</span> <span class='ocrx_word' id='word_1_5' title='bbox 526 188 678 248; x_wconf 78' lang='lat' dir='ltr'>TRAIANI</span> <span class='ocrx_word' id='word_1_6' title='bbox 696 187 804 242; x_wconf 83' lang='grc' dir='ltr'>ΤΕΜΡ.</span> <span class='ocrx_word' id='word_1_7' title='bbox 823 185 919 241; x_wconf 85' lang='lat' dir='ltr'><strong>IURIS</strong></span> <span class='ocrx_word' id='word_1_8' title='bbox 939 186 1120 244; x_wconf 82' lang='lat' dir='ltr'>CONSULTI</span> 
     </span>
    </p>
   </div>
   <div class='ocr_carea' id='block_1_2' title="bbox 139 348 1153 527">
    <p class='ocr_par' dir='ltr' id='par_1_2' title="bbox 139 348 1153 527">
     <span class='ocr_line' id='line_1_2' title="bbox 139 348 1153 437; baseline -0.005 -17"><span class='ocrx_word' id='word_1_9' title='bbox 139 357 267 437; x_wconf 90' lang='lat' dir='ltr'>debere,</span> <span class='ocrx_word' id='word_1_10' title='bbox 297 354 353 419; x_wconf 91' lang='lat' dir='ltr'>sed</span> <span class='ocrx_word' id='word_1_11' title='bbox 381 351 559 418; x_wconf 84' lang='lat' dir='ltr'>interduml</span> <span class='ocrx_word' id='word_1_12' title='bbox 581 352 743 436; x_wconf 88' lang='lat' dir='ltr'>proficisci</span> <span class='ocrx_word' id='word_1_13' title='bbox 767 348 807 414; x_wconf 93' lang='lat' dir='ltr'>ad</span> <span class='ocrx_word' id='word_1_14' title='bbox 831 372 918 434; x_wconf 89' lang='lat' dir='ltr'>eum,</span> <span class='ocrx_word' id='word_1_15' title='bbox 946 353 997 416; x_wconf 90' lang='lat' dir='ltr'>cui</span> <span class='ocrx_word' id='word_1_16' title='bbox 1020 351 1153 416; x_wconf 84' lang='lat' dir='ltr'>reddere</span> 
     </span>
     <span class='ocr_line' id='line_1_3' title="bbox 140 439 1024 527; baseline -0.005 -19"><span class='ocrx_word' id='word_1_17' title='bbox 140 445 257 510; x_wconf 91' lang='lat' dir='ltr'>debeat</span> <span class='ocrx_word' id='word_1_18' title='bbox 281 444 407 527; x_wconf 88' lang='lat' dir='ltr'>[utique</span> <span class='ocrx_word' id='word_1_19' title='bbox 431 443 458 507; x_wconf 93' lang='lat' dir='ltr'>si</span> <span class='ocrx_word' id='word_1_20' title='bbox 482 441 510 507; x_wconf 91' lang='lat' dir='ltr'>is</span> <span class='ocrx_word' id='word_1_21' title='bbox 533 440 580 505; x_wconf 89' lang='lat' dir='ltr'>rei</span> <span class='ocrx_word' id='word_1_22' title='bbox 603 440 752 524; x_wconf 87' lang='lat' dir='ltr'>publicae</span> <span class='ocrx_word' id='word_1_23' title='bbox 775 461 873 503; x_wconf 89' lang='lat' dir='ltr'>causa</span> <span class='ocrx_word' id='word_1_24' title='bbox 895 439 1024 524; x_wconf 92' lang='lat' dir='ltr'>aberit].</span> 
     </span>
    </p>
   </div>
   <div class='ocr_carea' id='block_1_3' title="bbox 139 552 1072 722">
    <p class='ocr_par' dir='ltr' id='par_1_3' title="bbox 139 552 1072 722">
     <span class='ocr_line' id='line_1_4' title="bbox 139 552 709 615; baseline -0.004 0"><span class='ocrx_word' id='word_1_25' title='bbox 139 602 141 607; x_wconf 86' lang='lat'>.</span> <span class='ocrx_word' id='word_1_26' title='bbox 226 555 347 615; x_wconf 80' lang='lat' dir='ltr'><strong>Inclusa</strong></span> <span class='ocrx_word' id='word_1_27' title='bbox 369 555 463 614; x_wconf 83' lang='lat' dir='ltr'>verbe</span> <span class='ocrx_word' id='word_1_28' title='bbox 484 552 608 613; x_wconf 88' lang='lat' dir='ltr'>Pernice</span> <span class='ocrx_word' id='word_1_29' title='bbox 632 553 709 613; x_wconf 88' lang='lat' dir='ltr'>eicit.</span> 
     </span>
     <span class='ocr_line' id='line_1_5' title="bbox 227 641 1072 722; baseline -0.006 -19"><span class='ocrx_word' id='word_1_30' title='bbox 227 645 441 722; x_wconf 84' lang='lat' dir='ltr'>Fragmentum</span> <span class='ocrx_word' id='word_1_31' title='bbox 465 641 673 717; x_wconf 76' lang='lat' dir='ltr'><strong>Epistularum</strong></span> <span class='ocrx_word' id='word_1_32' title='bbox 695 642 781 701; x_wconf 91' lang='lat' dir='ltr'>libris</span> <span class='ocrx_word' id='word_1_33' title='bbox 803 641 874 701; x_wconf 91' lang='lat' dir='ltr'>licet</span> <span class='ocrx_word' id='word_1_34' title='bbox 896 641 1072 701; x_wconf 69' lang='lat' dir='ltr'>attribuere.</span> 
     </span>
    </p>
   </div>
   <div class='ocr_carea' id='block_1_4' title="bbox 380 838 912 912">
    <p class='ocr_par' dir='ltr' id='par_1_4' title="bbox 380 838 912 912">
     <span class='ocr_line' id='line_1_6' title="bbox 380 838 912 912; baseline -0.002 -15"><span class='ocrx_word' id='word_1_35' title='bbox 380 838 427 897; x_wconf 84' lang='lat' dir='ltr'>De</span> <span class='ocrx_word' id='word_1_36' title='bbox 449 839 537 912; x_wconf 77' lang='lat' dir='ltr'>fundi</span> <span class='ocrx_word' id='word_1_37' title='bbox 559 838 698 897; x_wconf 76' lang='lat' dir='ltr'>locutione</span> <span class='ocrx_word' id='word_1_38' title='bbox 721 838 912 897; x_wconf 76' lang='lat' dir='ltr'>conductione.</span> 
     </span>
    </p>
   </div>
   <div class='ocr_carea' id='block_1_5' title="bbox 56 956 1158 2548">
    <p class='ocr_par' dir='ltr' id='par_1_5' title="bbox 56 956 1158 2548">
     <span class='ocr_line' id='line_1_7' title="bbox 228 956 1155 1040; baseline -0.003 -17"><span class='ocrx_word' id='word_1_39' title='bbox 228 960 258 1023; x_wconf 84' lang='lat'>4.</span> <span class='ocrx_word' id='word_1_40' title='bbox 285 958 326 1023; x_wconf 91' lang='lat' dir='ltr'>D.</span> <span class='ocrx_word' id='word_1_41' title='bbox 342 958 392 1037; x_wconf 85' lang='lat'>19,</span> <span class='ocrx_word' id='word_1_42' title='bbox 406 958 436 1040; x_wconf 85' lang='lat'>2,</span> <span class='ocrx_word' id='word_1_43' title='bbox 454 956 503 1039; x_wconf 84' lang='lat'>19,</span> <span class='ocrx_word' id='word_1_44' title='bbox 517 957 547 1020; x_wconf 80' lang='lat'>2.</span> <span class='ocrx_word' id='word_1_45' title='bbox 592 956 751 1040; x_wconf 84' lang='lat' dir='ltr'><strong>Ulpianus</strong></span> <span class='ocrx_word' id='word_1_46' title='bbox 779 956 863 1021; x_wconf 88' lang='lat' dir='ltr'>libro</span> <span class='ocrx_word' id='word_1_47' title='bbox 891 956 1083 1040; x_wconf 83' lang='lat' dir='ltr'>trigensimo</span> <span class='ocrx_word' id='word_1_48' title='bbox 1108 977 1155 1020; x_wconf 91' lang='lat' dir='ltr'>se-</span> 
     </span>
     <span class='ocr_line' id='line_1_8' title="bbox 139 1042 1155 1130; baseline -0.008 -15"><span class='ocrx_word' id='word_1_49' title='bbox 139 1048 243 1115; x_wconf 91' lang='lat' dir='ltr'>cundo</span> <span class='ocrx_word' id='word_1_50' title='bbox 273 1046 313 1111; x_wconf 89' lang='lat' dir='ltr'>ad</span> <span class='ocrx_word' id='word_1_51' title='bbox 341 1045 481 1111; x_wconf 87' lang='lat' dir='ltr'>edietum</span> <span class='ocrx_word' id='word_1_52' title='bbox 505 1044 554 1130; x_wconf 88' lang='lat' dir='ltr'>(P.</span> <span class='ocrx_word' id='word_1_53' title='bbox 568 1044 658 1130; x_wconf 85' lang='lat'>951).</span> <span class='ocrx_word' id='word_1_54' title='bbox 685 1082 721 1091; x_wconf 95' lang='lat'>-</span> <span class='ocrx_word' id='word_1_55' title='bbox 746 1043 832 1109; x_wconf 92' lang='lat' dir='ltr'>Illud</span> <span class='ocrx_word' id='word_1_56' title='bbox 858 1045 952 1109; x_wconf 89' lang='lat' dir='ltr'>nobis</span> <span class='ocrx_word' id='word_1_57' title='bbox 980 1042 1155 1108; x_wconf 82' lang='lat' dir='ltr'>videndum</span> 
     </span>
     <span class='ocr_line' id='line_1_9' title="bbox 140 1133 1155 1220; baseline -0.007 -17"><span class='ocrx_word' id='word_1_58' title='bbox 140 1142 199 1218; x_wconf 87' lang='lat' dir='ltr'>est,</span> <span class='ocrx_word' id='word_1_59' title='bbox 224 1138 251 1200; x_wconf 91' lang='lat' dir='ltr'>si</span> <span class='ocrx_word' id='word_1_60' title='bbox 275 1136 347 1220; x_wconf 92' lang='lat' dir='ltr'>quis</span> <span class='ocrx_word' id='word_1_61' title='bbox 370 1134 506 1198; x_wconf 91' lang='lat' dir='ltr'>fundum</span> <span class='ocrx_word' id='word_1_62' title='bbox 529 1134 692 1218; x_wconf 77' lang='lat' dir='ltr'>locaverit,</span> <span class='ocrx_word' id='word_1_63' title='bbox 716 1155 797 1217; x_wconf 90' lang='lat' dir='ltr'>quae</span> <span class='ocrx_word' id='word_1_64' title='bbox 820 1133 924 1198; x_wconf 79' lang='lat' dir='ltr'><strong>soleat</strong></span> <span class='ocrx_word' id='word_1_65' title='bbox 946 1133 1155 1197; x_wconf 90' lang='lat' dir='ltr'>instrumenti</span> 
     </span>
     <span class='ocr_line' id='line_1_10' title="bbox 140 1221 1155 1306; baseline -0.005 -16"><span class='ocrx_word' id='word_1_66' title='bbox 140 1226 270 1290; x_wconf 89' lang='lat' dir='ltr'>nomine</span> <span class='ocrx_word' id='word_1_67' title='bbox 295 1223 481 1288; x_wconf 90' lang='lat' dir='ltr'>conductori</span> <span class='ocrx_word' id='word_1_68' title='bbox 503 1227 678 1306; x_wconf 89' lang='lat' dir='ltr'>praestare,</span> <span class='ocrx_word' id='word_1_69' title='bbox 702 1243 844 1305; x_wconf 91' lang='lat' dir='ltr'>quaeque</span> <span class='ocrx_word' id='word_1_70' title='bbox 869 1221 897 1286; x_wconf 92' lang='lat' dir='ltr'>si</span> <span class='ocrx_word' id='word_1_71' title='bbox 916 1243 982 1301; x_wconf 90' lang='lat' dir='ltr'>non</span> <span class='ocrx_word' id='word_1_72' title='bbox 1000 1225 1155 1305; x_wconf 88' lang='lat' dir='ltr'>praestet,</span> 
     </span>
     <span class='ocr_line' id='line_1_11' title="bbox 142 1309 1155 1394; baseline -0.006 -15"><span class='ocrx_word' id='word_1_73' title='bbox 142 1336 180 1379; x_wconf 83' lang='lat' dir='ltr'>ex</span> <span class='ocrx_word' id='word_1_74' title='bbox 198 1315 305 1378; x_wconf 90' lang='lat' dir='ltr'>locato</span> <span class='ocrx_word' id='word_1_75' title='bbox 323 1314 461 1376; x_wconf 88' lang='lat' dir='ltr'>tenetur.</span> <span class='ocrx_word' id='word_1_76' title='bbox 499 1315 531 1375; x_wconf 92' lang='lat' dir='ltr'>et</span> <span class='ocrx_word' id='word_1_77' title='bbox 550 1315 600 1375; x_wconf 88' lang='lat' dir='ltr'>est</span> <span class='ocrx_word' id='word_1_78' title='bbox 617 1311 756 1394; x_wconf 77' lang='lat' dir='ltr'><strong>epistula</strong></span> <span class='ocrx_word' id='word_1_79' title='bbox 769 1309 896 1374; x_wconf 86' lang='lat' dir='ltr'>Neratii</span> <span class='ocrx_word' id='word_1_80' title='bbox 911 1309 951 1373; x_wconf 87' lang='lat' dir='ltr'>ad</span> <span class='ocrx_word' id='word_1_81' title='bbox 966 1309 1155 1374; x_wconf 88' lang='lat' dir='ltr'>Aristonem</span> 
     </span>
     <span class='ocr_line' id='line_1_12' title="bbox 141 1398 1157 1484; baseline -0.003 -18"><span class='ocrx_word' id='word_1_82' title='bbox 141 1402 226 1466; x_wconf 89' lang='lat' dir='ltr'>dolia</span> <span class='ocrx_word' id='word_1_83' title='bbox 258 1400 370 1484; x_wconf 91' lang='lat' dir='ltr'>utique</span> <span class='ocrx_word' id='word_1_84' title='bbox 403 1399 519 1464; x_wconf 92' lang='lat' dir='ltr'>colono</span> <span class='ocrx_word' id='word_1_85' title='bbox 552 1421 622 1465; x_wconf 92' lang='lat' dir='ltr'>esse</span> <span class='ocrx_word' id='word_1_86' title='bbox 654 1398 851 1483; x_wconf 89' lang='lat' dir='ltr'>praestanda</span> <span class='ocrx_word' id='word_1_87' title='bbox 883 1403 916 1463; x_wconf 89' lang='lat' dir='ltr'>et</span> <span class='ocrx_word' id='word_1_88' title='bbox 947 1400 1095 1483; x_wconf 91' lang='lat' dir='ltr'>praelum</span> <span class='ocrx_word' id='word_1_89' title='bbox 1123 1403 1157 1463; x_wconf 93' lang='lat' dir='ltr'>et</span> 
     </span>
     <span class='ocr_line' id='line_1_13' title="bbox 140 1487 1156 1574; baseline -0.004 -19"><span class='ocrx_word' id='word_1_90' title='bbox 140 1495 304 1574; x_wconf 84' lang='lat' dir='ltr'>trapetum</span> <span class='ocrx_word' id='word_1_91' title='bbox 336 1489 496 1553; x_wconf 88' lang='lat' dir='ltr'>instructa</span> <span class='ocrx_word' id='word_1_92' title='bbox 525 1488 672 1571; x_wconf 89' lang='lat' dir='ltr'>funibus,</span> <span class='ocrx_word' id='word_1_93' title='bbox 706 1487 734 1552; x_wconf 94' lang='lat' dir='ltr'>si</span> <span class='ocrx_word' id='word_1_94' title='bbox 761 1487 881 1569; x_wconf 88' lang='lat' dir='ltr'>minus,</span> <span class='ocrx_word' id='word_1_95' title='bbox 914 1487 1080 1551; x_wconf 91' lang='lat' dir='ltr'>dominum</span> <span class='ocrx_word' id='word_1_96' title='bbox 1107 1487 1156 1551; x_wconf 92' lang='lat' dir='ltr'>in-</span> 
     </span>
     <span class='ocr_line' id='line_1_14' title="bbox 141 1574 1156 1661; baseline -0.004 -18"><span class='ocrx_word' id='word_1_97' title='bbox 141 1583 264 1643; x_wconf 90' lang='lat' dir='ltr'>struere</span> <span class='ocrx_word' id='word_1_98' title='bbox 290 1599 328 1641; x_wconf 88' lang='lat' dir='ltr'>ea</span> <span class='ocrx_word' id='word_1_99' title='bbox 351 1576 481 1658; x_wconf 78' lang='lat' dir='ltr'>debere3</span> <span class='ocrx_word' id='word_1_100' title='bbox 507 1576 564 1640; x_wconf 88' lang='lat' dir='ltr'>sed</span> <span class='ocrx_word' id='word_1_101' title='bbox 587 1581 620 1641; x_wconf 90' lang='lat' dir='ltr'>et</span> <span class='ocrx_word' id='word_1_102' title='bbox 642 1575 789 1661; x_wconf 90' lang='lat' dir='ltr'>praelum</span> <span class='ocrx_word' id='word_1_103' title='bbox 812 1575 963 1641; x_wconf 84' lang='lat' dir='ltr'>vitiatum</span> <span class='ocrx_word' id='word_1_104' title='bbox 987 1574 1156 1641; x_wconf 91' lang='lat' dir='ltr'>dominum</span> 
     </span>
     <span class='ocr_line' id='line_1_15' title="bbox 56 1664 1157 1748; baseline -0.004 -16"><span class='ocrx_word' id='word_1_105' title='bbox 56 1699 57 1704; x_wconf 42' lang='lat'>¹</span> <span class='ocrx_word' id='word_1_106' title='bbox 141 1668 270 1732; x_wconf 90' lang='lat' dir='ltr'>reficere</span> <span class='ocrx_word' id='word_1_107' title='bbox 295 1665 419 1729; x_wconf 88' lang='lat' dir='ltr'>debere.</span> <span class='ocrx_word' id='word_1_108' title='bbox 461 1665 547 1748; x_wconf 88' lang='lat' dir='ltr'>quod</span> <span class='ocrx_word' id='word_1_109' title='bbox 569 1665 597 1729; x_wconf 94' lang='lat' dir='ltr'>si</span> <span class='ocrx_word' id='word_1_110' title='bbox 621 1665 716 1748; x_wconf 88' lang='lat' dir='ltr'>culpa</span> <span class='ocrx_word' id='word_1_111' title='bbox 735 1664 842 1730; x_wconf 88' lang='lat' dir='ltr'>coloni</span> <span class='ocrx_word' id='word_1_112' title='bbox 861 1664 937 1748; x_wconf 92' lang='lat' dir='ltr'>quid</span> <span class='ocrx_word' id='word_1_113' title='bbox 956 1685 1069 1729; x_wconf 92' lang='lat' dir='ltr'>eorum</span> <span class='ocrx_word' id='word_1_114' title='bbox 1088 1686 1157 1729; x_wconf 91' lang='lat' dir='ltr'>cor·</span> 
     </span>
     <span class='ocr_line' id='line_1_16' title="bbox 74 1752 1156 1840; baseline -0.002 -20"><span class='ocrx_word' id='word_1_115' title='bbox 74 1781 77 1784; x_wconf 49' lang='lat'><strong>⁴</strong></span> <span class='ocrx_word' id='word_1_116' title='bbox 141 1758 274 1840; x_wconf 90' lang='lat' dir='ltr'>ruptum</span> <span class='ocrx_word' id='word_1_117' title='bbox 293 1755 345 1836; x_wconf 91' lang='lat' dir='ltr'>sit,</span> <span class='ocrx_word' id='word_1_118' title='bbox 364 1776 403 1817; x_wconf 84' lang='lat' dir='ltr'>ex</span> <span class='ocrx_word' id='word_1_119' title='bbox 420 1752 527 1818; x_wconf 91' lang='lat' dir='ltr'>locato</span> <span class='ocrx_word' id='word_1_120' title='bbox 547 1774 620 1818; x_wconf 90' lang='lat' dir='ltr'>eum</span> <span class='ocrx_word' id='word_1_121' title='bbox 638 1752 750 1817; x_wconf 88' lang='lat' dir='ltr'>teneri.</span> <span class='ocrx_word' id='word_1_122' title='bbox 782 1753 878 1818; x_wconf 87' lang='lat' dir='ltr'><strong>fiscos</strong></span> <span class='ocrx_word' id='word_1_123' title='bbox 897 1756 1015 1836; x_wconf 88' lang='lat' dir='ltr'>autem,</span> <span class='ocrx_word' id='word_1_124' title='bbox 1039 1753 1156 1836; x_wconf 91' lang='lat' dir='ltr'>quibus</span> 
     </span>
     <span class='ocr_line' id='line_1_17' title="bbox 142 1841 1157 1928; baseline -0.002 -20"><span class='ocrx_word' id='word_1_125' title='bbox 142 1844 182 1909; x_wconf 92' lang='lat' dir='ltr'>ad</span> <span class='ocrx_word' id='word_1_126' title='bbox 214 1842 423 1928; x_wconf 89' lang='lat' dir='ltr'>premendam</span> <span class='ocrx_word' id='word_1_127' title='bbox 456 1843 561 1906; x_wconf 90' lang='lat' dir='ltr'>oleam</span> <span class='ocrx_word' id='word_1_128' title='bbox 593 1842 729 1924; x_wconf 91' lang='lat' dir='ltr'>utimur,</span> <span class='ocrx_word' id='word_1_129' title='bbox 762 1841 911 1907; x_wconf 89' lang='lat' dir='ltr'>colonum</span> <span class='ocrx_word' id='word_1_130' title='bbox 944 1841 1007 1906; x_wconf 90' lang='lat' dir='ltr'>sibi</span> <span class='ocrx_word' id='word_1_131' title='bbox 1040 1864 1157 1925; x_wconf 90' lang='lat' dir='ltr'>parare</span> 
     </span>
     <span class='ocr_line' id='line_1_18' title="bbox 142 1930 1158 2016; baseline -0.002 -19"><span class='ocrx_word' id='word_1_132' title='bbox 142 1933 258 1997; x_wconf 89' lang='lat' dir='ltr'>debere</span> <span class='ocrx_word' id='word_1_133' title='bbox 272 1930 427 1996; x_wconf 87' lang='lat' dir='ltr'>Neratius</span> <span class='ocrx_word' id='word_1_134' title='bbox 446 1931 591 2015; x_wconf 80' lang='lat' dir='ltr'>scripsit3</span> <span class='ocrx_word' id='word_1_135' title='bbox 610 1930 695 2014; x_wconf 90' lang='lat' dir='ltr'>quod</span> <span class='ocrx_word' id='word_1_136' title='bbox 715 1930 743 1995; x_wconf 92' lang='lat' dir='ltr'>si</span> <span class='ocrx_word' id='word_1_137' title='bbox 759 1930 882 2016; x_wconf 81' lang='lat' dir='ltr'>regulis</span> <span class='ocrx_word' id='word_1_138' title='bbox 896 1931 969 1996; x_wconf 90' lang='lat' dir='ltr'>olea</span> <span class='ocrx_word' id='word_1_139' title='bbox 982 1935 1158 2013; x_wconf 87' lang='lat' dir='ltr'>prematur,</span> 
     </span>
     <span class='ocr_line' id='line_1_19' title="bbox 142 2019 1158 2104; baseline -0.001 -19"><span class='ocrx_word' id='word_1_140' title='bbox 142 2025 175 2086; x_wconf 92' lang='lat' dir='ltr'>et</span> <span class='ocrx_word' id='word_1_141' title='bbox 206 2022 352 2104; x_wconf 90' lang='lat' dir='ltr'>praelum</span> <span class='ocrx_word' id='word_1_142' title='bbox 384 2023 417 2083; x_wconf 93' lang='lat' dir='ltr'>et</span> <span class='ocrx_word' id='word_1_143' title='bbox 449 2019 594 2083; x_wconf 84' lang='lat' dir='ltr'><strong>suculam</strong></span> <span class='ocrx_word' id='word_1_144' title='bbox 624 2022 657 2083; x_wconf 92' lang='lat' dir='ltr'>et</span> <span class='ocrx_word' id='word_1_145' title='bbox 683 2019 813 2103; x_wconf 82' lang='lat' dir='ltr'>regulas</span> <span class='ocrx_word' id='word_1_146' title='bbox 841 2022 874 2082; x_wconf 92' lang='lat' dir='ltr'>et</span> <span class='ocrx_word' id='word_1_147' title='bbox 901 2022 1096 2103; x_wconf 88' lang='lat' dir='ltr'>tympanum</span> <span class='ocrx_word' id='word_1_148' title='bbox 1124 2024 1158 2085; x_wconf 90' lang='lat' dir='ltr'>et</span> 
     </span>
     <span class='ocr_line' id='line_1_20' title="bbox 143 2108 1157 2193; baseline -0.003 -18"><span class='ocrx_word' id='word_1_149' title='bbox 143 2111 266 2175; x_wconf 88' lang='lat' dir='ltr'><strong>cocleas</strong></span> <span class='ocrx_word' id='word_1_150' title='bbox 303 2108 420 2193; x_wconf 89' lang='lat' dir='ltr'>quibus</span> <span class='ocrx_word' id='word_1_151' title='bbox 456 2108 620 2172; x_wconf 84' lang='lat' dir='ltr'>relevatur</span> <span class='ocrx_word' id='word_1_152' title='bbox 657 2109 803 2191; x_wconf 89' lang='lat' dir='ltr'>praelum</span> <span class='ocrx_word' id='word_1_153' title='bbox 840 2109 1007 2172; x_wconf 92' lang='lat' dir='ltr'>domiuum</span> <span class='ocrx_word' id='word_1_154' title='bbox 1038 2131 1157 2191; x_wconf 89' lang='lat' dir='ltr'>parare</span> 
     </span>
     <span class='ocr_line' id='line_1_21' title="bbox 142 2196 1157 2282; baseline -0.002 -18"><span class='ocrx_word' id='word_1_155' title='bbox 142 2203 300 2282; x_wconf 88' lang='lat' dir='ltr'>oportere.</span> <span class='ocrx_word' id='word_1_156' title='bbox 337 2198 415 2261; x_wconf 89' lang='lat' dir='ltr'>item</span> <span class='ocrx_word' id='word_1_157' title='bbox 436 2217 561 2277; x_wconf 89' lang='lat' dir='ltr'>aenum,</span> <span class='ocrx_word' id='word_1_158' title='bbox 580 2196 615 2260; x_wconf 91' lang='lat' dir='ltr'>in</span> <span class='ocrx_word' id='word_1_159' title='bbox 635 2218 698 2279; x_wconf 91' lang='lat' dir='ltr'>quo</span> <span class='ocrx_word' id='word_1_160' title='bbox 718 2197 789 2262; x_wconf 91' lang='lat' dir='ltr'>olea</span> <span class='ocrx_word' id='word_1_161' title='bbox 808 2196 900 2261; x_wconf 90' lang='lat' dir='ltr'>ealda</span> <span class='ocrx_word' id='word_1_162' title='bbox 919 2217 1004 2279; x_wconf 89' lang='lat' dir='ltr'>aqua</span> <span class='ocrx_word' id='word_1_163' title='bbox 1019 2197 1157 2276; x_wconf 85' lang='lat' dir='ltr'>lavatur,</span> 
     </span>
     <span class='ocr_line' id='line_1_22' title="bbox 142 2285 1157 2370; baseline 0 -20"><span class='ocrx_word' id='word_1_164' title='bbox 142 2295 180 2352; x_wconf 90' lang='lat' dir='ltr'>ut</span> <span class='ocrx_word' id='word_1_165' title='bbox 212 2289 319 2352; x_wconf 87' lang='lat' dir='ltr'>cetera</span> <span class='ocrx_word' id='word_1_166' title='bbox 350 2306 429 2349; x_wconf 81' lang='lat' dir='ltr'>rasa</span> <span class='ocrx_word' id='word_1_167' title='bbox 461 2285 582 2349; x_wconf 90' lang='lat' dir='ltr'>olearia</span> <span class='ocrx_word' id='word_1_168' title='bbox 610 2285 774 2349; x_wconf 90' lang='lat' dir='ltr'>dominum</span> <span class='ocrx_word' id='word_1_169' title='bbox 802 2288 968 2369; x_wconf 89' lang='lat' dir='ltr'>praestare</span> <span class='ocrx_word' id='word_1_170' title='bbox 997 2295 1157 2370; x_wconf 87' lang='lat' dir='ltr'>oportere,</span> 
     </span>
     <span class='ocr_line' id='line_1_23' title="bbox 143 2373 1158 2458; baseline -0.002 -18"><span class='ocrx_word' id='word_1_171' title='bbox 143 2375 240 2441; x_wconf 91' lang='lat' dir='ltr'>sicuti</span> <span class='ocrx_word' id='word_1_172' title='bbox 258 2375 346 2438; x_wconf 91' lang='lat' dir='ltr'>dolia</span> <span class='ocrx_word' id='word_1_173' title='bbox 365 2373 498 2454; x_wconf 85' lang='lat' dir='ltr'>vinaria,</span> <span class='ocrx_word' id='word_1_174' title='bbox 518 2394 599 2456; x_wconf 88' lang='lat' dir='ltr'>quae</span> <span class='ocrx_word' id='word_1_175' title='bbox 619 2373 658 2437; x_wconf 90' lang='lat' dir='ltr'>ad</span> <span class='ocrx_word' id='word_1_176' title='bbox 676 2381 879 2458; x_wconf 86' lang='lat' dir='ltr'>praesentem</span> <span class='ocrx_word' id='word_1_177' title='bbox 895 2395 989 2437; x_wconf 92' lang='lat' dir='ltr'>usum</span> <span class='ocrx_word' id='word_1_178' title='bbox 1005 2373 1158 2438; x_wconf 92' lang='lat' dir='ltr'>colonum</span> 
     </span>
     <span class='ocr_line' id='line_1_24' title="bbox 140 2462 878 2548; baseline -0.008 -20"><span class='ocrx_word' id='word_1_179' title='bbox 140 2465 249 2548; x_wconf 89' lang='lat' dir='ltr'>picare</span> <span class='ocrx_word' id='word_1_180' title='bbox 273 2462 444 2545; x_wconf 88' lang='lat' dir='ltr'>oportebit.</span> <span class='ocrx_word' id='word_1_181' title='bbox 876 2491 878 2493; x_wconf 91' lang='lat'>·</span> 
     </span>
    </p>
   </div>
   <div class='ocr_carea' id='block_1_6' title="bbox 142 2567 1159 2826">
    <p class='ocr_par' dir='ltr' id='par_1_6' title="bbox 142 2567 1159 2826">
     <span class='ocr_line' id='line_1_25' title="bbox 230 2567 1159 2650; baseline 0.001 -19"><span class='ocrx_word' id='word_1_182' title='bbox 230 2573 267 2632; x_wconf 90' lang='lat' dir='ltr'>A.</span> <span class='ocrx_word' id='word_1_183' title='bbox 291 2573 427 2632; x_wconf 89' lang='lat' dir='ltr'>Pernice:</span> <span class='ocrx_word' id='word_1_184' title='bbox 450 2571 570 2648; x_wconf 89' lang='lat' dir='ltr'>Ulpian.</span> <span class='ocrx_word' id='word_1_185' title='bbox 587 2593 618 2650; x_wconf 88' lang='lat' dir='ltr'>p.</span> <span class='ocrx_word' id='word_1_186' title='bbox 638 2575 680 2631; x_wconf 75' lang='lat'>24</span> <span class='ocrx_word' id='word_1_187' title='bbox 703 2592 731 2633; x_wconf 91' lang='lat' dir='ltr'>n.</span> <span class='ocrx_word' id='word_1_188' title='bbox 752 2575 770 2632; x_wconf 88' lang='lat'><strong>3</strong></span> <span class='ocrx_word' id='word_1_189' title='bbox 795 2593 848 2648; x_wconf 92' lang='lat' dir='ltr'>pro</span> <span class='ocrx_word' id='word_1_190' title='bbox 873 2567 1016 2649; x_wconf 71' lang='lat' dir='ltr'>‘epistula</span> <span class='ocrx_word' id='word_1_191' title='bbox 1038 2574 1159 2635; x_wconf 84' lang='lat' dir='ltr'>Neratii</span> 
     </span>
     <span class='ocr_line' id='line_1_26' title="bbox 143 2653 1157 2737; baseline 0.002 -16"><span class='ocrx_word' id='word_1_192' title='bbox 143 2662 181 2721; x_wconf 92' lang='lat' dir='ltr'>ad</span> <span class='ocrx_word' id='word_1_193' title='bbox 213 2653 398 2721; x_wconf 90' lang='lat' dir='ltr'>Aristonem&#39;</span> <span class='ocrx_word' id='word_1_194' title='bbox 429 2661 530 2737; x_wconf 91' lang='lat' dir='ltr'>potius</span> <span class='ocrx_word' id='word_1_195' title='bbox 563 2655 704 2736; x_wconf 75' lang='lat' dir='ltr'>‘epistula</span> <span class='ocrx_word' id='word_1_196' title='bbox 736 2661 888 2721; x_wconf 90' lang='lat' dir='ltr'>Aristonis</span> <span class='ocrx_word' id='word_1_197' title='bbox 920 2663 958 2720; x_wconf 91' lang='lat' dir='ltr'>ad</span> <span class='ocrx_word' id='word_1_198' title='bbox 986 2659 1157 2723; x_wconf 91' lang='lat' dir='ltr'>Neratium&#39;</span> 
     </span>
     <span class='ocr_line' id='line_1_27' title="bbox 142 2749 1158 2826; baseline 0 -16"><span class='ocrx_word' id='word_1_199' title='bbox 142 2749 332 2810; x_wconf 90' lang='lat' dir='ltr'>scribendum</span> <span class='ocrx_word' id='word_1_200' title='bbox 364 2768 428 2809; x_wconf 91' lang='lat' dir='ltr'>esse</span> <span class='ocrx_word' id='word_1_201' title='bbox 460 2753 558 2826; x_wconf 88' lang='lat' dir='ltr'>putat.</span> <span class='ocrx_word' id='word_1_202' title='bbox 603 2750 656 2808; x_wconf 92' lang='lat' dir='ltr'>sed</span> <span class='ocrx_word' id='word_1_203' title='bbox 688 2750 767 2826; x_wconf 91' lang='lat' dir='ltr'>quod</span> <span class='ocrx_word' id='word_1_204' title='bbox 794 2749 899 2810; x_wconf 87' lang='lat' dir='ltr'>Aristo</span> <span class='ocrx_word' id='word_1_205' title='bbox 933 2751 970 2809; x_wconf 88' lang='lat' dir='ltr'>ad</span> <span class='ocrx_word' id='word_1_206' title='bbox 997 2751 1158 2812; x_wconf 88' lang='lat' dir='ltr'>Neratium</span> 
     </span>
    </p>
   </div>
   <div class='ocr_carea' id='block_1_7' title="bbox 142 2830 1166 3003">
    <p class='ocr_par' dir='ltr' id='par_1_7' title="bbox 142 2830 1166 3003">
     <span class='ocr_line' id='line_1_28' title="bbox 144 2830 1166 2920; baseline 0.002 -22"><span class='ocrx_word' id='word_1_207' title='bbox 144 2839 307 2914; x_wconf 91' lang='lat' dir='ltr'>epistulam</span> <span class='ocrx_word' id='word_1_208' title='bbox 331 2838 413 2897; x_wconf 86' lang='lat' dir='ltr'>dedit</span> <span class='ocrx_word' id='word_1_209' title='bbox 436 2830 486 2918; x_wconf 90' lang='lat' dir='ltr'>(D.</span> <span class='ocrx_word' id='word_1_210' title='bbox 507 2841 558 2916; x_wconf 81' lang='lat'>20,</span> <span class='ocrx_word' id='word_1_211' title='bbox 583 2841 611 2915; x_wconf 88' lang='lat'>1,</span> <span class='ocrx_word' id='word_1_212' title='bbox 635 2840 654 2898; x_wconf 84' lang='lat'>3</span> <span class='ocrx_word' id='word_1_213' title='bbox 678 2838 758 2897; x_wconf 80' lang='lat' dir='ltr'>infra</span> <span class='ocrx_word' id='word_1_214' title='bbox 780 2859 807 2914; x_wconf 92' lang='lat' dir='ltr'>p.</span> <span class='ocrx_word' id='word_1_215' title='bbox 829 2832 917 2920; x_wconf 80' lang='lat'>372),</span> <span class='ocrx_word' id='word_1_216' title='bbox 940 2858 975 2899; x_wconf 89' lang='lat' dir='ltr'>eo</span> <span class='ocrx_word' id='word_1_217' title='bbox 998 2860 1060 2901; x_wconf 89' lang='lat' dir='ltr'>non</span> <span class='ocrx_word' id='word_1_218' title='bbox 1084 2843 1166 2906; x_wconf 56' lang='lat' dir='ltr'>satis,</span> 
     </span>
     <span class='ocr_line' id='line_1_29' title="bbox 142 2926 840 3003; baseline 0.006 -18"><span class='ocrx_word' id='word_1_219' title='bbox 142 2927 287 3003; x_wconf 89' lang='lat' dir='ltr'>probatur</span> <span class='ocrx_word' id='word_1_220' title='bbox 310 2927 396 2985; x_wconf 93' lang='lat' dir='ltr'>illum</span> <span class='ocrx_word' id='word_1_221' title='bbox 414 2926 451 2985; x_wconf 89' lang='lat' dir='ltr'>ab</span> <span class='ocrx_word' id='word_1_222' title='bbox 471 2928 527 2986; x_wconf 94' lang='lat' dir='ltr'>hoc</span> <span class='ocrx_word' id='word_1_223' title='bbox 546 2928 716 2986; x_wconf 90' lang='lat' dir='ltr'>consultum</span> <span class='ocrx_word' id='word_1_224' title='bbox 738 2927 840 2989; x_wconf 86' lang='lat' dir='ltr'>fuisse.</span> 
     </span>
    </p>
   </div>
   <div class='ocr_carea' id='block_1_8' title="bbox 390 3156 906 3232">
    <p class='ocr_par' dir='ltr' id='par_1_8' title="bbox 390 3156 906 3232">
     <span class='ocr_line' id='line_1_30' title="bbox 390 3156 906 3232; baseline 0.002 -17"><span class='ocrx_word' id='word_1_225' title='bbox 390 3157 457 3216; x_wconf 89' lang='lat' dir='ltr'>VH.</span> <span class='ocrx_word' id='word_1_226' title='bbox 489 3157 710 3232; x_wconf 83' lang='lat' dir='ltr'>Regularum</span> <span class='ocrx_word' id='word_1_227' title='bbox 732 3156 820 3215; x_wconf 93' lang='lat' dir='ltr'>libri</span> <span class='ocrx_word' id='word_1_228' title='bbox 843 3157 906 3217; x_wconf 91' lang='lat' dir='ltr'>XV.</span> 
     </span>
    </p>
   </div>
   <div class='ocr_carea' id='block_1_9' title="bbox 142 3295 1156 3466">
    <p class='ocr_par' dir='ltr' id='par_1_9' title="bbox 142 3295 1156 3466">
     <span class='ocr_line' id='line_1_31' title="bbox 232 3295 1156 3380; baseline 0.002 -23"><span class='ocrx_word' id='word_1_229' title='bbox 232 3297 420 3374; x_wconf 79' lang='lat' dir='ltr'>Quamquam</span> <span class='ocrx_word' id='word_1_230' title='bbox 436 3299 467 3356; x_wconf 92' lang='lat' dir='ltr'>in</span> <span class='ocrx_word' id='word_1_231' title='bbox 482 3298 576 3357; x_wconf 89' lang='lat' dir='ltr'>iudice</span> <span class='ocrx_word' id='word_1_232' title='bbox 591 3299 765 3359; x_wconf 84' lang='lat' dir='ltr'>Florentino</span> <span class='ocrx_word' id='word_1_233' title='bbox 778 3298 853 3358; x_wconf 89' lang='lat' dir='ltr'>haec</span> <span class='ocrx_word' id='word_1_234' title='bbox 866 3301 1023 3376; x_wconf 81' lang='lat' dir='ltr'>leguntur:</span> <span class='ocrx_word' id='word_1_235' title='bbox 1048 3295 1156 3380; x_wconf 77' lang='lat' dir='ltr'>‘Nepe-</span> 
     </span>
     <span class='ocr_line' id='line_1_32' title="bbox 142 3381 1156 3466; baseline 0 -19"><span class='ocrx_word' id='word_1_236' title='bbox 142 3386 206 3448; x_wconf 80' lang='grc' dir='ltr'><strong><em>τίον</em></strong></span> <span class='ocrx_word' id='word_1_237' title='bbox 239 3388 411 3463; x_wconf 85' lang='lat' dir='ltr'>regularion</span> <span class='ocrx_word' id='word_1_238' title='bbox 438 3385 539 3465; x_wconf 81' lang='grc' dir='ltr'><em>βιβλία</em></span> <span class='ocrx_word' id='word_1_239' title='bbox 564 3381 741 3464; x_wconf 61' lang='lat' dir='ltr'>semesae,</span> <span class='ocrx_word' id='word_1_240' title='bbox 773 3389 805 3446; x_wconf 90' lang='lat' dir='ltr'>in</span> <span class='ocrx_word' id='word_1_241' title='bbox 831 3388 993 3447; x_wconf 89' lang='lat' dir='ltr'>Iustiniani</span> <span class='ocrx_word' id='word_1_242' title='bbox 1020 3389 1156 3466; x_wconf 84' lang='lat' dir='ltr'>Digestis</span> 
     </span>
    </p>
   </div>
   <div class='ocr_carea' id='block_1_10' title="bbox 216 3554 436 3647">
    <p class='ocr_par' dir='ltr' id='par_1_10' title="bbox 216 3554 436 3647">
     <span class='ocr_line' id='line_1_33' title="bbox 216 3554 436 3647; baseline 0.005 -38"><span class='ocrx_word' id='word_1_243' title='bbox 216 3560 230 3609; x_wconf 89' lang='lat'>1</span> <span class='ocrx_word' id='word_1_244' title='bbox 251 3555 298 3610; x_wconf 83' lang='lat' dir='ltr'>Fl.</span> <span class='ocrx_word' id='word_1_245' title='bbox 316 3554 436 3647; x_wconf 77' lang='lat' dir='ltr'>interim.</span> 
     </span>
    </p>
   </div>
   <div class='ocr_carea' id='block_1_11' title="bbox 0 0 1228 3944">
    <p class='ocr_par' dir='ltr' id='par_1_11' title="bbox 0 0 1228 3944">
     <span class='ocr_line' id='line_1_34' title="bbox 0 0 1228 3944; baseline 0 0"><span class='ocrx_word' id='word_1_246' title='bbox 0 0 1228 3944; x_wconf 95' lang='lat' dir='ltr'> </span> 
     </span>
    </p>
   </div>
  </div>
 </body>
</html>
