2430 3944
96 173 162 237 570
466 169 745 226 numinianum.

95 333 456 419 pertineniqussriiur,
478 333 511 397 id
535 337 584 398 est
606 332 700 397 utin
722 334 819 399 bonis
841 333 956 399 Latini
979 337 1118 402 materni

95 424 205 508 potior
229 423 273 488 sit
290 428 449 506 patronae
467 422 551 487 filius
571 444 668 506 quom
686 422 780 487 heres
800 428 975 489 exiraneus
994 426 1117 502 matris,

186 518 222 576 cf.
246 537 275 592 p.
291 519 341 576 21.

513 597 564 664 De
586 599 698 682 Zepoiis.

187 718 217 781 8.
241 715 311 780 Gai.
335 718 364 794 2,
389 715 463 780 200.
486 751 529 762 -
553 713 638 779 Illud
661 715 837 800 quaeritur,
856 717 943 801 quod
964 719 1026 783 sub
1046 740 1118 783 oon·

97 806 223 870 dicione
246 827 305 888 per
328 804 579 869 vindicationem
603 804 747 888 legatum
771 808 830 889 est,
855 805 1020 890 pendente
1046 829 1115 873 oon·

97 895 223 959 dicione
246 893 336 958 ouius
361 892 411 957 sii.
747 895 752 903 “
883 895 888 905 “

187 987 286 1064 0111,
312 990 328 1044 1
353 1007 382 1062 p.
405 988 484 1060 439;
509 1004 601 1061 supra
623 1005 651 1060 p.
678 988 740 1046 144

187 1080 225 1144 9..
245 1078 314 1144 Gai.
337 1081 368 1163 2,
391 1079 465 1142 212.
490 1113 532 1123 —
566 1127 600 1143 ..
628 1078 656 1143 si
678 1083 755 1163 post
777 1083 915 1145 moriem
950 1081 1114 1147 testatoris

98 1191 136 1234 sa
164 1191 215 1232 res
245 1167 301 1252 (sc.
331 1189 414 1252 quse
438 1167 562 1231 sinendi
589 1167 686 1233 modo
719 1166 862 1252 legatum
895 1166 962 1256 est)
994 1170 1114 1235 heredis

98 1279 167 1322 esse
191 1256 343 1340 eoeperit,
367 1256 532 1340 quaeritur
556 1278 597 1318 en
620 1256 700 1320 utils
724 1256 767 1320 sit
790 1257 945 1340 legatum.

189 1346 239 1410 10.
262 1345 301 1409 D.
326 1346 379 1426 33,
403 1346 432 1430 7,
456 1345 507 1409 21.
553 1343 752 1428 Pomponius
775 1346 859 1411 libro
883 1348 992 1431 primo
1015 1347 1114 1412 Fidei-

16 1434 19 1440 ’
98 1434 354 1499 commissorum.
364 1470 407 1480 —
421 1430 519 1519 (Cum
538 1433 655 1497 fundus
671 1434 740 1498 sine
754 1433 976 1501 instrumento
991 1438 1111 1522 legatus

99 1522 166 1606 sin)
193 1522 231 1585 de
254 1521 351 1585 molis
434 1522 547 1605 quaeri
574 1523 670 1606 solet,
697 1544 770 1587 oum
798 1523 846 1587 iia
874 1524 1003 1590 adfixae
1031 1528 1110 1589 iisse

97 1610 320 1674 inaedificatae
340 1610 417 1693 sini,
435 1614 473 1674 ut
488 1614 598 1695 partes
614 1611 834 1677 aedificiorum
850 1633 922 1678 esse
936 1614 1109 1679 videantur.

433 1769 484 1835 De
506 1770 642 1835 libertate
656 1771 779 1838 ¹relicta.

191 1887 239 1949 11.
263 1883 333 1949 Gai.
349 1886 379 1969 2,
393 1886 468 1952 236.
490 1921 528 1932 -
549 1883 617 1950 Nec
635 1885 770 1950 libertos
794 1909 964 1970 ..poenae
983 1889 1108 1955 nomine

98 1973 168 2038 dari
193 1977 308 2058 potest,
332 1975 479 2058 quemvis
506 1975 544 2038 de
564 1996 602 2038 ea
624 1997 660 2038 re
683 1974 781 2038 fuerit
805 1977 999 2059 quaesitum.

420 2094 484 2197 ‘De
502 2135 610 2216 patrio
627 2122 782 2217 potestate.

190 2250 238 2312 12.
272 2247 343 2312 Gai.
369 2252 396 2323 1,
422 2250 494 2314 106.
531 2286 567 2295 -
600 2298 633 2314 ..
660 2250 718 2313 illa
748 2251 910 2335 quaesii0‚
943 2275 986 2317 an
1011 2254 1110 2317 minor

97 2340 177 2401 natu
207 2337 362 2402 maiorem
390 2342 471 2401 natu
496 2339 651 2420 adoptare
674 2341 791 2423 possit,
822 2341 991 2424 utriusque
1020 2344 1112 2424 adop-

97 2425 195 2489 tionis
220 2426 401 2490 communis
426 2432 483 2490 est.
530 2439 532 2443 ’

190 2514 239 2577 13.
259 2513 329 2579 Gai.
350 2517 377 2598 1,
393 2515 444 2579 74.
460 2553 502 2560 -
521 2516 594 2579 ..si
608 2516 800 2600 peregrinus
815 2518 919 2582 oivem
933 2518 1111 2585 Romanum

98 2601 234 2684 duxerit,
259 2625 299 2666 an
323 2624 362 2667 ex
386 2604 667 2678 senatusconsulto
694 2626 826 2669 oausam
848 2607 982 2690 probari
1006 2609 1111 2693 possit,

99 2690 282 2772 quaesitum
306 2697 364 2756 esi.

498 2780 547 2846 De
569 2783 714 2846 societate.

190 2894 239 2956 14.
264 2892 333 2957 Gai.
353 2895 382 2974 3,
403 2896 475 2960 149.
498 2933 536 2942 —
558 2895 677 2981 Magna
695 2949 720 2962 ..
741 2899 888 2981 quaestio
908 2899 980 2983 fuit,
1006 2924 1047 2965 sn
1069 2901 1110 2963 iis

98 2981 176 3045 eoiri
196 2983 301 3064 possit
320 2984 468 3069 societas,
491 2989 528 3048 ut
547 2985 618 3069 quis
637 2986 792 3066 maiorem
812 2992 939 3070 partem
963 2989 1109 3069 lueretur,

1 3116 2 3124 .
97 3071 258 3135 minorem
282 3071 392 3135 damni
415 3077 567 3156 praestet.

187 3165 223 3225 of.
248 3164 280 3234 Q.
305 3165 434 3225 Mucius:
459 3167 519 3242 Ip.
541 3170 581 3228 95
607 3171 637 3226 ei
661 3167 782 3228 Servius
807 3168 971 3246 Sulpicius:
996 3193 1025 3248 p.
1046 3173 1110 3231 222.

462 3319 512 3384 De
534 3323 603 3386 iure
625 3323 750 3388 dotium.

189 3433 238 3498 15.
272 3432 343 3498 Gai.
365 3436 401 3517 2,
429 3435 481 3500 63.
517 3473 561 3481 —
600 3435 736 3523 (Doiaie
773 3440 943 3523 praedium
980 3441 1107 3505 maritus

96 3521 201 3586 invita
224 3521 357 3587 muliere
380 3545 438 3606 per
460 3524 564 3608 legem
585 3525 704 3592 Iuliam
725 3528 920 3612 prohibetur
940 3525 1106 3609 alienare.)
