2430 3944
100 221 166 286 470
201 221 235 276 V.
255 218 404 275 NERVAE
423 219 470 273 ΕΤ
488 217 640 272 TRAIANI
658 217 765 273 ΤΕΜΡ.
785 216 881 271 IURIS
901 215 1084 272 CONSULTI

187 383 370 466 Respondit:
397 381 535 464 intebiepo
562 387 590 446 te
620 383 657 446 de
683 401 743 446 asa
762 380 870 461 frasta
892 401 1038 464 quaerere
1060 381 1113 463 qai

98 473 176 557 <per
202 471 458 554 vindicationem>
486 470 601 553 iepatns
627 475 678 535 est.
710 470 812 548 itaque
838 470 868 534 si
888 470 1026 534 eondieio
1048 471 1114 535 eias

100 563 193 645 ieaati
217 561 362 643 extiterit,
393 559 521 624 dnbinm
543 579 606 623 aon
629 564 684 639 est,
710 559 787 641 qnia
810 559 854 623 ad
874 558 1065 641 deputariam
1085 560 1114 624 is

98 671 173 716 asas
197 650 319 731 fraetns
342 649 497 730 pertineat
522 652 551 711 et
576 649 606 712 si
632 647 737 730 aliano
763 667 839 712 easa
863 647 903 712 ab
921 668 953 712 eo
977 649 1114 713 amissas

95 739 201 822 faerit,
218 739 262 803 ad
272 738 492 821 proprietatem
507 735 602 816 fandi
619 740 797 801 reuertatnr.
825 737 908 818 qnod
927 737 957 801 si
974 737 1113 802 eondiaio

97 848 161 892 non
183 827 329 909 extiterit,
351 845 426 890 asns
446 825 568 906 frnetns
590 826 634 890 ad
654 825 790 889 heredem
807 825 987 909 pertinebit,
1011 827 1059 891 ita
1080 829 1114 890 nt

97 917 133 980 in
154 918 221 981 eins
237 934 373 996 persono
395 915 502 978 omnia
524 915 629 978 eadem
649 918 807 979 seruentur
833 913 931 997 [qaae
958 915 1005 979 ad
1024 915 1114 979 amit

97 1006 222 1070 tendam
235 1022 327 1067 asam
337 1003 475 1084 frnotam
486 1003 641 1083 pertinent
652 1008 681 1068 et
693 1003 812 1067 serrari
824 1001 949 1087 sobentJ.
982 1008 1113 1068 ceteram

85 1093 133 1157 -in
164 1093 311 1157 eiasmodi
340 1092 510 1156 venditione
535 1092 733 1174 spectandam
759 1091 795 1155 id
821 1092 892 1174 erit,
924 1094 1008 1173 qaod
1033 1093 1113 1156 inter

96 1186 241 1246 ementem
262 1182 492 1261 rendentemqae
509 1181 686 1264 conuenerit,
709 1184 752 1263 nt,
773 1181 802 1245 si
820 1181 1005 1262 apparnerit
1021 1181 1111 1264 lopati

96 1290 194 1335 eaasa
220 1289 289 1334 enm
316 1289 408 1333 asam
431 1270 569 1351 frnetnm
596 1273 752 1351 enoepnam
776 1287 852 1347 esse,
875 1269 970 1334 etiam
994 1271 1024 1335 si
1045 1291 1111 1334 eon-

96 1360 176 1424 dieio
203 1378 267 1423 non
293 1358 439 1438 estiterit,
470 1358 591 1422 restitni
617 1378 639 1422 a
664 1359 817 1422 uenditare
843 1359 974 1440 emptori
1002 1359 1109 1424 debeat.

188 1446 239 1510 17.
265 1446 304 1510 Ι).
319 1445 371 1529 38,
385 1447 415 1527 2,
429 1446 481 1510 35.
518 1445 607 1509 Idem
626 1443 683 1531 (so.
698 1443 887 1531 Iavolenus)
906 1446 994 1511 libro
1013 1447 1109 1512 tertio

11 1568 13 1571 ·
97 1535 332 1618 Epistularum.
354 1570 391 1580 -
413 1534 446 1598 A
468 1535 573 1599 liberto
596 1555 651 1600 sao
673 1535 779 1599 herede
801 1533 892 1599 Seins
913 1555 1008 1600 asam
1029 1536 1110 1617 frao-

98 1629 164 1687 tam
193 1624 288 1703 fandi
319 1621 445 1688 Maenio
478 1624 595 1705 iepaait
636 1625 666 1688 is
697 1624 822 1688 libertas
853 1622 980 1688 Maeuio
1008 1624 1111 1689 lnrede

96 1713 199 1776 relicto
228 1712 359 1780 decessit.
400 1732 525 1793 qnaero,
555 1732 623 1776 eam
655 1717 762 1776 eontra
791 1712 913 1777 tabalas
941 1713 1111 1778 testamenti

91 1801 218 1882 petierit
238 1800 325 1883 filiios
347 1799 413 1865 Seii
430 1801 576 1865 aduersas
594 1800 764 1878 Maeniam,
786 1806 894 1865 atram
910 1801 1036 1867 dedneto
1053 1822 1110 1867 asa

94 1889 202 1969 fraatn
229 1909 309 1971 pars
340 1889 439 1954 debita
470 1890 498 1953 ei
525 1888 711 1973 (dimidiat)
734 1890 828 1970 fandi
853 1891 1044 1956 restitnenda
1071 1891 1111 1956 sit

97 2000 141 2043 an
167 1978 281 2061 solida,
309 1979 385 2059 qnia
411 1998 516 2042 eornm
542 1978 689 2042 bonoram
715 1979 864 2061 aeoeperit
878 1981 1111 2062 possessionem,

96 2088 176 2150 anae
198 2067 389 2141 liberticam
412 2072 581 2130 moreretur
601 2067 736 2147 faerant.

186 2155 370 2236 Respondit:
412 2176 504 2220 asam
542 2155 681 2236 fraetam
716 2157 751 2220 in
783 2175 911 2220 cansam
936 2157 1109 2238 pristinam

97 2245 318 2309 restitaendnm
335 2249 421 2324 pato.
467 2245 616 2327 optimam
639 2247 742 2326 itaque
759 2245 819 2309 erit
836 2244 993 2309 arbitram
1005 2251 1108 2327 postn-

98 2333 163 2396 lare
180 2334 233 2414 (se.
252 2333 413 2396 interdicto
435 2353 567 2414 anorum
589 2334 737 2397 bonoram
758 2332 905 2416 reddito),
928 2338 965 2396 nt
981 2335 1110 2399 arbitrio

97 2422 163 2485 eins
185 2441 260 2486 asas
279 2420 401 2501 frnetns
423 2421 458 2485 in
480 2422 633 2503 inteprnm
654 2422 842 2486 restitnatnr.

432 2578 482 2644 De
504 2580 641 2645 libertate
662 2580 777 2645 relicta.

189 2685 239 2751 18.
272 2685 311 2750 D.
330 2687 387 2770 38,
405 2687 439 2766 5,
460 2687 510 2751 12.
555 2685 726 2751 Iavolenus
750 2687 833 2750 libro
856 2685 954 2750 tertio
979 2687 1107 2770 Epistu-

101 2775 214 2838 larum.
232 2811 268 2820 —
285 2775 429 2840 Libertas
446 2796 515 2840 eam
531 2775 706 2856 fraudandi
717 2776 848 2857 patroni
864 2795 960 2840 cansa
975 2775 1108 2856 fundam

104 2861 173 2927 sen
191 2864 354 2946 mancipio
373 2863 467 2928 dare1
484 2864 578 2946 adid,
597 2862 687 2929 Seins
703 2864 785 2928 Titio
803 2865 972 2948 mandavit,
991 2870 1027 2928 nt
1044 2884 1108 2928 enm

99 2950 298 3035 <manaipio>
309 2953 448 3036 accipiat,
461 2954 507 3017 ita
516 2958 551 3028 at
559 2955 639 3017 inter
648 2952 754 3017 Seiam
762 2957 791 3016 et
802 2952 918 3016 Titiam
927 2955 1109 3030 mandatam

95 3039 305 3104 contrabatur.
341 3062 463 3126 anano,
479 3047 551 3123 post
573 3047 700 3105 mortem
719 3042 819 3105 liberti
833 3046 987 3122 patronas
1005 3047 1106 3106 atram

96 3150 167 3194 enm
180 3128 250 3195 Seio
269 3131 432 3194 damtaaat
449 3131 503 3212 qni
521 3132 682 3195 mandarit
698 3131 847 3194 nationem
865 3129 962 3213 babet,
981 3151 1026 3194 an
1041 3150 1106 3194 eam

98 3219 181 3283 Titio
204 3219 260 3299 qai
279 3218 415 3298 fnadnm
434 3220 552 3303 retinet,
574 3240 618 3283 an
635 3239 705 3283 eam
722 3238 780 3299 qao
798 3219 869 3282 oebit
885 3239 975 3300 apere
986 3217 1104 3301 possit?

185 3307 371 3388 Respondit:
401 3308 436 3371 in
469 3328 552 3390 enm,
583 3307 633 3371 eni
660 3308 784 3372 donatio
811 3309 952 3388 quaesita
979 3313 1035 3391 est,
1064 3309 1105 3371 ita

98 3399 201 3459 tamen
222 3396 252 3459 si
273 3396 316 3459 ad
337 3395 427 3459 illam
449 3415 497 3459 res
509 3397 690 3478 peruenerit,
713 3397 791 3460 aetio
809 3397 911 3476 datar,
933 3416 1004 3461 orem
1023 3413 1104 3460 omne

96 3485 262 3566 nepotiam,
295 3485 377 3565 arrad
405 3485 471 3548 eins
502 3485 656 3550 voluntate
681 3489 798 3568 postam
825 3485 879 3567 sit,
912 3485 948 3549 in
975 3486 1103 3550 eoadem

165 3592 178 3643 1
202 3585 280 3646 Trib.
299 3587 421 3647 tradem.
