2430 3944
368 186 393 234 6.
416 179 625 237 IAVOLENUS
643 180 793 236 Perseus
1021 182 1086 246 401

66 348 120 408 ubi
143 349 218 408 haec
240 349 397 425 leguntur:
426 342 581 408 ‘lavolenu
608 368 645 408 ex
668 348 770 409 Cassio
799 350 900 430 βιβλία
922 347 1087 420 δεκαπέντε,

66 437 220 514 epistolem
247 436 348 517 βιβλία
376 433 583 518 δεκατέσσαρα,
611 439 648 496 ad
671 439 825 498 Plautium
852 438 954 519 βιβλία
980 434 1086 501 πέντε]

66 527 141 586 libri
164 546 200 586 ex
222 525 370 587 Labeonis
393 527 609 602 posterioribus
633 527 792 603 compositi
813 528 895 603 apud
914 528 1089 588 Iauolenum

65 634 128 676 non
146 614 323 690 laudantem
342 616 505 675 laudantur
523 616 599 676 falso
619 615 699 692 apud
713 616 883 676 Labeonem
898 608 1089 697 ((Λαβεῶνος

65 704 272 781 posteriorum
295 703 396 784 βιβλία
419 696 531 787 δίκαι’),
556 723 644 780 quem
666 723 727 765 non
750 706 860 779 decem,
885 707 936 765 sed
960 706 1087 782 quadra·

64 793 157 870 ginta
179 793 244 852 fere
266 792 359 853 libros
382 792 540 871 reliquisse
563 793 689 855 constat.
725 813 755 856 v.
769 793 808 871 ΙΙ,
826 797 841 852 1
866 814 894 869 p.
912 796 985 854 160.

318 1007 342 1065 Ι.
374 1007 442 1066 Res
466 1006 502 1065 in
525 1009 706 1066 conventu
728 1009 841 1069 actae.

103 1172 105 1177 ,
158 1124 198 1190 D.
216 1125 270 1208 40,
289 1126 320 1210 2,
338 1124 367 1190 5.
422 1124 565 1190 Iulianus
599 1125 711 1190 eodem
740 1126 827 1192 libro
859 1123 916 1212 (sc.
950 1126 1086 1211 quadra·

65 1213 217 1301 gensimo
246 1213 386 1279 secundo
413 1210 641 1300 Digestorum)
667 1211 718 1301 (P.
738 1211 827 1300 586).
851 1250 894 1262 -
918 1214 971 1278 An
1000 1215 1086 1299 apud

65 1326 102 1369 se
123 1301 352 1368 manumittere
370 1303 521 1386 possitis
541 1303 596 1388 qui
615 1304 785 1368 consilium
803 1304 968 1388 praebeat,
989 1324 1086 1387 saepe

63 1391 252 1477 quaesitum
277 1396 336 1456 est.
378 1411 438 1476 ego
461 1391 517 1476 qui
541 1393 760 1457 meminissem
781 1391 971 1457 Iavolenum
993 1413 1085 1476 prae-

64 1485 233 1567 ceptorem
260 1501 368 1544 meum
391 1483 424 1544 et
446 1479 481 1545 in
503 1479 618 1546 Africa
641 1485 674 1547 et
697 1482 730 1544 in
754 1478 849 1565 Syria
874 1502 984 1546 servos
1008 1502 1084 1558 suos

63 1568 311 1648 manumisisse,
335 1590 408 1633 oum
431 1569 602 1633 consilium
625 1570 862 1653 praeberet...

162 1695 227 1758 Gai.
253 1700 286 1773 1,
311 1699 362 1758 18.
387 1700 437 1759 19.
463 1691 561 1769 ‘Quod
576 1742 583 1757 .
599 1745 605 1758 .
620 1699 657 1757 de
685 1702 786 1758 aetate
811 1699 890 1758 servi
912 1700 1085 1776 requiritur,

63 1789 139 1864 lege
163 1785 251 1846 Aelia
275 1785 377 1846 Sentio
403 1787 609 1846 introductum
632 1790 687 1846 est.
733 1805 803 1846 nam
826 1806 861 1846 ea
884 1788 933 1846 lex
955 1789 1085 1848 minores

64 1875 152 1936 XXX
175 1893 321 1935 annorum
344 1894 446 1936 servos
470 1893 530 1935 non
552 1876 641 1935 aliter
663 1875 761 1936 voluit
783 1875 985 1935 manumissos
1005 1877 1085 1937 cives

65 1965 218 2024 Romanos
250 1963 329 2041 fieri,
360 1983 451 2042 quam
484 1965 509 2022 si
541 1965 675 2024 vindicta
707 1965 787 2040 apud
820 1963 977 2025 consilium
1004 1965 1085 2024 iusta

64 2070 159 2114 causa
185 2053 427 2112 manumissionis
456 2053 634 2130 adprobata,
661 2053 782 2113 liberati
809 2053 922 2112 fuerint
1015 2071 1084 2111 oon-

64 2142 171 2203 silium
198 2146 299 2201 autem
322 2141 508 2202 adhibetur.
533 2188 539 2202 .
559 2190 566 2202 .
584 2142 616 2201 in
639 2142 799 2219 provinciis
817 2188 824 2201 .
844 2187 851 2200 .
868 2140 979 2220 uiginti
1001 2161 1085 2201 reeu-

62 2233 242 2308 peratorum
269 2231 380 2290 civium
403 2231 620 2307 Romanorum,
644 2230 734 2307 idque
757 2231 792 2290 fit
813 2230 920 2290 ultimo
944 2231 992 2288 die
1016 2249 1084 2290 con·

61 2323 197 2382 ventus.
213 2365 219 2378 .
235 2313 252 2378 .'

444 2444 483 2504 H.
511 2445 705 2521 Responsa.

155 2569 331 2632 Iauolenum
371 2569 418 2629 ius
460 2569 546 2629 civile
587 2569 706 2645 publice
742 2567 930 2643 respondisse
966 2568 1082 2627 Plinius

60 2679 109 2736 ep.
133 2659 223 2734 6,15
253 2657 388 2717 tradidit.
434 2658 513 2734 quod
538 2658 571 2716 in
597 2657 841 2734 inscriptionibus
869 2657 945 2731 illis,
973 2657 1082 2734 quibus

60 2747 233 2808 officiorum
251 2745 386 2807 Iauoleni
408 2747 520 2806 mentio
543 2746 587 2820 fit,
609 2746 684 2806 iuris'
706 2745 835 2806 consulti
856 2764 965 2806 nomen
988 2747 1082 2823 deest,

61 2837 93 2898 ei
125 2838 232 2909 postea
263 2835 383 2894 demum
414 2836 462 2895 ius
490 2835 689 2913 respondendi
718 2834 822 2894 datum
850 2853 916 2894 esse
943 2834 1084 2912 Krueger

60 2946 93 3003 p.
110 2926 174 2984 162
199 2943 228 2985 n.
244 2926 306 2984 129
335 2924 399 2982 iure
423 2923 543 2983 videtur
566 2924 708 2984 conicere.
753 2923 905 2983 intereos
933 2923 985 2999 qui
1012 2943 1082 2983 con·

60 3013 215 3089 sulebant,
238 3013 330 3072 etiam
352 3012 549 3089 magistratus
567 3013 661 3071 fuisse
679 3012 745 3088 ipse
764 3013 800 3070 D.
815 3013 867 3088 40,
882 3015 911 3085 2,
927 3015 945 3074 5
965 3017 1082 3072 narrat:

60 3097 260 3180 ‘quibusdam
286 3102 474 3178 praetoribus
503 3101 729 3160 consulentibus
819 3096 922 3176 suasi',
950 3105 981 3160 et
1007 3101 1082 3160 iuris

60 3191 179 3270 peritos
212 3209 331 3268 quoque
363 3191 438 3249 alios
471 3192 519 3250 vel
551 3189 625 3248 iuris
654 3190 802 3250 studiosos
830 3209 888 3249 non
916 3208 985 3248 raro
1014 3209 1083 3248 eum

61 3279 252 3341 consuluisse
276 3298 312 3338 ea
333 3280 476 3356 probant,
505 3297 581 3356 quae
604 3278 640 3339 D.
656 3279 686 3353 8,
700 3279 730 3350 4,
746 3279 774 3337 5.
798 3278 849 3351 41,
865 3280 893 3351 2,
910 3279 961 3352 23,
977 3279 1006 3336 2.
1029 3279 1082 3353 42,

63 3370 96 3446 5,
112 3370 154 3428 28
174 3368 326 3446 leguntur.
366 3368 402 3428 cf.
423 3367 562 3445 Krueger
584 3388 613 3444 p.
629 3370 700 3428 162.
725 3367 777 3444 qui
798 3366 1001 3440 consulebant,
1020 3384 1081 3424 non

61 3458 155 3518 modo
173 3458 376 3533 proferebant,
395 3450 487 3534 ‘qnod
501 3456 745 3533 praeceptoribus
759 3455 819 3514 tuis
833 3448 942 3531 placet’
980 3455 1014 3511 D.
1030 3455 1082 3530 42,

63 3548 97 3622 5,
113 3536 182 3627 28),
202 3546 255 3605 sed
273 3547 366 3607 etiam
384 3546 465 3624 quod
480 3547 613 3607 Labeoni
631 3549 684 3605 aut
698 3544 826 3604 Proculo
845 3544 945 3619 placet
980 3542 1014 3602 Ι).
1030 3544 1082 3620 50,

121 3653 569 3703 1un1p1.entehsar.reuea.13remes
594 3654 655 3706 Π,2.
834 3645 868 3695 26
