2430 3944
115 171 156 232 14
184 171 231 227 111.
246 169 323 224 GAII
337 167 485 224 CLAUDII
499 167 635 232 NERCN.
646 167 790 224 GALBAE
800 168 908 224 ΤΕΜΡ.
917 168 1015 224 Iulus
1026 168 1132 226 CONS.

112 336 232 398 Cassius
266 331 439 398 existimat'.
485 338 521 396 D.
542 340 593 414 39,
613 339 643 411 2,
664 338 714 414 15,
734 338 776 396 35
810 330 921 395 ‘Labeo
946 337 1132 397 scribit...

109 424 230 486 Cassius
254 431 356 487 autem
380 420 460 505 ait').

197 515 406 592 Praeceptoris
439 533 557 591 quoque
588 532 733 590 responsa
759 514 982 590 sententiasque
1009 515 1133 575 rettulit

18 597 20 605 ’
108 602 229 664 Cassius
249 599 298 685 (D.
316 609 344 680 1,
360 606 389 681 8,
405 606 434 680 8,
450 607 468 662 2
489 597 646 662 ‘Sabinum
663 603 851 679 respondisse
870 602 993 662 Cassius
1012 596 1131 664 refert’.

107 693 144 752 D.
170 695 203 771 8,
229 699 262 770 1,
285 696 360 769 4pr.
399 687 555 750 ‘Sabinum
594 692 786 767 respondisse
823 690 943 751 Cassius
984 687 1130 753 rettulit'.

106 781 142 840 D.
166 785 373 860 19,1,24,1
405 774 540 840 ‘Cassius
564 825 571 839 .
591 826 625 839 ..
652 781 823 856 opinionem
846 780 951 840 Sabini
978 772 1130 863 rettulit')

107 870 230 948 eiusque
259 869 425 931 sententias
453 872 484 928 et
511 868 672 945 explicavit
699 860 752 950 (D.
771 873 824 943 22,
844 871 872 946 6,
896 872 961 942 3,1
992 863 1129 930 ‘Cassius

105 960 308 1038 ignorantiam
332 958 475 1017 Sabinum
502 958 546 1016 ita
570 957 772 1033 accipiendam
794 959 981 1018 existimasse
1005 950 1130 1039 refert')

106 1052 137 1108 et
165 1048 318 1108 excusavit
345 1038 396 1128 (D.
411 1048 441 1121 4,
457 1048 485 1119 8,
503 1047 587 1124 13,2
615 1040 746 1106 ‘Cassius
775 1047 955 1106 sententiam
982 1047 1128 1123 magistri

106 1137 153 1196 sui
176 1136 253 1196 bene
276 1137 399 1195 excusat
422 1138 453 1194 et
476 1129 554 1213 ait’).

194 1226 230 1284 in
247 1225 355 1301 quibus
369 1224 548 1302 fragmentis
565 1223 687 1283 Cassius
702 1224 806 1282 Sabini
821 1223 1003 1282 sententiam
1015 1225 1128 1299 proba-

105 1315 159 1388 vit,
182 1333 258 1390 quae
281 1315 433 1389 permulta
456 1316 536 1391 sunt,
560 1332 596 1373 ea
616 1314 708 1389 prout
726 1313 870 1390 cuiusque
890 1313 1057 1372 sententiae
1077 1313 1127 1373 vel

105 1402 285 1462 Sabinianae
308 1403 357 1462 vel
381 1401 543 1461 Cassianae
566 1404 677 1461 natura
700 1401 808 1480 suasit,
836 1401 868 1459 in
890 1419 1002 1478 genera
1025 1401 1127 1462 distri·

103 1492 197 1551 buere
219 1492 359 1551 idoneum
384 1491 465 1549 duxi.

195 1573 228 1660 1)
253 1579 388 1639 Primum
412 1580 491 1638 enim
519 1577 640 1638 Cassius
664 1577 768 1637 Sabini
790 1597 969 1655 responsum
990 1580 1124 1640 relatum

102 1668 252 1744 probavit.
281 1669 318 1727 D.
335 1673 362 1745 1,
378 1670 407 1745 8,
423 1670 450 1741 8,
467 1671 486 1726 2
511 1662 669 1726 ‘Sabinum
691 1669 773 1726 recte
792 1667 980 1746 respondisse
1000 1667 1123 1728 Cassius

102 1752 217 1817 refert'.
249 1756 286 1816 D.
302 1759 330 1830 8,
348 1760 377 1833 1,
390 1759 411 1815 4
416 1776 461 1832 pr.
475 1750 576 1833 ‘idque
592 1759 623 1815 et
637 1754 783 1815 Sabinum
796 1756 985 1832 respondisse
1000 1756 1122 1817 Cassius

102 1846 223 1905 rettulit
247 1849 277 1904 et
301 1846 359 1905 sibi
381 1839 522 1920 placere'.

193 1926 227 2016 2)
255 1934 371 1994 Deinde
400 1935 564 1993 secundum
587 1932 690 1992 Sabini
713 1952 891 2011 responsum
913 1935 977 2009 ipse
1002 1953 1122 2012 quoque

101 2023 264 2098 respondit.
319 2023 356 2082 D.
379 2025 412 2098 3,
434 2025 464 2102 2,
485 2026 562 2099 4pr.
591 2024 647 2096 24,
670 2025 703 2097 3,
726 2026 781 2098 22,
806 2026 855 2082 12.
884 2025 940 2088 41,
965 2026 998 2100 2,
1021 2025 1054 2099 3,
1079 2025 1119 2083 18

101 2105 242 2172 ‘Sabinus
280 2115 310 2172 et
347 2110 469 2171 Cassius
505 2107 744 2186 responderunt’.
800 2106 837 2170 D.
864 2115 914 2183 17,
939 2114 972 2181 2,
997 2114 1053 2186 52,
1080 2114 1119 2172 18

101 2194 121 2260 ‘.
131 2246 137 2259 .
149 2200 278 2260 Sabinus
294 2199 415 2260 Cassius
429 2194 668 2277 responderunt'.
700 2200 736 2260 D.
748 2203 799 2277 29,
811 2204 839 2278 7,
852 2202 893 2259 14
898 2220 943 2276 pr.
961 2196 1121 2260 ‘Sabinum

102 2291 133 2348 61
156 2288 293 2349 Cassium
316 2289 505 2365 respondisse
528 2282 634 2347 aiunt'.

191 2371 226 2458 3)
246 2379 324 2437 Tum
337 2377 418 2436 idem
432 2377 512 2453 quod
527 2376 656 2436 Sabinus
669 2376 831 2455 respondit,
851 2376 974 2437 Cassius
992 2377 1024 2436 in
1044 2378 1120 2438 iuris

100 2465 197 2526 civilis
220 2467 305 2526 libris
329 2465 456 2541 scripsit.
496 2464 533 2524 D.
550 2469 578 2540 7,
595 2468 622 2541 1,
638 2467 723 2540 23,1
749 2460 892 2526 ‘Sabinus
911 2466 1067 2542 respondit
1088 2469 1121 2528 61

101 2554 222 2615 Cassius
246 2555 324 2615 libro
348 2558 454 2614 octavo
477 2553 552 2614 iuris
575 2554 672 2614 civilis
696 2549 834 2631 scripsit'.

190 2638 224 2722 4)
257 2642 335 2703 rum
362 2643 394 2702 id
421 2643 498 2718 quod
529 2643 656 2702 Sabinus
684 2643 815 2720 dicebat,
845 2642 966 2703 Cassius
997 2663 1118 2721 quoque

99 2732 226 2792 dicebat.
272 2731 307 2790 D
328 2733 379 2805 24,
399 2733 428 2806 3,
446 2734 486 2792 59
517 2725 659 2791 ‘Sabinus
687 2731 805 2793 dicebat
895 2731 987 2810 Gaius
1014 2727 1118 2796 idem'.

100 2821 136 2879 cf.
156 2821 260 2896 D.40,
279 2822 329 2898 12,
345 2822 387 2880 30
411 2814 568 2879 Sabinum
590 2822 720 2880 refertur
739 2822 973 2882 existimasse..
989 2822 1117 2899 ,cuius

99 2909 265 2968 sententiae
289 2907 410 2968 Cassius
434 2927 553 2988 quoque
577 2903 643 2969 est'.

188 2993 320 3078 5)Tum
335 2996 501 3058 Cassiuset
516 2997 644 3057 Sabinus
657 2998 738 3058 idem
752 2978 920 3059 scribunt.'
958 2998 1026 3059 Vat.
1042 3000 1078 3062 fr.
1096 3004 1113 3060 1

98 3078 303 3146 Sabinust
273 3091 303 3145 et
336 3085 456 3148 Cassius
489 3081 645 3147 scribunt'.
691 3087 735 3147 D.
759 3089 815 3163 32,
840 3088 895 3163 52,
919 3089 938 3148 3
972 3082 1117 3150 Sabinus

97 3173 213 3250 scribit3
236 3175 317 3234 idem
340 3179 371 3235 et
394 3169 536 3235 Cassius'.

188 3221 221 3344 6)
250 3245 387 3341 Denique
410 3262 530 3323 Cassius
559 3267 590 3323 et
612 3262 742 3324 Sabinus
770 3265 850 3324 idem
872 3266 922 3325 uel
950 3265 1036 3325 uiuunt
1064 3267 1115 3326 vel

95 3354 206 3427 putant
237 3354 286 3414 vel
317 3353 490 3412 existimant
523 3354 571 3412 vel
604 3355 786 3428 putaverunt
813 3372 948 3431 quaeque
976 3349 1114 3415 eiusdem

96 3442 214 3519 generis
233 3445 311 3501 sunt.
343 3441 380 3499 D.
396 3443 424 3518 8,
441 3442 470 3516 6,
486 3444 514 3500 2.
536 3444 586 3519 18,
604 3445 631 3518 1,
648 3444 739 3518 57pr.
761 3445 812 3520 39,
827 3445 856 3519 3,
875 3447 901 3516 1,
917 3445 945 3502 8.
964 3445 1017 3520 45,
1028 3445 1058 3521 2,
1070 3446 1112 3505 17

96 3523 236 3590 ‘Sabinus
270 3529 391 3609 Cassius
426 3524 531 3589 aiunt'.
585 3531 623 3590 D.
648 3533 704 3610 50,
729 3534 783 3608 16,
809 3533 871 3592 215
906 3524 1048 3593 ‘Sabinus
1081 3533 1115 3593 et
