<?xml version="1.0" encoding="UTF-8"?>
<!DOCTYPE html PUBLIC "-//W3C//DTD XHTML 1.0 Transitional//EN"
    "http://www.w3.org/TR/xhtml1/DTD/xhtml1-transitional.dtd">
<html xmlns="http://www.w3.org/1999/xhtml" xml:lang="en" lang="en">
 <head>
  <title>
</title>
<meta http-equiv="Content-Type" content="text/html;charset=utf-8" />
  <meta name='ocr-system' content='tesseract 3.04.00' />
  <meta name='ocr-capabilities' content='ocr_page ocr_carea ocr_par ocr_line ocrx_word'/>
</head>
<body>
  <div class='ocr_page' id='page_1' title='image "./iurisprudentiae02bremgoog_0080.png"; bbox 0 0 2430 3944; ppageno 0'>
   <div class='ocr_carea' id='block_1_1' title="bbox 376 191 1104 257">
    <p class='ocr_par' dir='ltr' id='par_1_1' title="bbox 376 191 1104 257">
     <span class='ocr_line' id='line_1_1' title="bbox 376 191 1104 257; baseline 0.011 -9"><span class='ocrx_word' id='word_1_1' title='bbox 376 199 402 248; x_wconf 87' lang='grc'><strong>4.</strong></span> <span class='ocrx_word' id='word_1_2' title='bbox 422 192 452 249; x_wconf 80' lang='lat'><strong>0.</strong></span> <span class='ocrx_word' id='word_1_3' title='bbox 467 191 614 248; x_wconf 72' lang='lat' dir='ltr'><strong>casales</strong></span> <span class='ocrx_word' id='word_1_4' title='bbox 632 191 816 249; x_wconf 81' lang='lat' dir='ltr'>LONGINUS</span> <span class='ocrx_word' id='word_1_5' title='bbox 1061 193 1104 257; x_wconf 79' lang='grc'><strong>47</strong></span> 
     </span>
    </p>
   </div>
   <div class='ocr_carea' id='block_1_2' title="bbox 108 355 1107 1239">
    <p class='ocr_par' dir='ltr' id='par_1_2' title="bbox 108 355 1107 1239">
     <span class='ocr_line' id='line_1_2' title="bbox 180 355 1106 442; baseline 0.003 -22"><span class='ocrx_word' id='word_1_6' title='bbox 180 357 230 420; x_wconf 89' lang='grc'><strong>41.</strong></span> <span class='ocrx_word' id='word_1_7' title='bbox 252 355 294 421; x_wconf 90' lang='lat' dir='ltr'><strong>D.</strong></span> <span class='ocrx_word' id='word_1_8' title='bbox 307 356 359 436; x_wconf 93' lang='grc'><strong>19,</strong></span> <span class='ocrx_word' id='word_1_9' title='bbox 369 358 400 439; x_wconf 79' lang='lat'><strong>2,</strong></span> <span class='ocrx_word' id='word_1_10' title='bbox 409 356 462 422; x_wconf 81' lang='lat'><strong>32.</strong></span> <span class='ocrx_word' id='word_1_11' title='bbox 502 356 647 421; x_wconf 90' lang='lat' dir='ltr'><strong>Iulianus</strong></span> <span class='ocrx_word' id='word_1_12' title='bbox 671 355 756 421; x_wconf 91' lang='lat' dir='ltr'><strong>libro</strong></span> <span class='ocrx_word' id='word_1_13' title='bbox 780 360 897 442; x_wconf 86' lang='lat' dir='ltr'><strong>quarto</strong></span> <span class='ocrx_word' id='word_1_14' title='bbox 916 378 955 422; x_wconf 85' lang='lat' dir='ltr'><strong>ex</strong></span> <span class='ocrx_word' id='word_1_15' title='bbox 973 356 1106 423; x_wconf 88' lang='lat' dir='ltr'><strong>Minicio</strong></span> 
     </span>
     <span class='ocr_line' id='line_1_3' title="bbox 110 443 1106 530; baseline 0 -20"><span class='ocrx_word' id='word_1_16' title='bbox 110 443 148 530; x_wconf 90' lang='lat' dir='ltr'><strong>(P.</strong></span> <span class='ocrx_word' id='word_1_17' title='bbox 163 443 247 530; x_wconf 81' lang='lat'><strong>865).</strong></span> <span class='ocrx_word' id='word_1_18' title='bbox 275 482 320 494; x_wconf 93' lang='lat'><strong>—·</strong></span> <span class='ocrx_word' id='word_1_19' title='bbox 348 443 412 521; x_wconf 81' lang='lat' dir='ltr'><strong>Qui</strong></span> <span class='ocrx_word' id='word_1_20' title='bbox 443 445 579 510; x_wconf 83' lang='lat' dir='ltr'><strong>fundum</strong></span> <span class='ocrx_word' id='word_1_21' title='bbox 607 444 776 511; x_wconf 92' lang='lat' dir='ltr'><strong>colendum</strong></span> <span class='ocrx_word' id='word_1_22' title='bbox 802 445 837 510; x_wconf 93' lang='lat' dir='ltr'><strong>in</strong></span> <span class='ocrx_word' id='word_1_23' title='bbox 864 446 974 530; x_wconf 90' lang='lat' dir='ltr'><strong>plures</strong></span> <span class='ocrx_word' id='word_1_24' title='bbox 1002 468 1106 511; x_wconf 90' lang='lat' dir='ltr'><strong>annos</strong></span> 
     </span>
     <span class='ocr_line' id='line_1_4' title="bbox 109 530 1105 620; baseline 0.002 -22"><span class='ocrx_word' id='word_1_25' title='bbox 109 535 265 616; x_wconf 75' lang='lat' dir='ltr'><strong>locaverat,</strong></span> <span class='ocrx_word' id='word_1_26' title='bbox 298 533 437 600; x_wconf 80' lang='lat' dir='ltr'><strong>decessit</strong></span> <span class='ocrx_word' id='word_1_27' title='bbox 464 539 498 599; x_wconf 90' lang='lat' dir='ltr'><strong>et</strong></span> <span class='ocrx_word' id='word_1_28' title='bbox 525 555 598 598; x_wconf 87' lang='lat' dir='ltr'><strong>eum</strong></span> <span class='ocrx_word' id='word_1_29' title='bbox 625 533 763 597; x_wconf 86' lang='lat' dir='ltr'><strong>fundum</strong></span> <span class='ocrx_word' id='word_1_30' title='bbox 790 534 921 620; x_wconf 85' lang='lat' dir='ltr'><strong>legavit.</strong></span> <span class='ocrx_word' id='word_1_31' title='bbox 971 530 1105 600; x_wconf 80' lang='lat' dir='ltr'><strong>Cassius</strong></span> 
     </span>
     <span class='ocr_line' id='line_1_5' title="bbox 108 622 1106 707; baseline 0.002 -21"><span class='ocrx_word' id='word_1_32' title='bbox 108 624 222 707; x_wconf 77' lang='lat' dir='ltr'><strong>negarit</strong></span> <span class='ocrx_word' id='word_1_33' title='bbox 249 645 346 706; x_wconf 90' lang='lat' dir='ltr'><strong>posse</strong></span> <span class='ocrx_word' id='word_1_34' title='bbox 375 623 449 706; x_wconf 82' lang='lat' dir='ltr'><strong>cogi</strong></span> <span class='ocrx_word' id='word_1_35' title='bbox 472 622 636 704; x_wconf 89' lang='lat' dir='ltr'><strong>colonum,</strong></span> <span class='ocrx_word' id='word_1_36' title='bbox 664 625 701 687; x_wconf 89' lang='lat' dir='ltr'><strong>ut</strong></span> <span class='ocrx_word' id='word_1_37' title='bbox 724 644 797 687; x_wconf 89' lang='lat' dir='ltr'><strong>eum</strong></span> <span class='ocrx_word' id='word_1_38' title='bbox 820 623 956 687; x_wconf 89' lang='lat' dir='ltr'><strong>fundum</strong></span> <span class='ocrx_word' id='word_1_39' title='bbox 979 624 1106 706; x_wconf 88' lang='lat' dir='ltr'><strong>coleret,</strong></span> 
     </span>
     <span class='ocr_line' id='line_1_6' title="bbox 109 709 1106 795; baseline 0.002 -20"><span class='ocrx_word' id='word_1_40' title='bbox 109 713 169 795; x_wconf 88' lang='lat' dir='ltr'><strong>quia</strong></span> <span class='ocrx_word' id='word_1_41' title='bbox 192 709 275 775; x_wconf 91' lang='lat' dir='ltr'><strong>nihil</strong></span> <span class='ocrx_word' id='word_1_42' title='bbox 302 711 430 776; x_wconf 89' lang='lat' dir='ltr'><strong>heredis</strong></span> <span class='ocrx_word' id='word_1_43' title='bbox 458 711 640 777; x_wconf 76' lang='lat' dir='ltr'><strong>interesset.</strong></span> <span class='ocrx_word' id='word_1_44' title='bbox 686 711 774 795; x_wconf 92' lang='lat' dir='ltr'><strong>quod</strong></span> <span class='ocrx_word' id='word_1_45' title='bbox 797 712 826 775; x_wconf 90' lang='lat' dir='ltr'><strong>si</strong></span> <span class='ocrx_word' id='word_1_46' title='bbox 849 713 982 793; x_wconf 83' lang='lat' dir='ltr'><strong>colonus</strong></span> <span class='ocrx_word' id='word_1_47' title='bbox 1005 711 1106 777; x_wconf 87' lang='lat' dir='ltr'><strong>vellet</strong></span> 
     </span>
     <span class='ocr_line' id='line_1_7' title="bbox 109 798 1106 887; baseline -0.001 -22"><span class='ocrx_word' id='word_1_48' title='bbox 109 799 196 865; x_wconf 87' lang='lat' dir='ltr'><strong>colere</strong></span> <span class='ocrx_word' id='word_1_49' title='bbox 214 806 247 864; x_wconf 89' lang='lat' dir='ltr'><strong>et</strong></span> <span class='ocrx_word' id='word_1_50' title='bbox 266 800 308 864; x_wconf 92' lang='lat' dir='ltr'><strong>ab</strong></span> <span class='ocrx_word' id='word_1_51' title='bbox 328 822 376 887; x_wconf 90' lang='lat' dir='ltr'><strong>eo,</strong></span> <span class='ocrx_word' id='word_1_52' title='bbox 399 799 450 865; x_wconf 93' lang='lat' dir='ltr'><strong>oui</strong></span> <span class='ocrx_word' id='word_1_53' title='bbox 469 799 597 885; x_wconf 80' lang='lat' dir='ltr'><strong>legatus</strong></span> <span class='ocrx_word' id='word_1_54' title='bbox 616 804 702 864; x_wconf 89' lang='lat' dir='ltr'><strong>esset</strong></span> <span class='ocrx_word' id='word_1_55' title='bbox 720 798 849 882; x_wconf 89' lang='lat' dir='ltr'><strong>fundus,</strong></span> <span class='ocrx_word' id='word_1_56' title='bbox 868 799 1106 884; x_wconf 84' lang='lat' dir='ltr'><strong>prohiberetur,</strong></span> 
     </span>
     <span class='ocr_line' id='line_1_8' title="bbox 109 888 1106 970; baseline -0.001 -17"><span class='ocrx_word' id='word_1_57' title='bbox 109 909 166 953; x_wconf 92' lang='lat' dir='ltr'><strong>cum</strong></span> <span class='ocrx_word' id='word_1_58' title='bbox 189 888 306 953; x_wconf 89' lang='lat' dir='ltr'><strong>herede</strong></span> <span class='ocrx_word' id='word_1_59' title='bbox 335 890 497 954; x_wconf 78' lang='lat' dir='ltr'><strong>actionem</strong></span> <span class='ocrx_word' id='word_1_60' title='bbox 525 890 674 953; x_wconf 91' lang='lat' dir='ltr'><strong>colonum</strong></span> <span class='ocrx_word' id='word_1_61' title='bbox 701 888 834 970; x_wconf 88' lang='lat' dir='ltr'><strong>habere,</strong></span> <span class='ocrx_word' id='word_1_62' title='bbox 862 892 896 952; x_wconf 94' lang='lat' dir='ltr'><strong>et</strong></span> <span class='ocrx_word' id='word_1_63' title='bbox 923 889 984 953; x_wconf 92' lang='lat' dir='ltr'><strong>hoc</strong></span> <span class='ocrx_word' id='word_1_64' title='bbox 1007 888 1106 953; x_wconf 90' lang='lat' dir='ltr'><strong>detri-</strong></span> 
     </span>
     <span class='ocr_line' id='line_1_9' title="bbox 109 976 1107 1065; baseline 0.001 -25"><span class='ocrx_word' id='word_1_65' title='bbox 109 981 234 1042; x_wconf 89' lang='lat' dir='ltr'><strong>nentum</strong></span> <span class='ocrx_word' id='word_1_66' title='bbox 267 977 307 1043; x_wconf 89' lang='lat' dir='ltr'><strong>ad</strong></span> <span class='ocrx_word' id='word_1_67' title='bbox 339 977 492 1042; x_wconf 84' lang='lat' dir='ltr'><strong>heredem</strong></span> <span class='ocrx_word' id='word_1_68' title='bbox 523 977 700 1061; x_wconf 88' lang='lat' dir='ltr'><strong>pertinere,</strong></span> <span class='ocrx_word' id='word_1_69' title='bbox 734 976 830 1042; x_wconf 84' lang='lat' dir='ltr'><strong>sicuti</strong></span> <span class='ocrx_word' id='word_1_70' title='bbox 862 978 890 1042; x_wconf 91' lang='lat' dir='ltr'><strong>si</strong></span> <span class='ocrx_word' id='word_1_71' title='bbox 923 977 996 1062; x_wconf 88' lang='lat' dir='ltr'><strong>quis</strong></span> <span class='ocrx_word' id='word_1_72' title='bbox 1027 999 1107 1065; x_wconf 92' lang='lat' dir='ltr'><strong>rem,</strong></span> 
     </span>
     <span class='ocr_line' id='line_1_10' title="bbox 109 1065 1105 1153; baseline 0 -23"><span class='ocrx_word' id='word_1_73' title='bbox 109 1087 189 1149; x_wconf 88' lang='lat' dir='ltr'><strong>quam</strong></span> <span class='ocrx_word' id='word_1_74' title='bbox 224 1065 423 1131; x_wconf 87' lang='lat' dir='ltr'><strong>vendidisset</strong></span> <span class='ocrx_word' id='word_1_75' title='bbox 453 1065 588 1131; x_wconf 87' lang='lat' dir='ltr'><strong>necdum</strong></span> <span class='ocrx_word' id='word_1_76' title='bbox 622 1065 822 1153; x_wconf 82' lang='lat' dir='ltr'><strong>tradidisset,</strong></span> <span class='ocrx_word' id='word_1_77' title='bbox 863 1065 920 1130; x_wconf 93' lang='lat' dir='ltr'><strong>alii</strong></span> <span class='ocrx_word' id='word_1_78' title='bbox 953 1065 1105 1151; x_wconf 79' lang='lat' dir='ltr'><strong>legasset,</strong></span> 
     </span>
     <span class='ocr_line' id='line_1_11' title="bbox 108 1153 983 1239; baseline 0.003 -22"><span class='ocrx_word' id='word_1_79' title='bbox 108 1153 185 1219; x_wconf 89' lang='lat' dir='ltr'><strong>heres</strong></span> <span class='ocrx_word' id='word_1_80' title='bbox 206 1156 274 1220; x_wconf 89' lang='lat' dir='ltr'><strong>eius</strong></span> <span class='ocrx_word' id='word_1_81' title='bbox 298 1155 437 1239; x_wconf 89' lang='lat' dir='ltr'><strong>emptori</strong></span> <span class='ocrx_word' id='word_1_82' title='bbox 460 1161 493 1221; x_wconf 91' lang='lat' dir='ltr'><strong>et</strong></span> <span class='ocrx_word' id='word_1_83' title='bbox 515 1154 675 1239; x_wconf 82' lang='lat' dir='ltr'><strong>legatario</strong></span> <span class='ocrx_word' id='word_1_84' title='bbox 698 1159 785 1220; x_wconf 89' lang='lat' dir='ltr'><strong>esset</strong></span> <span class='ocrx_word' id='word_1_85' title='bbox 808 1153 983 1239; x_wconf 82' lang='lat' dir='ltr'><strong>obligatus.</strong></span> 
     </span>
    </p>
   </div>
   <div class='ocr_carea' id='block_1_3' title="bbox 412 1338 780 1412">
    <p class='ocr_par' dir='ltr' id='par_1_3' title="bbox 412 1338 780 1412">
     <span class='ocr_line' id='line_1_12' title="bbox 412 1338 780 1412; baseline 0.003 -16"><span class='ocrx_word' id='word_1_86' title='bbox 412 1339 460 1397; x_wconf 90' lang='lat' dir='ltr'><strong>Dc</strong></span> <span class='ocrx_word' id='word_1_87' title='bbox 480 1338 656 1397; x_wconf 79' lang='lat' dir='ltr'><strong>habitatione</strong></span> <span class='ocrx_word' id='word_1_88' title='bbox 677 1338 780 1412; x_wconf 64' lang='lat' dir='ltr'><strong>locate.</strong></span> 
     </span>
    </p>
   </div>
   <div class='ocr_carea' id='block_1_4' title="bbox 106 1455 1106 2075">
    <p class='ocr_par' dir='ltr' id='par_1_4' title="bbox 106 1455 1106 2075">
     <span class='ocr_line' id='line_1_13' title="bbox 181 1455 1105 1539; baseline 0.001 -17"><span class='ocrx_word' id='word_1_89' title='bbox 181 1458 231 1522; x_wconf 83' lang='lat'><strong>42.</strong></span> <span class='ocrx_word' id='word_1_90' title='bbox 259 1457 299 1523; x_wconf 90' lang='lat' dir='ltr'><strong>D.</strong></span> <span class='ocrx_word' id='word_1_91' title='bbox 320 1457 373 1539; x_wconf 83' lang='lat'><strong>34,</strong></span> <span class='ocrx_word' id='word_1_92' title='bbox 393 1457 424 1539; x_wconf 85' lang='lat'><strong>3,</strong></span> <span class='ocrx_word' id='word_1_93' title='bbox 447 1458 497 1522; x_wconf 84' lang='lat'><strong>18.</strong></span> <span class='ocrx_word' id='word_1_94' title='bbox 552 1455 672 1520; x_wconf 88' lang='lat' dir='ltr'><strong>Paulus</strong></span> <span class='ocrx_word' id='word_1_95' title='bbox 703 1455 788 1521; x_wconf 91' lang='lat' dir='ltr'><strong>libro</strong></span> <span class='ocrx_word' id='word_1_96' title='bbox 820 1478 906 1522; x_wconf 89' lang='lat' dir='ltr'><strong>nono</strong></span> <span class='ocrx_word' id='word_1_97' title='bbox 940 1457 980 1521; x_wconf 89' lang='lat' dir='ltr'><strong>ad</strong></span> <span class='ocrx_word' id='word_1_98' title='bbox 1011 1456 1105 1523; x_wconf 84' lang='lat' dir='ltr'><strong>Plau·</strong></span> 
     </span>
     <span class='ocr_line' id='line_1_14' title="bbox 107 1542 1104 1632; baseline 0.003 -24"><span class='ocrx_word' id='word_1_99' title='bbox 107 1545 175 1610; x_wconf 90' lang='lat' dir='ltr'><strong>tium</strong></span> <span class='ocrx_word' id='word_1_100' title='bbox 196 1543 243 1630; x_wconf 88' lang='lat' dir='ltr'><strong>(P.</strong></span> <span class='ocrx_word' id='word_1_101' title='bbox 264 1543 373 1632; x_wconf 76' lang='lat'><strong>1172).</strong></span> <span class='ocrx_word' id='word_1_102' title='bbox 408 1581 447 1592; x_wconf 89' lang='lat'>—</span> <span class='ocrx_word' id='word_1_103' title='bbox 485 1542 618 1610; x_wconf 78' lang='lat' dir='ltr'><strong>Cassius</strong></span> <span class='ocrx_word' id='word_1_104' title='bbox 646 1543 791 1610; x_wconf 84' lang='lat' dir='ltr'><strong>.Etiam</strong></span> <span class='ocrx_word' id='word_1_105' title='bbox 815 1547 842 1610; x_wconf 90' lang='lat' dir='ltr'><strong>si</strong></span> <span class='ocrx_word' id='word_1_106' title='bbox 870 1545 1033 1611; x_wconf 85' lang='lat' dir='ltr'><strong>habitatio</strong></span> <span class='ocrx_word' id='word_1_107' title='bbox 1066 1568 1104 1612; x_wconf 90' lang='lat' dir='ltr'><strong>eo</strong></span> 
     </span>
     <span class='ocr_line' id='line_1_15' title="bbox 107 1631 1105 1738; baseline 0.001 -39"><span class='ocrx_word' id='word_1_108' title='bbox 107 1631 156 1735; x_wconf 69' lang='lat' dir='ltr'><strong>(sc,</strong></span> <span class='ocrx_word' id='word_1_109' title='bbox 176 1631 313 1738; x_wconf 83' lang='lat' dir='ltr'><strong>sinendi)</strong></span> <span class='ocrx_word' id='word_1_110' title='bbox 350 1634 446 1699; x_wconf 94' lang='lat' dir='ltr'><strong>modo</strong></span> <span class='ocrx_word' id='word_1_111' title='bbox 474 1634 585 1718; x_wconf 83' lang='lat' dir='ltr'><strong>legata</strong></span> <span class='ocrx_word' id='word_1_112' title='bbox 619 1638 704 1697; x_wconf 89' lang='lat' dir='ltr'><strong>esset</strong></span> <span class='ocrx_word' id='word_1_113' title='bbox 738 1632 783 1736; x_wconf 87' lang='lat' dir='ltr'><strong>(ei</strong></span> <span class='ocrx_word' id='word_1_114' title='bbox 815 1633 871 1719; x_wconf 88' lang='lat' dir='ltr'><strong>qui</strong></span> <span class='ocrx_word' id='word_1_115' title='bbox 903 1633 1039 1736; x_wconf 80' lang='lat' dir='ltr'><strong>fundum</strong></span> <span class='ocrx_word' id='word_1_116' title='bbox 1071 1637 1105 1700; x_wconf 89' lang='lat' dir='ltr'><strong>in</strong></span> 
     </span>
     <span class='ocr_line' id='line_1_16' title="bbox 107 1719 1104 1897; baseline 0.002 -23"><span class='ocrx_word' id='word_1_117' title='bbox 107 1719 638 1897; x_wconf 50' lang='lat' dir='ltr'><strong>(attraxllttllla</strong></span> <span class='ocrx_word' id='word_1_118' title='bbox 652 1726 833 1895; x_wconf 60' lang='lat' dir='ltr'><strong>ttlllt</strong></span> <span class='ocrx_word' id='word_1_119' title='bbox 858 1723 1104 1896; x_wconf 63' lang='lat' dir='ltr'><strong>..ltl’tl&#39;lgtt</strong></span> 
     </span>
     <span class='ocr_line' id='line_1_17' title="bbox 107 1900 1106 1983; baseline 0.002 -19"><span class='ocrx_word' id='word_1_120' title='bbox 107 1921 187 1982; x_wconf 91' lang='lat' dir='ltr'><strong>posse</strong></span> <span class='ocrx_word' id='word_1_121' title='bbox 208 1900 360 1967; x_wconf 91' lang='lat' dir='ltr'><strong>colonum</strong></span> <span class='ocrx_word' id='word_1_122' title='bbox 382 1922 454 1965; x_wconf 91' lang='lat' dir='ltr'><strong>cum</strong></span> <span class='ocrx_word' id='word_1_123' title='bbox 474 1900 591 1964; x_wconf 87' lang='lat' dir='ltr'><strong>herede</strong></span> <span class='ocrx_word' id='word_1_124' title='bbox 611 1921 649 1963; x_wconf 86' lang='lat' dir='ltr'><strong>ex</strong></span> <span class='ocrx_word' id='word_1_125' title='bbox 667 1903 872 1983; x_wconf 89' lang='lat' dir='ltr'><strong>testamento,</strong></span> <span class='ocrx_word' id='word_1_126' title='bbox 895 1905 932 1964; x_wconf 90' lang='lat' dir='ltr'><strong>ut</strong></span> <span class='ocrx_word' id='word_1_127' title='bbox 949 1901 1106 1966; x_wconf 88' lang='lat' dir='ltr'><strong>liberetur</strong></span> 
     </span>
     <span class='ocr_line' id='line_1_18' title="bbox 106 1987 793 2075; baseline 0.001 -23"><span class='ocrx_word' id='word_1_128' title='bbox 106 1991 318 2075; x_wconf 89' lang='lat' dir='ltr'><strong>conductione,</strong></span> <span class='ocrx_word' id='word_1_129' title='bbox 341 1990 427 2075; x_wconf 91' lang='lat' dir='ltr'><strong>quod</strong></span> <span class='ocrx_word' id='word_1_130' title='bbox 450 1989 630 2054; x_wconf 89' lang='lat' dir='ltr'><strong>rectissime</strong></span> <span class='ocrx_word' id='word_1_131' title='bbox 653 1987 793 2069; x_wconf 63' lang='lat' dir='ltr'><strong>dicitur}</strong></span> 
     </span>
    </p>
   </div>
   <div class='ocr_carea' id='block_1_5' title="bbox 101 2108 1106 2347">
    <p class='ocr_par' dir='ltr' id='par_1_5' title="bbox 101 2108 1106 2347">
     <span class='ocr_line' id='line_1_19' title="bbox 180 2108 1106 2187; baseline -0.002 -18"><span class='ocrx_word' id='word_1_132' title='bbox 180 2109 368 2187; x_wconf 82' lang='lat' dir='ltr'><strong>Quamquam</strong></span> <span class='ocrx_word' id='word_1_133' title='bbox 382 2110 586 2186; x_wconf 85' lang='lat' dir='ltr'><strong>fragmentum</strong></span> <span class='ocrx_word' id='word_1_134' title='bbox 601 2108 809 2167; x_wconf 84' lang='lat' dir='ltr'><strong>a&#39;Priboniano</strong></span> <span class='ocrx_word' id='word_1_135' title='bbox 825 2109 994 2168; x_wconf 84' lang='lat' dir='ltr'><strong>confectum</strong></span> <span class='ocrx_word' id='word_1_136' title='bbox 1007 2112 1106 2168; x_wconf 89' lang='lat' dir='ltr'><strong>totum</strong></span> 
     </span>
     <span class='ocr_line' id='line_1_20' title="bbox 101 2196 1104 2347; baseline -0.005 -88"><span class='ocrx_word' id='word_1_137' title='bbox 101 2196 417 2347; x_wconf 50' lang='grc' dir='ltr'><strong>ἓέἓοθεῖῗτὶδιιίῐυτ,</strong></span> <span class='ocrx_word' id='word_1_138' title='bbox 448 2201 551 2257; x_wconf 90' lang='lat' dir='ltr'><strong>tamen</strong></span> <span class='ocrx_word' id='word_1_139' title='bbox 583 2199 678 2256; x_wconf 89' lang='lat' dir='ltr'><strong>altera</strong></span> <span class='ocrx_word' id='word_1_140' title='bbox 710 2215 780 2272; x_wconf 89' lang='lat' dir='ltr'><strong>pars</strong></span> <span class='ocrx_word' id='word_1_141' title='bbox 808 2197 896 2255; x_wconf 89' lang='lat' dir='ltr'><strong>Pauli</strong></span> <span class='ocrx_word' id='word_1_142' title='bbox 928 2197 1029 2272; x_wconf 92' lang='lat' dir='ltr'><strong>potius</strong></span> <span class='ocrx_word' id='word_1_143' title='bbox 1061 2198 1104 2256; x_wconf 90' lang='lat' dir='ltr'><strong>vi·</strong></span> 
     </span>
    </p>
   </div>
   <div class='ocr_carea' id='block_1_6' title="bbox 449 2378 745 2460">
    <p class='ocr_par' dir='ltr' id='par_1_6' title="bbox 449 2378 745 2460">
     <span class='ocr_line' id='line_1_21' title="bbox 449 2378 745 2460; baseline -0.003 -17"><span class='ocrx_word' id='word_1_144' title='bbox 449 2378 499 2443; x_wconf 89' lang='lat' dir='ltr'><strong>Dc</strong></span> <span class='ocrx_word' id='word_1_145' title='bbox 518 2379 617 2459; x_wconf 78' lang='lat' dir='ltr'><strong>fondo</strong></span> <span class='ocrx_word' id='word_1_146' title='bbox 640 2379 745 2460; x_wconf 71' lang='lat' dir='ltr'><strong>leonto.</strong></span> 
     </span>
    </p>
   </div>
   <div class='ocr_carea' id='block_1_7' title="bbox 89 2500 1105 3475">
    <p class='ocr_par' dir='ltr' id='par_1_7' title="bbox 89 2500 1105 3475">
     <span class='ocr_line' id='line_1_22' title="bbox 176 2500 1104 2590; baseline -0.002 -21"><span class='ocrx_word' id='word_1_147' title='bbox 176 2505 229 2569; x_wconf 85' lang='lat'><strong>43.</strong></span> <span class='ocrx_word' id='word_1_148' title='bbox 255 2503 294 2569; x_wconf 91' lang='lat' dir='ltr'><strong>D.</strong></span> <span class='ocrx_word' id='word_1_149' title='bbox 309 2503 362 2587; x_wconf 83' lang='lat'><strong>35,</strong></span> <span class='ocrx_word' id='word_1_150' title='bbox 377 2503 407 2585; x_wconf 85' lang='lat'><strong>2,</strong></span> <span class='ocrx_word' id='word_1_151' title='bbox 420 2503 463 2567; x_wconf 84' lang='lat'><strong>49</strong></span> <span class='ocrx_word' id='word_1_152' title='bbox 473 2526 521 2587; x_wconf 86' lang='lat' dir='ltr'><strong>pr.</strong></span> <span class='ocrx_word' id='word_1_153' title='bbox 566 2501 656 2567; x_wconf 90' lang='lat' dir='ltr'><strong>Idem</strong></span> <span class='ocrx_word' id='word_1_154' title='bbox 682 2500 740 2590; x_wconf 89' lang='lat' dir='ltr'><strong>(sc.</strong></span> <span class='ocrx_word' id='word_1_155' title='bbox 761 2500 895 2589; x_wconf 89' lang='lat' dir='ltr'><strong>Paulus)</strong></span> <span class='ocrx_word' id='word_1_156' title='bbox 917 2502 1003 2568; x_wconf 90' lang='lat' dir='ltr'><strong>libro</strong></span> <span class='ocrx_word' id='word_1_157' title='bbox 1027 2503 1104 2567; x_wconf 92' lang='lat' dir='ltr'><strong>duo·</strong></span> 
     </span>
     <span class='ocr_line' id='line_1_23' title="bbox 96 2587 1104 2677; baseline 0.001 -22"><span class='ocrx_word' id='word_1_158' title='bbox 96 2591 211 2656; x_wconf 88' lang='lat' dir='ltr'><strong>decimo</strong></span> <span class='ocrx_word' id='word_1_159' title='bbox 243 2593 284 2656; x_wconf 88' lang='lat' dir='ltr'><strong>ad</strong></span> <span class='ocrx_word' id='word_1_160' title='bbox 311 2592 475 2656; x_wconf 89' lang='lat' dir='ltr'><strong>Plautium</strong></span> <span class='ocrx_word' id='word_1_161' title='bbox 503 2590 553 2677; x_wconf 87' lang='lat' dir='ltr'><strong>(P.</strong></span> <span class='ocrx_word' id='word_1_162' title='bbox 575 2587 684 2676; x_wconf 88' lang='lat'><strong>1188).</strong></span> <span class='ocrx_word' id='word_1_163' title='bbox 713 2628 754 2636; x_wconf 97' lang='lat'><em>-</em></span> <span class='ocrx_word' id='word_1_164' title='bbox 783 2592 929 2656; x_wconf 88' lang='lat' dir='ltr'><strong>Plautius</strong></span> <span class='ocrx_word' id='word_1_165' title='bbox 958 2641 965 2656; x_wconf 90' lang='lat'><strong>.</strong></span> <span class='ocrx_word' id='word_1_166' title='bbox 995 2590 1104 2674; x_wconf 85' lang='lat' dir='ltr'><strong>Servo,</strong></span> 
     </span>
     <span class='ocr_line' id='line_1_24' title="bbox 96 2680 1105 2765; baseline 0 -21"><span class='ocrx_word' id='word_1_167' title='bbox 96 2702 183 2762; x_wconf 91' lang='lat' dir='ltr'><strong>quem</strong></span> <span class='ocrx_word' id='word_1_168' title='bbox 202 2680 266 2745; x_wconf 90' lang='lat' dir='ltr'><strong>tibi</strong></span> <span class='ocrx_word' id='word_1_169' title='bbox 284 2681 479 2765; x_wconf 86' lang='lat' dir='ltr'><strong>legaveram,</strong></span> <span class='ocrx_word' id='word_1_170' title='bbox 496 2680 632 2744; x_wconf 88' lang='lat' dir='ltr'><strong>fundum</strong></span> <span class='ocrx_word' id='word_1_171' title='bbox 652 2681 769 2764; x_wconf 85' lang='lat' dir='ltr'><strong>legavi.</strong></span> <span class='ocrx_word' id='word_1_172' title='bbox 805 2680 981 2744; x_wconf 86' lang='lat' dir='ltr'><strong>Atilicinus</strong></span> <span class='ocrx_word' id='word_1_173' title='bbox 996 2680 1027 2744; x_wconf 92' lang='lat' dir='ltr'>N</span> <span class='ocrx_word' id='word_1_174' title='bbox 1030 2702 1105 2744; x_wconf 82' lang='lat' dir='ltr'><strong>arva</strong></span> 
     </span>
     <span class='ocr_line' id='line_1_25' title="bbox 95 2766 1104 2854; baseline -0.001 -21"><span class='ocrx_word' id='word_1_175' title='bbox 95 2766 228 2834; x_wconf 86' lang='lat' dir='ltr'><strong>Sabinus</strong></span> <span class='ocrx_word' id='word_1_176' title='bbox 264 2771 406 2854; x_wconf 89' lang='lat' dir='ltr'><strong>primum</strong></span> <span class='ocrx_word' id='word_1_177' title='bbox 442 2771 476 2834; x_wconf 92' lang='lat' dir='ltr'><strong>in</strong></span> <span class='ocrx_word' id='word_1_178' title='bbox 511 2791 604 2834; x_wconf 89' lang='lat' dir='ltr'><strong>servo</strong></span> <span class='ocrx_word' id='word_1_179' title='bbox 636 2771 793 2833; x_wconf 92' lang='lat' dir='ltr'><strong>rationem</strong></span> <span class='ocrx_word' id='word_1_180' title='bbox 826 2768 909 2854; x_wconf 83' lang='lat' dir='ltr'><strong>legis</strong></span> <span class='ocrx_word' id='word_1_181' title='bbox 942 2767 1104 2832; x_wconf 85' lang='lat' dir='ltr'><strong>Falcidiae</strong></span> 
     </span>
     <span class='ocr_line' id='line_1_26' title="bbox 93 2857 1104 2942; baseline -0.001 -21"><span class='ocrx_word' id='word_1_182' title='bbox 93 2857 272 2923; x_wconf 89' lang='lat' dir='ltr'><strong>habendam</strong></span> <span class='ocrx_word' id='word_1_183' title='bbox 296 2861 328 2922; x_wconf 92' lang='lat' dir='ltr'><strong>et</strong></span> <span class='ocrx_word' id='word_1_184' title='bbox 353 2862 452 2942; x_wconf 87' lang='lat' dir='ltr'><strong>quota</strong></span> <span class='ocrx_word' id='word_1_185' title='bbox 475 2881 549 2942; x_wconf 90' lang='lat' dir='ltr'><strong>pars</strong></span> <span class='ocrx_word' id='word_1_186' title='bbox 572 2879 611 2923; x_wconf 85' lang='lat' dir='ltr'><strong>ex</strong></span> <span class='ocrx_word' id='word_1_187' title='bbox 631 2880 668 2923; x_wconf 92' lang='lat' dir='ltr'><strong>eo</strong></span> <span class='ocrx_word' id='word_1_188' title='bbox 688 2857 863 2939; x_wconf 87' lang='lat' dir='ltr'><strong>decederet,</strong></span> <span class='ocrx_word' id='word_1_189' title='bbox 887 2860 1104 2941; x_wconf 86' lang='lat' dir='ltr'><strong>campartem</strong></span> 
     </span>
     <span class='ocr_line' id='line_1_27' title="bbox 92 2945 1104 3030; baseline -0.002 -19"><span class='ocrx_word' id='word_1_190' title='bbox 92 2947 122 3011; x_wconf 92' lang='lat' dir='ltr'><strong>in</strong></span> <span class='ocrx_word' id='word_1_191' title='bbox 148 2947 251 3011; x_wconf 91' lang='lat' dir='ltr'><strong>fundo</strong></span> <span class='ocrx_word' id='word_1_192' title='bbox 280 2947 389 3030; x_wconf 84' lang='lat' dir='ltr'><strong>legato</strong></span> <span class='ocrx_word' id='word_1_193' title='bbox 417 2947 565 3011; x_wconf 87' lang='lat' dir='ltr'><strong>inutilem</strong></span> <span class='ocrx_word' id='word_1_194' title='bbox 588 2945 745 3029; x_wconf 87' lang='lat' dir='ltr'><strong>futuram,</strong></span> <span class='ocrx_word' id='word_1_195' title='bbox 773 2945 886 3010; x_wconf 91' lang='lat' dir='ltr'><strong>deinde</strong></span> <span class='ocrx_word' id='word_1_196' title='bbox 910 2967 949 3010; x_wconf 86' lang='lat' dir='ltr'><strong>ex</strong></span> <span class='ocrx_word' id='word_1_197' title='bbox 972 2945 1104 3028; x_wconf 87' lang='lat' dir='ltr'><strong>reliquis</strong></span> 
     </span>
     <span class='ocr_line' id='line_1_28' title="bbox 91 3034 1105 3120; baseline -0.003 -20"><span class='ocrx_word' id='word_1_198' title='bbox 91 3036 237 3118; x_wconf 86' lang='lat' dir='ltr'><strong>partibus</strong></span> <span class='ocrx_word' id='word_1_199' title='bbox 265 3034 356 3099; x_wconf 89' lang='lat' dir='ltr'><strong>fundi</strong></span> <span class='ocrx_word' id='word_1_200' title='bbox 384 3036 468 3120; x_wconf 82' lang='lat' dir='ltr'><strong>legis</strong></span> <span class='ocrx_word' id='word_1_201' title='bbox 491 3035 652 3100; x_wconf 86' lang='lat' dir='ltr'><strong>Falcidiae</strong></span> <span class='ocrx_word' id='word_1_202' title='bbox 680 3034 865 3119; x_wconf 88' lang='lat' dir='ltr'><strong>portionem</strong></span> <span class='ocrx_word' id='word_1_203' title='bbox 892 3035 1105 3112; x_wconf 84' lang='lat' dir='ltr'><strong>decessorem,</strong></span> 
     </span>
     <span class='ocr_line' id='line_1_29' title="bbox 92 3122 1104 3209; baseline -0.001 -22"><span class='ocrx_word' id='word_1_204' title='bbox 92 3125 171 3189; x_wconf 89' lang='lat' dir='ltr'><strong>sicut</strong></span> <span class='ocrx_word' id='word_1_205' title='bbox 201 3147 240 3188; x_wconf 88' lang='lat' dir='ltr'><strong>ex</strong></span> <span class='ocrx_word' id='word_1_206' title='bbox 270 3125 420 3188; x_wconf 89' lang='lat' dir='ltr'><strong>omnibus</strong></span> <span class='ocrx_word' id='word_1_207' title='bbox 448 3125 574 3209; x_wconf 86' lang='lat' dir='ltr'><strong>legatis.</strong></span> <span class='ocrx_word' id='word_1_208' title='bbox 621 3122 766 3206; x_wconf 80' lang='lat' dir='ltr'><strong>Cassius,</strong></span> <span class='ocrx_word' id='word_1_209' title='bbox 794 3123 880 3207; x_wconf 93' lang='lat' dir='ltr'><strong>quod</strong></span> <span class='ocrx_word' id='word_1_210' title='bbox 908 3144 1000 3187; x_wconf 87' lang='lat' dir='ltr'><strong>servo</strong></span> <span class='ocrx_word' id='word_1_211' title='bbox 1028 3144 1104 3207; x_wconf 89' lang='lat' dir='ltr'><strong>pars</strong></span> 
     </span>
     <span class='ocr_line' id='line_1_30' title="bbox 91 3211 1103 3298; baseline 0 -24"><span class='ocrx_word' id='word_1_212' title='bbox 91 3211 158 3298; x_wconf 84' lang='lat' dir='ltr'><strong>lege</strong></span> <span class='ocrx_word' id='word_1_213' title='bbox 178 3213 324 3278; x_wconf 81' lang='lat' dir='ltr'><strong>Falcidia</strong></span> <span class='ocrx_word' id='word_1_214' title='bbox 342 3213 486 3296; x_wconf 87' lang='lat' dir='ltr'><strong>decedat,</strong></span> <span class='ocrx_word' id='word_1_215' title='bbox 504 3213 643 3296; x_wconf 88' lang='lat' dir='ltr'><strong>incipere</strong></span> <span class='ocrx_word' id='word_1_216' title='bbox 664 3234 790 3277; x_wconf 86' lang='lat' dir='ltr'><strong>servum</strong></span> <span class='ocrx_word' id='word_1_217' title='bbox 810 3212 880 3275; x_wconf 91' lang='lat' dir='ltr'><strong>fieri</strong></span> <span class='ocrx_word' id='word_1_218' title='bbox 900 3232 1103 3276; x_wconf 89' lang='lat' dir='ltr'><strong>communem</strong></span> 
     </span>
     <span class='ocr_line' id='line_1_31' title="bbox 89 3300 1104 3387; baseline -0.005 -22"><span class='ocrx_word' id='word_1_219' title='bbox 89 3301 216 3366; x_wconf 90' lang='lat' dir='ltr'><strong>heredis</strong></span> <span class='ocrx_word' id='word_1_220' title='bbox 236 3305 270 3366; x_wconf 89' lang='lat' dir='ltr'><strong>et</strong></span> <span class='ocrx_word' id='word_1_221' title='bbox 284 3303 443 3387; x_wconf 86' lang='lat' dir='ltr'><strong>legatarii,</strong></span> <span class='ocrx_word' id='word_1_222' title='bbox 462 3302 625 3366; x_wconf 87' lang='lat' dir='ltr'><strong>communi</strong></span> <span class='ocrx_word' id='word_1_223' title='bbox 641 3305 749 3366; x_wconf 88' lang='lat' dir='ltr'><strong>autem</strong></span> <span class='ocrx_word' id='word_1_224' title='bbox 764 3323 857 3366; x_wconf 85' lang='lat' dir='ltr'><strong>servo</strong></span> <span class='ocrx_word' id='word_1_225' title='bbox 873 3323 945 3365; x_wconf 90' lang='lat' dir='ltr'><strong>cum</strong></span> <span class='ocrx_word' id='word_1_226' title='bbox 960 3300 1104 3383; x_wconf 83' lang='lat' dir='ltr'><strong>legatum</strong></span> 
     </span>
     <span class='ocr_line' id='line_1_32' title="bbox 90 3383 1105 3475; baseline -0.005 -22"><span class='ocrx_word' id='word_1_227' title='bbox 90 3391 140 3475; x_wconf 88' lang='lat' dir='ltr'><strong>sit,</strong></span> <span class='ocrx_word' id='word_1_228' title='bbox 154 3396 262 3457; x_wconf 88' lang='lat' dir='ltr'><strong>totum</strong></span> <span class='ocrx_word' id='word_1_229' title='bbox 277 3392 437 3475; x_wconf 88' lang='lat' dir='ltr'><strong>pertinere</strong></span> <span class='ocrx_word' id='word_1_230' title='bbox 450 3390 487 3454; x_wconf 92' lang='lat' dir='ltr'><strong>ad</strong></span> <span class='ocrx_word' id='word_1_231' title='bbox 501 3392 633 3474; x_wconf 88' lang='lat' dir='ltr'><strong>socium,</strong></span> <span class='ocrx_word' id='word_1_232' title='bbox 647 3390 723 3475; x_wconf 89' lang='lat' dir='ltr'><strong>quia</strong></span> <span class='ocrx_word' id='word_1_233' title='bbox 732 3391 766 3453; x_wconf 91' lang='lat' dir='ltr'><strong>in</strong></span> <span class='ocrx_word' id='word_1_234' title='bbox 777 3411 814 3454; x_wconf 93' lang='lat' dir='ltr'><strong>ea</strong></span> <span class='ocrx_word' id='word_1_235' title='bbox 824 3411 962 3473; x_wconf 88' lang='lat' dir='ltr'><strong>persona</strong></span> <span class='ocrx_word' id='word_1_236' title='bbox 974 3383 1105 3469; x_wconf 81' lang='lat' dir='ltr'><strong>&lt;s01a&gt;1</strong></span> 
     </span>
    </p>
   </div>
   <div class='ocr_carea' id='block_1_8' title="bbox 158 3565 548 3635">
    <p class='ocr_par' dir='ltr' id='par_1_8' title="bbox 158 3565 548 3635">
     <span class='ocr_line' id='line_1_33' title="bbox 158 3565 548 3635; baseline -0.003 -16"><span class='ocrx_word' id='word_1_237' title='bbox 158 3571 172 3619; x_wconf 89' lang='lat'>1</span> <span class='ocrx_word' id='word_1_238' title='bbox 193 3565 243 3624; x_wconf 82' lang='lat' dir='ltr'><strong>Ft.</strong></span> <span class='ocrx_word' id='word_1_239' title='bbox 262 3565 292 3620; x_wconf 91' lang='lat' dir='ltr'><strong>in</strong></span> <span class='ocrx_word' id='word_1_240' title='bbox 311 3581 373 3621; x_wconf 91' lang='lat' dir='ltr'><strong>eam</strong></span> <span class='ocrx_word' id='word_1_241' title='bbox 392 3580 548 3635; x_wconf 89' lang='lat' dir='ltr'><strong>personam.</strong></span> 
     </span>
    </p>
   </div>
   <div class='ocr_carea' id='block_1_9' title="bbox 0 0 1220 3944">
    <p class='ocr_par' dir='ltr' id='par_1_9' title="bbox 0 0 1220 3944">
     <span class='ocr_line' id='line_1_34' title="bbox 0 0 1220 3944; baseline 0 2"><span class='ocrx_word' id='word_1_242' title='bbox 0 0 1220 3944; x_wconf 95' lang='lat' dir='ltr'><strong> </strong></span> 
     </span>
    </p>
   </div>
  </div>
 </body>
</html>
