2430 3944
376 188 401 235 2.
419 180 612 236 FULCINIUS
630 180 779 238 PRISCUS
1014 180 1077 244 261

67 349 228 409 unacum
260 349 354 409 Fabio
386 350 467 409 Mela
493 343 545 429 (D.
571 351 621 426 25,
647 351 676 425 2,
701 349 775 425 3,4
809 342 900 408 ‘Mela
925 349 1079 410 Fulcinius

69 430 184 520 aiunt’)
216 441 248 498 51
279 457 347 497 curn
377 437 520 498 Atilicino
552 428 601 518 (D.
621 438 673 513 25,
694 440 722 509 2,
743 439 814 512 611.
846 430 1017 496 ‘Atilicinus
1049 440 1080 498 51

67 527 222 586 Fulcinius
250 518 377 608 aiunt'),
404 529 537 586 ceterum
559 526 646 585 nobis
668 526 805 604 ignotus,
831 525 883 601 qui
905 529 936 585 51
958 544 1079 603 respou-

67 614 179 693 deudo,
201 619 238 676 ut
258 615 392 693 ridetur,
415 618 447 674 et
468 615 554 674 libris
577 614 740 675 scribendis
764 633 885 690 operam
908 615 998 674 dedit.

155 704 311 764 Fulcinius
338 704 481 764 laudatur
508 705 572 763 tam
598 702 684 762 libris
712 702 750 762 ad
778 701 923 761 Sabinum
949 721 968 762 a
994 702 1080 763 Porn-

65 793 157 868 ponio
176 786 228 872 (D.
245 795 296 871 24,
312 795 341 867 1,
356 795 396 853 29
405 785 474 874 pr),
492 792 587 851 Panlo
608 784 657 872 (D.
673 793 723 867 25,
740 794 768 869 2,
783 793 812 868 3,
827 793 857 850 4.
877 792 928 868 25,
942 793 971 867 2,
982 785 1080 871 ipa),

66 880 199 957 Ulpiano
227 873 278 963 (D.
298 883 349 957 25,
370 884 398 955 1,
419 883 447 956 1,
467 882 495 941 3.
525 882 575 954 25,
597 883 625 958 1,
646 883 674 956 1,
695 872 782 960 351.)
811 898 900 955 quam
926 879 1013 939 libris
1042 880 1081 939 ad

66 969 200 1028 edictum
231 988 251 1028 a
277 967 353 1029 (laio
380 960 432 1050 (D.
449 972 498 1045 11,
514 971 543 1046 7,
559 959 681 1050 29pr.),
713 967 808 1028 Paulo
836 960 954 1049 (11.43,
970 971 1020 1044 16,
1035 960 1080 1049 8),

65 1057 198 1134 Ulpiano
221 1050 273 1139 (D.
287 1058 340 1132 42,
353 1060 384 1134 4,
400 1050 494 1137 751).

156 1146 222 1205 Iam
248 1146 409 1205 ridendum
437 1148 497 1223 551,
524 1164 597 1204 num
624 1139 767 1205 ‘Priscus'
795 1145 847 1204 ille
870 1165 888 1204 a
910 1145 985 1204 iuris
1009 1163 1080 1204 con-

66 1234 157 1294 sultis
178 1253 393 1312 nonnunquam
414 1234 557 1293 laudatus
578 1233 734 1293 Fulcinius
756 1234 911 1293 habendus
930 1235 979 1306 sit,
1003 1252 1079 1311 quae

65 1340 129 1382 resx
142 1324 211 1382 ideo
238 1322 326 1384 valde
352 1322 444 1382 dubia
471 1325 529 1396 551,
562 1321 643 1399 quod
670 1324 701 1381 51
727 1321 869 1382 Iauoleno
897 1325 928 1381 51
954 1322 1079 1382 Neratio

66 1411 164 1472 Prisci
186 1430 353 1488 cognomen
374 1415 447 1470 erat

156 1501 202 1560 De
229 1500 331 1559 Prisco
358 1500 493 1559 referunt
517 1499 653 1558 Iulianus
676 1491 726 1581 (D.
742 1501 792 1572 39,
809 1501 838 1573 6,
854 1501 893 1558 21
924 1493 1079 1577 ‘plerique

65 1587 99 1646 in
137 1588 247 1666 quibus
278 1588 401 1647 Priscus
435 1606 567 1665 quoque,
602 1579 861 1668 responderunt’),
896 1587 1079 1664 Pomponius

65 1668 117 1757 (D.
138 1678 367 1755 35,1,112,3
395 1670 529 1736 ‘Priscus
554 1668 749 1755 respondit'),
776 1675 888 1734 Paulus
917 1668 967 1758 (D.
983 1679 1036 1752 41,
1051 1679 1080 1754 2,

68 1770 98 1842 1,
117 1767 169 1826 21.
197 1767 250 1842 41,
268 1766 298 1842 4,
318 1767 386 1839 2,6
419 1759 552 1824 ‘Priscus
588 1758 671 1840 ait'),
706 1763 854 1840 Ulpianus
891 1756 943 1845 (fr.
964 1767 1077 1839 11,28

67 1847 215 1913 ‘Priscus'
239 1856 282 1931 51,
310 1853 336 1911 si
357 1853 443 1912 libris
465 1853 539 1912 fides
563 1855 618 1928 est,
640 1852 677 1910 D.
693 1854 722 1929 7,
737 1855 767 1931 8,
783 1853 867 1926 10,2
892 1847 935 1911 ‘et
957 1852 1078 1913 Priscus

66 1945 100 2001 51
121 1941 265 2002 Neratius
287 1933 431 2022 putant').
477 1944 568 2018 atque
590 1941 624 1998 in
645 1939 756 1999 Iuliani
778 1941 956 2018 fragmentis
982 1959 1079 2018 neque

66 2023 248 2090 ‘Fulcinius'
258 2049 354 2105 neque
364 2025 530 2088 ‘Neratius'
539 2027 690 2104 laudatur,
700 2028 752 2087 sed
761 2031 879 2087 tanturn
887 2023 1080 2108 ‘Iavolenus',

68 2139 160 2199 quem
186 2121 409 2195 praeceptorem
438 2137 526 2178 suum
548 2117 688 2194 designat
711 2108 761 2198 (D.
777 2118 829 2191 40,
845 2119 873 2192 2,
889 2109 933 2196 5).
977 2116 1080 2194 itaque

68 2209 202 2268 dubitari
224 2207 272 2268 vix
285 2210 394 2283 potest,
415 2207 488 2283 quin
500 2206 597 2264 Prisci
611 2224 729 2283 quoque
743 2205 861 2266 nominc
876 2205 914 2264 ab
928 2205 981 2264 illo
996 2223 1080 2281 prae-

67 2300 174 2373 ceptor
184 2297 365 2372 designetur.
388 2294 478 2354 511151
488 2295 581 2354 sentit
589 2294 682 2353 Lenel
692 2294 744 2369 qui
754 2293 893 2353 dePrisci
903 2294 1079 2371 cognomine

66 2404 165 2461 noque
184 2384 264 2460 apud
281 2380 452 2443 Fulcinium
470 2401 566 2460 neque
586 2382 666 2458 apud
683 2383 867 2460 Iauolenum,
889 2381 941 2442 sed
959 2385 1080 2440 tanturn

67 2474 151 2551 apud
172 2473 332 2532 Neratium
354 2471 473 2548 quaerit
490 2471 644 2547 Priscique
666 2489 841 2547 responsum
861 2488 880 2529 a
896 2469 1015 2530 Iuliano
1033 2489 1080 2530 re·

66 2564 169 2622 latum
195 2562 275 2620 inter
300 2561 418 2619 Neratii
444 2560 614 2636 fragmenta
641 2561 753 2636 recepit
780 2554 828 2636 (P.
848 2553 918 2640 99),
948 2559 1001 2620 sed
1026 2559 1080 2636 ita,

67 2654 106 2710 ut
133 2668 223 2726 opere
249 2649 311 2708 iarn
338 2649 476 2708 absoluto
503 2649 535 2706 in
562 2647 705 2707 addendis
727 2649 801 2708 haec
823 2651 954 2707 notarat:
988 2642 1080 2706 ‘haud

68 2740 146 2814 scio,
175 2758 213 2797 au
235 2737 331 2797 Prisci
358 2756 466 2797 nomen
492 2737 523 2794 11
546 2737 583 2795 fr.
599 2738 649 2807 39,
665 2739 694 2814 6,
710 2739 749 2796 21
774 2731 894 2817 (Nerat.
908 2737 944 2797 fr.
960 2728 1018 2818 99)
1041 2736 1080 2795 51

68 2828 243 2886 Fulcinium
266 2826 369 2902 potius
390 2825 578 2885 referendum
602 2818 662 2884 sit’.

159 2915 194 2974 In
226 2915 384 2989 Pomponii
415 2914 592 2992 fragmentis
626 2916 657 2972 51
688 2913 843 2973 Fulcinius
875 2916 906 2972 51
937 2913 1079 2972 Neratius

67 3004 247 3080 laudantur,
274 3004 320 3061 115
342 3007 378 3061 11
400 3002 494 3061 Prisci
517 3001 635 3062 nornine
657 3002 745 3061 modo
768 3003 860 3075 hunc,
882 3001 971 3061 modo
993 3001 1079 3059 illurn

67 3093 210 3152 rideatur
239 3092 420 3168 designasse.
471 3090 550 3167 quod
576 3090 693 3150 Neratii
720 3108 828 3150 nornen
854 3092 902 3149 151
928 3090 1080 3150 invenitur

85 3181 121 3241 D.
152 3183 208 3259 30,
238 3182 288 3239 13.
317 3181 373 3256 35,
403 3176 436 3256 1,
465 3181 498 3256 6,
528 3181 554 3237 1.
587 3181 644 3254 41,
673 3181 727 3253 10,
756 3172 805 3259 3),
834 3179 964 3237 Fulcinii
987 3179 1080 3237 semel

86 3270 121 3329 D.
143 3272 194 3343 24,
216 3272 243 3343 1,
263 3263 382 3345 2911),
408 3267 496 3343 parvi
523 3268 664 3327 momenti
691 3271 745 3326 cst.
773 3267 825 3326 sed
848 3267 972 3326 adrem
994 3285 1080 3341 expe-

69 3358 211 3417 diendam
247 3357 374 3417 fortasse
410 3356 496 3430 facit,
532 3355 612 3431 quod
643 3375 710 3414 cum
742 3355 871 3414 Fulcinii
902 3359 933 3414 51
963 3354 1080 3413 Neratii

70 3447 192 3506 nomina
218 3446 250 3504 in
277 3444 364 3503 libris
391 3443 429 3502 ad
453 3442 597 3502 Sabinum
624 3443 823 3519 inveniantur,
850 3443 945 3502 Prisci
971 3460 1080 3501 nomen

69 3535 104 3593 in
120 3534 331 3611 Epistularum
352 3532 438 3591 libris
461 3535 557 3608 extat,
580 3532 625 3591 ita
646 3535 681 3591 11
702 3533 760 3592 hoc
782 3531 899 3592 nomine
922 3530 1079 3590 familiaris
