2430 3944
397 164 422 216 6.
444 157 654 215 IAVOLENUS
672 157 821 216 Palscus
1050 158 1116 225 439

95 328 216 406 giosam
234 344 253 386 a
266 345 327 386 non
344 325 518 401 possidente
533 327 727 404 eomparavIt‚
745 321 883 402 ‘poenam
898 327 1117 406 quinquaginta

96 415 308 477 sestertiomm
326 414 396 475 fiseo
414 408 662 492 repraesentare’,
684 415 736 492 qui
754 415 922 476 aedificium
941 417 1117 493 negotiandi

95 523 192 566 eausa
223 503 309 580 emit,
342 504 377 562 ut
408 503 552 565 diruendo
584 505 652 582 plus
686 504 860 581 adquireret
893 524 984 582 quam
1011 507 1117 582 quanti

95 595 234 672 emisset,
262 587 397 670 ‘duplam
423 593 594 669 pecuniam,
624 611 684 669 qna
711 596 860 654 mercatus
885 612 951 654 eam
973 612 1038 654 rem
1061 598 1116 672 est,

95 683 129 743 in
152 682 302 742 aerarium
327 681 439 741 inferre
462 675 601 759 eogitur'.

188 769 329 831 Ceterum
350 770 485 831 Iauoleni
513 770 606 831 verba
633 789 651 829 a
674 769 847 831 Triboniani
875 771 1012 831 adiutore
1035 769 1115 832 male

96 861 129 920 in
152 859 244 921 breve
267 861 371 920 eoaeta
393 878 459 920 esee
482 863 618 936 apparet.

364 1088 418 1149 IV.
450 1089 499 1148 Ex
522 1088 649 1150 Cassio
669 1089 761 1150 ‘libri
784 1088 849 1150 XV.

186 1213 323 1276 Iavoleni
358 1207 411 1273 ‘ex
443 1206 563 1273 Oassio'
601 1213 746 1274 librorum
778 1213 923 1274 memoria
955 1215 987 1273 et
1018 1213 1116 1274 indiee

95 1305 231 1365 Floreat.
264 1306 296 1364 et
324 1302 502 1380 fragmentis
532 1302 563 1361 in
590 1302 750 1362 IustIniani
777 1301 913 1377 Digestis
942 1304 1116 1363 extantibus

96 1394 246 1455 servatur.
285 1393 340 1452 hos
363 1391 466 1467 libros,
493 1410 568 1466 quoa
592 1410 628 1451 ex
651 1389 748 1451 Cassii
769 1391 843 1451 iuris
867 1391 963 1453 civilis
987 1391 1073 1451 libris
1098 1410 1116 1450 a

95 1482 240 1544 Iauoleno
264 1481 361 1540 factos
385 1498 450 1540 esse
474 1479 547 1540 satIs
572 1483 710 1559 apparet,
739 1482 774 1539 ut
795 1479 978 1558 Pomponius
1002 1480 1115 1540 Paulus

94 1570 246 1649 Ulpianus
269 1568 501 1629 commentarios
525 1587 599 1645 quos
623 1569 660 1628 ad
680 1568 784 1628 Sabini
806 1568 882 1628 iuris
906 1569 1002 1630 eivilis
1021 1569 1115 1630 libros

96 1659 345 1736 composuerunt,
372 1656 547 1733 simpliciter
576 1652 626 1717 ‘ad
650 1651 805 1716 Sabinum'
833 1657 927 1718 libros
955 1658 1114 1734 inscripse-

95 1751 180 1825 runt,
204 1747 249 1806 ita
271 1747 430 1807 Iavolenus
452 1765 507 1822 pro
530 1745 618 1805 libris
641 1765 677 1805 ex
701 1744 797 1805 Cassii
819 1746 893 1806 iuris
912 1746 1009 1807 civilis
1028 1747 1115 1808 libris

97 1837 184 1898 factis
208 1836 341 1896 breviter
363 1829 411 1894 ‘ex
435 1829 549 1895 Cassio'
572 1834 665 1894 libros
688 1833 862 1894 nominavit.
904 1835 993 1894 affert
1011 1838 1114 1895 autem

98 1943 311 2001 nonnunquam
339 1924 450 1983 diserte
478 1923 559 2000 quod
586 1917 629 1982 ‘in
652 1923 872 1983 commentariis
896 1917 975 1982 Gaii'
999 1924 1048 1985 vel
1072 1918 1115 1983 ‘in

98 2014 184 2075 libris
205 2007 285 2073 Gaii'
307 2013 357 2072 vel
380 2007 423 2071 ‘in
445 2012 531 2072 libris
551 2011 619 2072 Gaii
639 2006 745 2072 Cassii'
764 2011 912 2088 seriptum
931 2015 978 2072 est
996 2007 1046 2090 (D.
1063 2015 1114 2089 35,

98 2107 127 2181 1,
143 2105 195 2164 54.
219 2104 426 2177 40,1,28,1.
451 2103 503 2177 46,
520 2103 548 2177 3,
565 2091 631 2182 18).
672 2104 741 2176 post
763 2099 856 2160 libros
879 2100 916 2159 de
939 2101 1004 2159 iure
1024 2101 1115 2178 cirili,

96 2193 129 2252 id
154 2191 234 2270 quod
256 2191 351 2250 Lenel
374 2190 496 2262 conicit,
519 2192 687 2268 singulares
711 2208 829 2266 quoque
849 2187 945 2248 Cassii
968 2189 1060 2248 libros
1083 2190 1115 2249 in

96 2283 173 2342 hane
195 2279 357 2356 epitomem
381 2298 446 2339 esse
469 2278 606 2338 redactos
628 2298 689 2339 non
710 2279 793 2353 puto.

186 2369 234 2428 Ex
247 2368 395 2444 epitomae
410 2368 589 2444 fragmentis
603 2386 679 2443 quae
694 2367 768 2426 satis
782 2367 887 2439 multa,
906 2366 958 2426 sed
971 2366 1114 2442 pleraque

95 2458 276 2520 brevissima
299 2460 419 2518 servata
442 2461 521 2530 suut,
545 2457 582 2515 de
604 2456 751 2516 librorum
768 2454 868 2515 indole
886 2473 993 2530 parum
1012 2455 1114 2532 colligi

94 2549 210 2624 potest,
242 2544 319 2604 illud
349 2565 443 2605 unum
476 2549 614 2624 apparet,
645 2545 822 2605 Iauolenum
851 2563 911 2603 non
938 2545 1036 2603 solum
1064 2563 1113 2603 ex·

96 2636 244 2712 serpsisse
268 2632 367 2694 Cassii
393 2634 501 2711 librae,
529 2633 582 2694 sed
610 2652 680 2694 suas
707 2652 825 2709 quoque
848 2636 936 2692 notas
959 2633 1112 2693 adiecisse.

96 2729 129 2785 at
152 2743 221 2784 oum
238 2723 373 2784 Iauoleni
393 2723 486 2783 verba
504 2741 523 2781 a
541 2723 722 2784 Tribouiano
740 2740 800 2781 non
819 2739 887 2781 raro
906 2724 1024 2782 mutata
1043 2723 1112 2800 siut,

96 2813 197 2874 Cassii
219 2832 237 2872 a
258 2812 394 2873 Iauoleni
417 2812 574 2872 sententiis
598 2808 648 2872 vix
670 2811 874 2871 dinoscuntur.

186 2903 246 2961 Res
273 2900 310 2962 de
338 2901 446 2979 quibus
472 2920 569 2961 sermo
593 2903 653 2979 est,
681 2900 743 2960 fere
766 2919 868 2959 omnes
892 2899 1001 2959 adius
1024 2900 1112 2960 civile

96 2994 243 3069 spectant
282 2991 320 3049 ad
342 2991 389 3051 ius
412 2992 597 3067 praetorium
614 2990 669 3048 illa
687 2991 805 3048 tantum
819 2988 979 3064 pertinent,
1003 2990 1112 3065 quibus

95 3080 133 3140 de
156 3079 276 3157 peculio
299 3082 331 3139 et
353 3078 389 3139 de
412 3080 444 3137 in
467 3099 529 3138 rem
553 3097 640 3140 verso
663 3078 773 3156 agitur.

186 3170 299 3228 Rerum
322 3169 394 3229 ordo
417 3187 436 3227 a
456 3167 599 3228 Iauoleno
623 3169 756 3227 statutus
779 3165 970 3242 aliquatenus
991 3165 1113 3240 quidem

95 3257 299 3334 cognoscitur:
337 3257 413 3316 libro
447 3256 526 3315 euim
554 3255 568 3314 Ι
600 3255 637 3314 (16
670 3255 872 3332 testamentis,
905 3252 982 3312 libro
1010 3253 1042 3309 H
1074 3252 1112 3312 de

93 3347 215 3424 legatis,
233 3345 311 3405 libro
324 3344 369 3403 IV
388 3346 425 3404 de
443 3343 573 3416 dotibus,
591 3343 669 3404 libro
683 3341 711 3400 V
726 3343 762 3402 de
776 3343 890 3418 tutelis,
909 3340 986 3400 libro
1001 3341 1059 3399 VII
1075 3340 1111 3400 (16

95 3435 249 3512 emptione
267 3434 448 3509 venditione,
471 3433 548 3492 libro
567 3433 594 3492 X
615 3431 652 3491 de
670 3430 877 3504 servitutibus,
899 3430 976 3488 libro
996 3429 1056 3488 XII
1074 3431 1111 3489 de

94 3523 213 3602 peculio
246 3525 276 3582 et
308 3521 345 3582 de
376 3523 409 3582 in
439 3541 504 3581 rem
531 3540 631 3601 verso,
662 3519 738 3580 libro
766 3519 841 3578 XIII
871 3519 907 3577 (16
934 3517 1123 3592 interdietis,
