2430 3944
147 182 212 247 208
234 180 280 237 lv.
296 179 514 236 russanum
528 180 603 236 nn
616 179 812 236 domamur
825 178 931 234 rann.
945 180 1043 236 1ua1s
1058 141 1162 236 cons.

146 345 363 410 nundinarum
392 344 505 409 diebus
532 344 602 408 dari
630 345 816 428 stipuletur,
845 345 951 428 primo
976 343 1028 408 die
1051 347 1163 427 petere

146 457 241 519 posse
265 432 404 499 Sabinus
429 434 484 498 ait.
524 432 683 497 Proculus
707 436 816 497 autem
841 438 874 496 et
896 433 994 496 ceteri
1017 431 1163 498 diversae

147 525 276 589 scholae
297 527 456 604 auctores,
475 519 629 607 quamdiu
647 522 699 586 vel
718 523 871 606 exiguum
886 525 1014 604 tempus
1030 543 1069 586 ex
1084 544 1163 586 nun-

146 612 294 677 dinarum
314 612 421 694 spatio
437 615 629 695 superesset,
647 611 714 694 peti
727 609 838 693 (non)
852 631 950 693 posse
964 611 1163 676 existimant.

235 701 285 766 19.
309 700 349 764 D.
363 700 417 785 46,
431 701 461 779 3,
477 699 529 780 95,
544 699 574 763 6.
591 700 620 764 7.
656 698 824 784 Idem'(sc.
844 695 1056 785 Papinianus)
1077 699 1163 765 libro

147 790 323 855 vicensimo
363 794 478 853 octavo
512 787 746 863 Quaestionum
779 785 828 874 (P.
853 786 942 873 340).
979 823 1017 834 -
1057 786 1164 853 Usum

143 879 285 944 fructum
316 878 396 941 mihi
429 881 485 942 aut
512 877 598 941 Tit-io
631 876 701 940 dari
733 876 907 961 stipulatus
945 899 1025 942 sum.
1075 877 1163 941 Titio

145 968 251 1051 capite
275 967 441 1031 deminuto
466 965 603 1029 facultas
628 965 773 1030 solvendi
796 965 883 1029 Titio
902 987 968 1030 non
987 966 1164 1049 intercidit,

146 1057 220 1140 quia
249 1060 281 1120 et
312 1054 359 1120 sic
388 1053 537 1138 stipulari
564 1075 737 1138 possumus
766 1052 859 1118 ‘mihi
886 1059 943 1119 aut
966 1054 1065 1134 Titio,
1089 1076 1164 1119 cum

145 1145 251 1230 capite
278 1145 422 1208 minutus
451 1143 523 1228 crit,
551 1142 646 1226 dari3’
683 1165 759 1207 nam
783 1143 811 1207 si
833 1143 949 1208 furiosi
972 1143 1024 1208 vel
1044 1141 1165 1227 pupilli

144 1255 287 1318 persona
319 1233 444 1297 adiecta
478 1231 534 1314 sit,
566 1232 613 1296 ita
645 1233 746 1297 tutori
775 1231 825 1298 vel
853 1233 996 1296 curatori
1023 1232 1166 1316 pecunia

144 1326 231 1388 recte
262 1322 404 1406 dabitur,
433 1321 461 1385 si
486 1320 683 1385 condicionis
708 1343 833 1404 quoque
857 1319 1039 1404 implendae
1063 1342 1166 1385 causa

146 1418 233 1475 recte
258 1411 395 1495 pecunia
418 1409 520 1474 tutori
542 1410 594 1474 vel
617 1410 759 1474 curatori
782 1410 885 1474 datur.
922 1409 1008 1494 quod
1032 1410 1164 1493 quidem

144 1498 254 1565 Labeo
292 1503 325 1562 et
356 1498 499 1581 Pegasus
533 1500 730 1582 putaverunt
761 1499 913 1562 utilitatis
946 1519 1045 1563 causa
1077 1499 1161 1566 reci-

143 1588 305 1673 piendum.

495 1675 546 1740 Dc
566 1677 694 1759 nepotiis
713 1677 815 1759 pestis

234 1783 287 1847 20.
318 1782 357 1847 Ι).
377 1784 408 1867 3,
426 1782 457 1861 5,
477 1783 527 1846 17.
578 1781 697 1846 Paulus
725 1783 922 1864 libronono
951 1783 991 1846 ad
1020 1783 1164 1847 edictum

147 1871 194 1956 (P.
215 1868 303 1958 190).
330 1907 368 1918 -
394 1872 550 1937 Proculus
580 1874 612 1935 et
634 1871 780 1956 Pegasus
807 1871 927 1936 bonam
955 1870 1051 1935 fidem
1080 1893 1164 1954 eum,

147 1962 201 2046 qui
224 1961 259 2025 in
283 1961 439 2025 servitute
463 1981 575 2045 gerere
595 1963 711 2043 coepit,
734 1963 901 2043 praestare
920 1960 1037 2024 debere
1057 1961 1165 2046 aiunt;

145 2051 282 2135 ideoque
306 2053 478 2134 quantum,
502 2049 530 2113 si
554 2048 636 2113 alius
660 2051 728 2112 eius
751 2049 884 2133 negotia
907 2048 1074 2133 gessisset,
1098 2071 1163 2113 ser-

145 2161 222 2204 vare
250 2140 425 2222 potuisset,
458 2143 588 2203 tantum
617 2159 703 2220 eum,
735 2139 791 2221 qui
819 2160 838 2202 a
866 2141 967 2201 semet
994 2139 1067 2220 ipso
1096 2159 1164 2202 non

148 2229 304 2311 exegerit,
332 2227 539 2312 negotiorum
567 2229 730 2309 gestorum
760 2226 885 2290 actione
911 2229 1165 2310 praestaturum,

149 2318 176 2380 si
207 2314 327 2400 aliquid
355 2315 471 2379 hahuit
498 2316 530 2379 in
554 2315 694 2398 peculio,
722 2316 811 2379 cuius
835 2315 1016 2379 retentione
1039 2316 1072 2379 id
1098 2337 1164 2380 ser·

145 2406 214 2469 vari
237 2402 371 2488 potunt
1054 2414 1058 2421 ’

554 2491 605 2556 Dc
621 2492 751 2575 peculio.

235 2599 287 2663 21.
310 2597 349 2662 D.
366 2598 416 2679 15,
434 2599 461 2681 1,
476 2599 574 2681 30pr.
606 2596 767 2681 Ulpianus
781 2598 867 2663 libro
882 2598 1060 2664 vicensimo
1075 2623 1164 2666 nono

147 2688 187 2752 ad
207 2687 346 2752 edictum
367 2685 417 2773 (P.
432 2683 522 2774 861).
540 2723 584 2733 —
604 2685 793 2763 Quaesitum
813 2691 872 2772 est,
891 2709 932 2751 an
952 2692 1061 2753 teneat
1076 2690 1165 2754 actio

147 2776 185 2840 do
208 2776 348 2859 peculi0,
373 2776 502 2839 etiamsi
525 2775 608 2839 nihil
633 2776 675 2840 sit
697 2777 732 2839 in
754 2776 879 2859 peculio
903 2797 977 2840 cum
1001 2784 1164 2863 ageretur,

147 2865 174 2928 si
205 2863 302 2929 modo
330 2865 374 2928 sit
400 2864 448 2928 rei
476 2864 636 2929 iudicatae
664 2869 820 2948 tempore.
865 2863 1022 2930 Proculus
1051 2871 1084 2931 et
1107 2867 1165 2932 Pe-

147 2974 243 3039 gasus
281 2953 382 3017 nihilo
419 2953 527 3017 minus
563 2951 688 3019 tenerc²
726 2953 818 3017 aiunt
849 2953 1044 3034 [intenditur
1075 2957 1165 3020 enim

146 3045 242 3124 recte,
267 3042 395 3107 etiamsi
418 3041 501 3106 nihil
525 3043 569 3107 sit
592 3044 626 3106 in
649 3042 801 3126 peculi0].
847 3042 931 3107 idem
956 3048 990 3108 et
1012 3045 1099 3110 circa
1122 3045 1164 3110 ad

148 3130 364 3194 exhibendum
388 3135 421 3194 et
443 3130 479 3195 in
501 3153 570 3196 rem
594 3132 753 3196 actionem
776 3131 911 3214 placuit.

235 3223 305 3300 Ulp.
325 3225 409 3283 addit
433 3218 522 3301 ‘quae
547 3226 697 3285 sententia
720 3227 751 3283 st
774 3243 792 3282 a
814 3225 900 3284 nohis
922 3226 1077 3300 probanda
1096 3220 1163 3304 est',

146 3313 191 3372 ita
209 3316 245 3372 ut
263 3314 404 3372 extremis
422 3315 523 3374 verbis
542 3315 663 3375 Proculi
682 3317 713 3374 et
726 3313 835 3391 Pegasi
855 3314 1005 3373 sententia
1023 3314 1165 3375 rideatur

147 3403 279 3462 subesse.

220 3560 233 3607 1
253 3553 303 3609 Fl.
321 3556 424 3625 potest.
515 3560 530 3608 2
552 3555 600 3610 Fl.
620 3555 717 3610 teneri.
