2430 3944
425 204 450 253 s
473 197 589 254 rmus
607 198 736 256 sarano
1020 202 1083 268 371

69 366 221 443 sulficer03
251 385 316 426 esse
342 367 420 426 enim
444 370 579 426 contract
579 387 644 444 um,
668 368 747 444 quod
770 368 873 429 Aristo
897 369 1086 452 συνάλλαγμα

67 455 155 532 dicit,
178 456 258 516 unde
282 455 355 515 haec
378 455 512 515 nascitur
535 449 634 517 actio’.

465 627 516 694 De
537 629 684 694 scariote.

160 753 211 818 11.
238 751 278 817 D.
296 753 346 835 17,
359 753 390 834 2,
405 752 456 818 62.
502 751 702 837 Pomponius
730 753 815 819 libro
839 754 937 824 tertio
960 756 1083 823 decimo

66 842 107 907 ad
141 839 301 907 Sabinum
335 838 383 926 (P.
402 838 491 923 586).
520 876 565 888 -—
595 839 632 946 Si
661 840 769 907 Titius
803 864 875 908 cum
908 866 971 929 quo
1003 846 1084 910 mihi

67 930 209 996 societas
247 934 318 995 erat
355 929 530 994 decesserit
561 951 685 1016 egoque
718 952 792 996 cum
823 935 971 1015 putarem
1003 932 1084 999 Titii

65 1019 284 1084 hereditatem
311 1018 352 1083 ad
375 1017 486 1083 Seium
508 1018 683 1102 pertinere,
712 1020 925 1086 communiter
947 1043 1021 1087 cum
1045 1045 1082 1088 eo

63 1131 118 1173 res
146 1107 346 1173 vendiderim
372 1110 405 1170 et
432 1110 560 1190 partem
584 1108 738 1190 pecuniae
762 1130 801 1173 ex
824 1110 1009 1175 venditione
1032 1133 1081 1176 re·

64 1197 181 1262 dactae
209 1217 284 1281 ege,
311 1200 438 1279 partem
462 1193 555 1260 Seius
581 1196 766 1280 abstulerit,
794 1202 841 1282 te,
868 1199 924 1282 qui
947 1221 981 1264 re
1004 1221 1082 1265 vera

63 1285 154 1351 Titio
176 1286 271 1351 heres
295 1306 339 1368 es,
361 1288 489 1368 partem
511 1285 552 1349 ad
571 1306 622 1349 me
640 1285 791 1351 redactae
809 1288 964 1372 pecuniae
983 1289 1082 1354 socie·

61 1375 146 1441 tatis
178 1374 297 1440 iudicio
331 1394 396 1438 non
428 1377 674 1439 consecuturum
705 1373 841 1440 Neratio
874 1383 907 1441 et
934 1375 1081 1442 Aristoni

61 1463 225 1549 placebat,
240 1463 317 1548 quia
330 1483 422 1528 meae
436 1462 606 1528 dumtaxat
619 1463 722 1548 partis
736 1463 845 1547 pretia
855 1466 1081 1551 percepissem,

60 1574 169 1637 neque
187 1553 364 1635 interesset,
382 1556 493 1615 utrum
510 1572 569 1635 per
587 1573 621 1616 se
637 1555 748 1636 partes
762 1573 852 1617 meas
865 1554 1081 1620 vendidissem

62 1664 106 1706 an
130 1641 344 1707 communiter
367 1661 441 1705 cum
461 1661 509 1724 eo,
532 1641 588 1725 qui
605 1641 747 1724 reliquas
765 1645 874 1726 partes
893 1643 936 1709 ad
954 1665 989 1709 se
1007 1666 1080 1728 per-

60 1730 170 1796 tinere
194 1730 322 1795 diceret.
368 1729 512 1815 alioquin
535 1733 738 1812 eventurum,
766 1734 804 1794 ut
826 1731 940 1816 etiam,
964 1732 991 1796 si
1016 1733 1079 1799 duo
1186 1789 1189 1795 .

62 1818 145 1884 socii
168 1840 235 1883 rem
259 1816 472 1899 vendiderint,
494 1816 714 1902 unusquisque
734 1817 846 1901 <eius>
869 1820 955 1903 quod
979 1821 1018 1885 ad
1044 1843 1079 1886 se

62 1908 246 1991 pervenerit
278 1909 407 1991 partem
440 1906 534 1971 alteri
568 1907 733 1971 societatis
764 1906 882 1972 iudicio
912 1919 1079 1992 praestare

64 1995 187 2061 debeat.
218 1995 274 2060 sed
292 2017 352 2060 neo
370 1998 404 2060 te
424 2015 463 2059 ex
481 1998 584 2077 parte,
602 2016 699 2078 quam
713 1994 905 2060 hereditatis
919 1997 1078 2080 petitione

61 2085 147 2149 forte
166 2082 273 2149 aSeio
292 2087 524 2149 consecuturus
544 2084 598 2166 sis,
618 2083 791 2168 quicquam
810 2084 892 2148 mihi
910 2090 1077 2168 praestare

60 2173 187 2258 debere,
205 2173 282 2257 quia
299 2172 385 2257 quod
404 2172 445 2237 ad
460 2171 568 2238 Seium
582 2173 775 2256 pervenerit,
788 2175 918 2237 tuarum
932 2175 1076 2258 partium

58 2261 204 2348 pretium
229 2260 272 2326 sit
293 2283 352 2327 nec
376 2261 416 2326 ad
440 2283 491 2325 me
514 2260 689 2327 habentem
712 2283 819 2326 meum
843 2263 1014 2346 quicquam
1038 2286 1078 2329 ex

59 2373 98 2418 eo
121 2350 226 2416 redire
250 2350 374 2415 debeat.

468 2472 518 2538 Dc
539 2475 666 2556 nuptiis.

152 2599 202 2664 12.
239 2597 278 2664 D
300 2599 352 2679 23,
371 2600 401 2682 2,
419 2598 472 2664 40
526 2597 725 2681 Pomponius
762 2597 846 2662 libro
883 2602 998 2681 quarto
1036 2619 1108 2676 ex„

56 2688 189 2753 Plautio
214 2686 262 2772 (Ρ.
277 2687 430 2773 340).-
392 2685 567 2751 —Aristo
590 2685 759 2769 respondit
759 2686 962 2789 privignae
972 2687 1074 2752 filiam

56 2800 125 2843 non
149 2777 254 2860 magis
278 2797 411 2840 uxorem
434 2775 507 2839 duci
527 2796 623 2859 posse
642 2797 738 2857 quam
756 2774 862 2859 ipsam
879 2774 1074 2860 privignam.

431 2968 482 3034 Dc
503 2970 696 3036 condidiores.

150 3098 199 3162 13.
236 3094 276 3160 D.
298 3095 347 3180 13,
367 3095 395 3178 1,
417 3094 514 3176 12,2.
568 3093 729 3177 Ulpianus
761 3095 894 3159 librot
879 3095 1071 3179 trigensimo

56 3190 174 3252 octavo
199 3184 239 3249 ad
263 3183 402 3248 edictum
421 3145 840 3268 (12'.1058b)-sNeras1us
860 3183 952 3248 libris
971 3181 1072 3247 Mem-

55 3275 232 3340 branarum
247 3272 434 3338 Aristonem
449 3272 650 3337 existimasse
664 3272 764 3336 refert
778 3294 859 3354 eum,
876 3272 927 3336 cui
941 3271 1071 3356 pignori

55 3385 107 3428 res
136 3362 213 3428 data
241 3364 285 3427 s1
288 3411 298 3445 ,
325 3361 440 3426 incerti
468 3360 671 3426 condictione
695 3365 856 3447 acturum,
884 3361 912 3424 si
935 3382 974 3424 ea
997 3359 1071 3424 sub·

54 3456 150 3537 repta
173 3455 232 3517 est.

145 3564 182 3624 cf.
202 3562 341 3639 Pflueger
364 3561 396 3621 Z.
410 3561 437 3621 d.
453 3560 587 3622 San-St.
599 3561 703 3621 XVIII
716 3583 745 3638 p.
762 3563 834 3620 112.

805 3660 863 3715 ‘Ab‘
