2430 3944
375 175 401 224 4.
424 169 456 224 L.
475 167 659 225 NERATIUS
676 167 827 224 PRISGUS
1041 168 1105 234 337

353 349 403 414 De
424 349 584 415 verteme
606 349 847 433 obliqationibtu.

182 457 213 523 9.
235 455 275 523 D.
290 456 344 541 45,
360 458 388 539 1,
405 456 478 536 140,
495 459 522 521 l.
567 455 688 521 Paulae
711 455 795 521 libro
819 456 916 521 tertio
939 456 980 521 ad
1003 455 1106 523 Nera-

90 544 176 612 tium
204 542 384 632 (P.1046).
407 581 452 592 -
479 543 529 610 De
558 544 617 610 aaa
645 544 844 627 attitulatione
875 543 996 611 ‘annuo
1022 546 1107 612 Deua

89 637 188 700 trima
215 635 265 700 oiie
291 635 326 698 id
351 638 512 717 eruentem
536 634 637 716 (suu)
659 654 779 716 quaque
804 635 855 699 die
878 633 985 699 duri?
1021 637 1108 718 oprtet

89 729 202 789 ueteres
222 723 347 788 uarium
367 724 438 804 fuit.

184 817 359 893 Sequuntur
381 817 470 876 haee:
493 810 631 875 ‘Pauluez
655 816 708 876 sed
725 815 827 877 verine
846 819 877 876 et
894 816 942 876 hia
960 819 1023 877 tres
1041 835 1105 877 esee
1175 834 1178 838 ·

88 906 186 966 trium
209 923 393 965 summarum
416 899 650 982 stipulationee',
671 905 704 964 id
726 904 806 983 quod
823 904 966 965 Neratius
985 905 1106 966 videtur

88 1012 225 1073 negasse.

183 1088 232 1152 10.
255 1086 296 1151 D.
309 1087 362 1169 46,
377 1087 408 1170 2,
421 1087 473 1153 32.
509 1086 628 1151 Paulus
647 1086 731 1151 libro
750 1085 856 1169 primo
876 1085 916 1150 ad
932 1085 1104 1151 Neratium

89 1174 140 1262 (P.
161 1171 272 1261 1029).
295 1212 338 1222 -
363 1175 406 1240 Te
431 1176 586 1241 immitem
612 1181 641 1240 et
666 1173 774 1240 Seium
800 1176 899 1240 decem
925 1175 1004 1239 miti
1029 1177 1106 1241 dure

88 1269 211 1347 oportet.
256 1264 389 1347 stqoutor
414 1264 454 1329 ab
480 1265 575 1330 attero
601 1265 738 1330 maedi
763 1284 859 1329 eausa
885 1265 932 1329 itu
960 1263 1105 1347 ‘quodie

88 1358 150 1419 out
171 1350 278 1419 Suum
299 1355 376 1418 dure
398 1352 541 1435 oportet:
562 1358 725 1435 utumque
745 1357 884 1418 nouato.

184 1446 359 1523 Sequuntur
380 1448 466 1506 haee:
490 1441 627 1507 ‘Paulusz
650 1446 772 1522 merito,
794 1439 884 1522 quia'.

181 1540 231 1604 11.
254 1537 294 1604 D.
310 1538 362 1620 15,
378 1539 407 1621 1,
420 1538 473 1605 56.
518 1537 638 1604 Paulus
661 1538 746 1604 libro
771 1539 913 1604 seeundo
938 1538 978 1604 ad
1001 1537 1102 1604 Nera-

86 1628 171 1692 tium
199 1625 249 1713 (P.
270 1625 381 1714 1033).
402 1662 440 1674 -
467 1627 556 1709 Quod
575 1648 681 1694 seruus
702 1647 788 1693 oreas
806 1648 865 1710 pro
887 1628 1017 1694 debitore
1038 1648 1104 1694 meo

86 1716 168 1781 metri
194 1718 386 1800 ermemiro,
418 1736 456 1781 ee
481 1718 603 1799 peretto
629 1717 736 1782 dedum
762 1716 845 1781 debet
871 1721 901 1781 et
925 1738 946 1782 u
973 1718 1104 1784 debitore

86 1805 187 1870 nitito
213 1806 319 1871 miuus
344 1804 476 1870 debetur.
525 1807 580 1871 sect
599 1806 772 1889 videamus,
797 1825 837 1870 ue
858 1807 1040 1872 eredendum
1062 1809 1105 1872 eit

82 1895 241 1976 peculiare
262 1895 332 1977 steri
353 1914 464 1959 uetuere
486 1895 566 1979 eius,
586 1913 644 1976 pro
666 1914 725 1975 quo
747 1895 970 1977 moremusum
992 1900 1043 1960 eet.

179 1986 353 2064 Sequuntur
375 1989 463 2047 haee:
487 1982 627 2047 ‘Paulusz
650 1980 779 2064 utiqne'.

498 2122 548 2190 De
563 2125 693 2207 perolio.

182 2232 233 2295 12.
258 2230 298 2296 D.
315 2232 409 2315 17‚·1,
423 2232 475 2297 61.
521 2231 643 2296 Paulus
667 2232 750 2296 libro
775 2231 914 2296 seeundo
938 2231 978 2296 ad
1002 2230 1102 2296 Nera·

84 2320 169 2385 tium
187 2318 238 2406 (P.
251 2319 362 2404 1034).
377 2357 420 2367 -
440 2319 527 2400 Quod
538 2320 606 2402 filio
616 2319 761 2401 famelius
773 2325 808 2384 ut
816 2324 931 2402 peteret
943 2321 1098 2403 mortuui,

84 2410 298 2491 muitetur
311 2409 426 2492 eaeqit3
440 2411 477 2473 de
490 2410 610 2490 peculio
627 2409 715 2474 iutra
732 2429 850 2474 anorum
868 2408 986 2474 utiliter
999 2429 1100 2492 aquea

177 2502 351 2580 Sequuntur
373 2504 461 2562 haec:
485 2496 621 2562 ‘Paulum
646 2503 698 2563 sed
721 2505 753 2562 et
775 2521 843 2562 eum
865 2495 950 2562 filio'.

300 2662 336 2723 X.
363 2661 531 2722 Incertae
556 2662 652 2722 sedis
675 2663 886 2740 fragmenta.

177 2767 243 2828 Hae
262 2767 427 2828 collocandi
444 2768 561 2828 ratione
580 2787 652 2828 usus
671 2787 747 2843 sum,
767 2771 800 2828 ut
817 2768 988 2847 fragmenta
1002 2770 1100 2848 magia

86 2858 126 2917 ad
153 2857 202 2916 ius
231 2856 317 2917 civile
344 2857 533 2933 pertinentia
554 2857 717 2916 seeundum
742 2855 939 2917 Sabinianum
965 2858 1100 2918 ordinem

85 2945 233 3022 disposita
256 2945 443 3022 seiungerem
463 2946 501 3006 ab
524 2946 561 3005 iis
585 2945 693 3023 quibus
716 2945 813 3024 magis
835 2946 883 3006 ius
905 2947 1100 3007 honorarium

85 3037 245 3094 tractatur.

429 3126 457 3183 1.
487 3122 541 3181 Ad
564 3123 620 3181 ius
643 3121 760 3184 civile.

459 3223 509 3289 De
532 3225 724 3289 testamentis.

405 3335 452 3394 De
473 3336 575 3395 herede
596 3335 777 3395 mutuenda

178 3437 206 3500 1.
238 3434 276 3501 D.
297 3438 348 3520 28,
367 3436 397 3521 5,
415 3436 469 3503 56.
519 3434 639 3501 Paulus
670 3435 755 3501 libro
787 3437 891 3521 primo
925 3436 964 3501 ad
991 3436 1097 3521 legem

85 3523 215 3590 Aeliam
239 3523 384 3590 Sentium
407 3524 456 3612 (P.
477 3521 567 3610 913).
590 3561 632 3570 -
657 3521 693 3589 si
718 3525 747 3589 is
774 3526 829 3611 qui
853 3524 1008 3590 solvende
1029 3547 1107 3588 nen

137 3638 236 3688 Iurtrpr.
250 3638 366 3681 enuhadr.
380 3639 428 3681 rett
444 3639 478 3683 eu
493 3639 594 3683 Bremer.
617 3641 653 3695 Π,
665 3641 687 3683 2.
862 3634 903 3682 Ὦ.
