2430 3944
97 176 163 242 506
465 174 745 230 nobissimum.

187 344 272 403 Pani
316 341 353 400 D.
384 344 440 420 35,
470 345 502 418 2,
529 345 561 418 1,
591 346 609 402 9
649 336 777 403 ‘veteres
805 345 957 419 putabant
1063 344 1112 404 sed

97 435 201 495 Aristo
225 435 402 494 austerum
426 431 564 506 opinione
588 434 720 492 recessit.

187 522 271 583 Paul.
283 513 329 602 (i)
348 521 380 579 in
394 520 463 578 Vat.
482 520 518 580 fr.
536 518 585 594 §1
607 514 650 579 ‘et
668 525 785 581 veteres
803 525 915 598 putant
933 525 965 582 et
985 522 1112 583 Sabinus

96 615 129 672 et
152 610 273 670 Cassius
297 602 452 669 scribunt'.

186 699 344 759 Iustinian.
390 696 422 756 G.
447 700 475 770 6,
500 699 550 776 26,
573 700 613 758 10
632 718 676 773 pr.
705 693 913 759 ‘dubitabatur
937 700 1020 776 apud
1040 701 1112 760 anti·

96 809 173 867 quos
197 790 301 866 legum
324 790 461 846 auctores
560 787 676 862 placuit
698 781 831 847 Sabino'.

186 876 346 936 Instinian.
383 873 415 934 Ο.
432 878 460 952 6,
476 877 527 950 29,
548 877 566 935 3
587 870 746 935 ‘certatum
772 879 819 936 est
838 877 919 953 apud
938 882 1058 938 veteres

97 972 215 1028 veteres
240 965 332 1023 animi
354 964 472 1023 turbati
495 968 567 1024 sunt
591 1011 642 1024 ...
663 964 817 1024 Sabiniani
836 962 1071 1027 existimabant?

188 1053 432 1131 Designabantur
445 1053 542 1131 igitur
558 1058 695 1113 veterum
713 1053 832 1114 nomine
848 1055 987 1131 inprimis
1003 1056 1111 1115 liberae

97 1145 142 1203 rei
164 1144 302 1219 publicae
324 1141 540 1202 iurisoonsulti.
569 1143 650 1217 quod
667 1142 855 1203 lastinianus
878 1148 1018 1219 posteros
1042 1165 1110 1222 quo·

96 1253 156 1310 que
180 1231 284 1291 eodem
307 1231 425 1291 nomine
449 1231 636 1308 designabat,
658 1232 769 1290 mirum
792 1251 852 1291 non
875 1236 928 1292 esti

187 1329 312 1388 Veteres
335 1347 394 1387 non
419 1329 506 1387 modo
530 1329 720 1404 respondisse
744 1329 885 1389 dieantur
907 1324 993 1410 (Uip.
1013 1331 1050 1391 D.
1067 1333 1111 1408 13,

98 1421 127 1496 6,
144 1421 172 1496 5,
190 1421 217 1478 9.
250 1421 302 1494 41,
319 1421 346 1489 2,
363 1419 392 1488 3,
410 1418 459 1476 18.
494 1419 545 1494 42,
560 1420 590 1492 4,
607 1421 635 1495 7,
651 1419 691 1477 13
712 1412 841 1478 ‘veteres
859 1414 1111 1502 responderunt),

98 1508 151 1568 sed
171 1507 262 1566 otiam
282 1506 434 1580 scripsisse
455 1497 620 1586 (Masurius
636 1505 763 1567 Sabinus
784 1501 847 1584 ‘ait
865 1509 1028 1594 plerosque
1042 1509 1112 1568 iuris

98 1595 208 1656 veteris
242 1600 380 1654 auctores
499 1589 664 1671 scripsisee’
704 1594 781 1657 Gell.
810 1598 843 1672 5,
867 1598 922 1674 19,
949 1600 999 1656 14.
1052 1592 1112 1658 ‘hoo

97 1687 216 1745 veteres
245 1677 439 1759 seripserunt'
463 1682 530 1759 Gai,
554 1685 582 1757 3,
608 1686 681 1744 202.
711 1678 803 1760 ‘apud
825 1688 945 1746 vetares
972 1688 1113 1764 seriptum

97 1767 154 1832 est'
189 1771 299 1849 Gai3,
320 1774 391 1832 180.
439 1765 596 1847 ‘seriptum
629 1776 676 1831 est
707 1774 788 1851 apud
819 1769 948 1835 veteres’
985 1776 1112 1836 Mareeli

98 1862 136 1924 D.
157 1865 209 1938 41,
230 1864 259 1938 2,
280 1864 330 1939 19,
352 1859 395 1937 1).
441 1860 557 1920 Gellius
585 1867 616 1920 et
644 1855 776 1922 ‘veteres
805 1863 967 1940 scriptores
995 1859 1110 1924 laudat’

98 1943 142 2031 (5,
164 1954 192 2025 6,
213 1943 270 2029 27)
294 1953 325 2009 et
348 1945 453 2010 ‘libros
476 1953 614 2009 veterum
636 1946 713 2010 iuris
736 1946 915 2026 peritorum'
940 1944 985 2033 (4,
1005 1947 1111 2034 2,13).

188 2050 232 2106 Ea
263 2050 383 2107 tantum
410 2048 580 2124 fragmenta
612 2049 762 2125 proposui,
796 2068 872 2126 quae
905 2053 1045 2110 veterum
1081 2053 1111 2110 de

96 2138 163 2196 iure
188 2136 362 2211 sententias,
386 2155 445 2196 non
464 2155 542 2213 quae
561 2137 636 2195 alias
656 2155 759 2195 eorum
778 2137 931 2213 opiniones
950 2140 1001 2198 uel
1021 2158 1111 2199 mores

96 2228 246 2302 referunt,
270 2225 373 2302 qualia
397 2229 467 2284 sunt
490 2226 526 2284 D.
547 2228 575 2303 1,
601 2227 650 2297 13,
677 2229 693 2283 1
719 2246 763 2301 pr.
790 2229 840 2299 21,
866 2230 893 2304 1,
919 2230 960 2287 23
987 2231 1017 2289 2.
1064 2231 1109 2304 23,

99 2318 126 2387 1,
148 2318 175 2374 2.
213 2317 266 2392 49,
292 2316 342 2390 16,
368 2316 418 2391 13,
442 2316 470 2374 4.
509 2316 561 2385 50,
587 2317 636 2387 16,
663 2317 734 2373 144.

397 2524 424 2586 1.
450 2523 504 2586 Ad
528 2523 587 2586 ius
609 2523 814 2606 publicum.

450 2646 501 2711 De
520 2648 610 2729 penio
633 2652 662 2711 et
684 2647 758 2712 lure.

189 2770 216 2834 1.
241 2768 404 2834 Censorin.
430 2771 459 2837 d.
482 2794 512 2834 n.
536 2771 566 2852 3,
589 2773 619 2836 2.
646 2807 683 2816 -
709 2771 857 2835 Eundem
881 2794 952 2837 esse
976 2773 1107 2838 Genium

95 2863 130 2924 et
153 2858 270 2922 Larem
295 2859 391 2922 multi
414 2864 539 2923 veteres
563 2859 783 2943 prodiderunt.

186 2972 222 3030 ef.
245 2971 261 3029 Ι
283 2991 311 3046 p.
338 2973 409 3031 262.

444 3126 493 3190 De
514 3128 591 3191 viris
612 3128 765 3192 vocandis.

187 3252 215 3315 2.
240 3249 381 3315 Maerob.
405 3247 472 3315 Sat.
503 3251 531 3330 l,
557 3251 607 3334 16,
630 3251 680 3314 19.
700 3289 742 3296 -
762 3251 911 3315 vitabant
929 3256 1051 3316 vetares
1069 3246 1101 3314 ad

95 3339 183 3404 viros
207 3338 365 3404 vocandos
390 3340 487 3402 etiam
513 3339 581 3403 dies
605 3341 659 3424 qui
683 3344 791 3404 essent
809 3340 915 3404 notati
944 3341 1039 3406 rebus
1056 3337 1099 3403 ad·

95 3428 209 3515 yersis,
232 3428 379 3492 vitabant
403 3427 502 3491 etiam
525 3428 623 3492 feriis.

185 3540 220 3599 ef.
244 3538 260 3598 I
282 3560 309 3617 p.
337 3541 409 3598 124.
