<?xml version="1.0" encoding="UTF-8"?>
<!DOCTYPE html PUBLIC "-//W3C//DTD XHTML 1.0 Transitional//EN"
    "http://www.w3.org/TR/xhtml1/DTD/xhtml1-transitional.dtd">
<html xmlns="http://www.w3.org/1999/xhtml" xml:lang="en" lang="en">
 <head>
  <title>
</title>
<meta http-equiv="Content-Type" content="text/html;charset=utf-8" />
  <meta name='ocr-system' content='tesseract 3.04.00' />
  <meta name='ocr-capabilities' content='ocr_page ocr_carea ocr_par ocr_line ocrx_word'/>
</head>
<body>
  <div class='ocr_page' id='page_1' title='image "./iurisprudentiae02bremgoog_0015.png"; bbox 0 0 2430 3944; ppageno 0'>
   <div class='ocr_carea' id='block_1_1' title="bbox 97 175 124 229">
    <p class='ocr_par' dir='ltr' id='par_1_1' title="bbox 97 175 124 229">
     <span class='ocr_line' id='line_1_1' title="bbox 97 175 124 229; baseline 0 0"><span class='ocrx_word' id='word_1_1' title='bbox 97 175 124 229; x_wconf 89' lang='lat' dir='ltr'>X</span> 
     </span>
    </p>
   </div>
   <div class='ocr_carea' id='block_1_2' title="bbox 96 340 1118 1936">
    <p class='ocr_par' dir='ltr' id='par_1_2' title="bbox 96 340 1118 1936">
     <span class='ocr_line' id='line_1_2' title="bbox 185 340 1117 422; baseline 0.008 -22"><span class='ocrx_word' id='word_1_2' title='bbox 185 342 278 402; x_wconf 80' lang='lat' dir='ltr'>Brevi</span> <span class='ocrx_word' id='word_1_3' title='bbox 300 340 521 419; x_wconf 84' lang='lat' dir='ltr'><strong>Pomponius</strong></span> <span class='ocrx_word' id='word_1_4' title='bbox 544 344 695 421; x_wconf 81' lang='lat' dir='ltr'><strong>Laetus,</strong></span> <span class='ocrx_word' id='word_1_5' title='bbox 718 345 825 405; x_wconf 87' lang='lat' dir='ltr'><strong>Vallae</strong></span> <span class='ocrx_word' id='word_1_6' title='bbox 849 346 1023 422; x_wconf 80' lang='lat' dir='ltr'><strong>discipulus,</strong></span> <span class='ocrx_word' id='word_1_7' title='bbox 1048 366 1117 407; x_wconf 91' lang='lat' dir='ltr'><strong>oum</strong></span> 
     </span>
     <span class='ocr_line' id='line_1_3' title="bbox 99 431 1117 512; baseline 0.003 -20"><span class='ocrx_word' id='word_1_8' title='bbox 99 450 136 492; x_wconf 87' lang='lat' dir='ltr'><strong>ex</strong></span> <span class='ocrx_word' id='word_1_9' title='bbox 167 431 325 506; x_wconf 91' lang='lat' dir='ltr'><strong>Pomponii</strong></span> <span class='ocrx_word' id='word_1_10' title='bbox 352 431 409 492; x_wconf 66' lang='lat' dir='ltr'><strong>villo</strong></span> <span class='ocrx_word' id='word_1_11' title='bbox 442 433 614 512; x_wconf 84' lang='lat' dir='ltr'><strong>fragmento</strong></span> <span class='ocrx_word' id='word_1_12' title='bbox 646 435 721 494; x_wconf 89' lang='lat' dir='ltr'><strong>iuris</strong></span> <span class='ocrx_word' id='word_1_13' title='bbox 756 435 960 495; x_wconf 77' lang='lat' dir='ltr'><strong>consultorum</strong></span> <span class='ocrx_word' id='word_1_14' title='bbox 994 435 1117 495; x_wconf 90' lang='lat' dir='ltr'><strong>nomina</strong></span> 
     </span>
     <span class='ocr_line' id='line_1_4' title="bbox 98 520 1116 602; baseline 0.004 -22"><span class='ocrx_word' id='word_1_15' title='bbox 98 520 282 598; x_wconf 83' lang='lat' dir='ltr'><strong>collegisset,</strong></span> <span class='ocrx_word' id='word_1_16' title='bbox 313 520 346 579; x_wconf 94' lang='lat' dir='ltr'><strong>in</strong></span> <span class='ocrx_word' id='word_1_17' title='bbox 376 521 482 581; x_wconf 87' lang='lat' dir='ltr'><strong>libello</strong></span> <span class='ocrx_word' id='word_1_18' title='bbox 514 542 603 600; x_wconf 95' lang='lat' dir='ltr'><strong>quem</strong></span> <span class='ocrx_word' id='word_1_19' title='bbox 634 523 672 583; x_wconf 93' lang='lat' dir='ltr'><strong>de</strong></span> <span class='ocrx_word' id='word_1_20' title='bbox 709 524 851 583; x_wconf 87' lang='lat' dir='ltr'><strong>Romanis</strong></span> <span class='ocrx_word' id='word_1_21' title='bbox 887 523 1116 602; x_wconf 80' lang='lat' dir='ltr'><strong>magistratibus</strong></span> 
     </span>
     <span class='ocr_line' id='line_1_5' title="bbox 99 609 1116 691; baseline 0.006 -23"><span class='ocrx_word' id='word_1_22' title='bbox 99 609 245 684; x_wconf 84' lang='lat' dir='ltr'><strong>seriptum</strong></span> <span class='ocrx_word' id='word_1_23' title='bbox 269 611 402 670; x_wconf 80' lang='lat' dir='ltr'>a1474</span> <span class='ocrx_word' id='word_1_24' title='bbox 427 611 530 691; x_wconf 79' lang='lat' dir='ltr'><strong>edidit,</strong></span> <span class='ocrx_word' id='word_1_25' title='bbox 553 612 589 671; x_wconf 94' lang='lat' dir='ltr'><strong>de</strong></span> <span class='ocrx_word' id='word_1_26' title='bbox 613 611 687 672; x_wconf 86' lang='lat' dir='ltr'><strong>iuris</strong></span> <span class='ocrx_word' id='word_1_27' title='bbox 710 631 828 690; x_wconf 91' lang='lat' dir='ltr'><strong>quoque</strong></span> <span class='ocrx_word' id='word_1_28' title='bbox 846 613 951 689; x_wconf 90' lang='lat' dir='ltr'><strong>peritis</strong></span> <span class='ocrx_word' id='word_1_29' title='bbox 972 613 1116 674; x_wconf 87' lang='lat' dir='ltr'><strong>Romanis</strong></span> 
     </span>
     <span class='ocr_line' id='line_1_6' title="bbox 98 691 1116 780; baseline 0.004 -23"><span class='ocrx_word' id='word_1_30' title='bbox 98 691 189 776; x_wconf 82' lang='lat' dir='ltr'><strong>egit¹</strong></span> <span class='ocrx_word' id='word_1_31' title='bbox 238 698 345 758; x_wconf 92' lang='lat' dir='ltr'><strong>deinde</strong></span> <span class='ocrx_word' id='word_1_32' title='bbox 377 699 543 778; x_wconf 80' lang='lat' dir='ltr'><strong>Angelus</strong></span> <span class='ocrx_word' id='word_1_33' title='bbox 573 699 794 780; x_wconf 89' lang='lat' dir='ltr'><strong>Politianus,</strong></span> <span class='ocrx_word' id='word_1_34' title='bbox 828 702 880 778; x_wconf 89' lang='lat' dir='ltr'><strong>qui</strong></span> <span class='ocrx_word' id='word_1_35' title='bbox 911 721 937 761; x_wconf 88' lang='lat' dir='ltr'><strong>a.</strong></span> <span class='ocrx_word' id='word_1_36' title='bbox 967 704 1055 762; x_wconf 87' lang='grc'>1490</span> <span class='ocrx_word' id='word_1_37' title='bbox 1078 703 1116 761; x_wconf 91' lang='lat' dir='ltr'><strong>ad</strong></span> 
     </span>
     <span class='ocr_line' id='line_1_7' title="bbox 97 786 1118 869; baseline 0.006 -24"><span class='ocrx_word' id='word_1_38' title='bbox 97 786 209 847; x_wconf 87' lang='lat' dir='ltr'><strong>librum</strong></span> <span class='ocrx_word' id='word_1_39' title='bbox 236 788 444 848; x_wconf 80' lang='lat' dir='ltr'><strong>Florentinum</strong></span> <span class='ocrx_word' id='word_1_40' title='bbox 470 790 544 849; x_wconf 83' lang='lat' dir='ltr'><strong>viris</strong></span> <span class='ocrx_word' id='word_1_41' title='bbox 573 789 669 850; x_wconf 83' lang='lat' dir='ltr'><strong>doctis</strong></span> <span class='ocrx_word' id='word_1_42' title='bbox 695 792 873 867; x_wconf 91' lang='lat' dir='ltr'><strong>plerumque</strong></span> <span class='ocrx_word' id='word_1_43' title='bbox 896 790 1000 850; x_wconf 91' lang='lat' dir='ltr'><strong>sedulo</strong></span> <span class='ocrx_word' id='word_1_44' title='bbox 1025 793 1118 869; x_wconf 90' lang='lat' dir='ltr'><strong>atque</strong></span> 
     </span>
     <span class='ocr_line' id='line_1_8' title="bbox 98 877 1117 959; baseline 0.003 -24"><span class='ocrx_word' id='word_1_45' title='bbox 98 877 185 936; x_wconf 84' lang='lat' dir='ltr'><strong>anxie</strong></span> <span class='ocrx_word' id='word_1_46' title='bbox 216 877 402 954; x_wconf 85' lang='lat' dir='ltr'><strong>prohibitum</strong></span> <span class='ocrx_word' id='word_1_47' title='bbox 436 877 586 938; x_wconf 90' lang='lat' dir='ltr'><strong>admissus</strong></span> <span class='ocrx_word' id='word_1_48' title='bbox 623 882 683 959; x_wconf 91' lang='lat' dir='ltr'><strong>est,</strong></span> <span class='ocrx_word' id='word_1_49' title='bbox 718 898 780 939; x_wconf 91' lang='lat' dir='ltr'><strong>non</strong></span> <span class='ocrx_word' id='word_1_50' title='bbox 815 878 903 939; x_wconf 90' lang='lat' dir='ltr'><strong>modo</strong></span> <span class='ocrx_word' id='word_1_51' title='bbox 935 879 1011 939; x_wconf 89' lang='lat' dir='ltr'><strong>iuris</strong></span> <span class='ocrx_word' id='word_1_52' title='bbox 1049 899 1117 940; x_wconf 88' lang='lat' dir='ltr'><strong>eon·</strong></span> 
     </span>
     <span class='ocr_line' id='line_1_9' title="bbox 99 965 1117 1047; baseline 0.002 -23"><span class='ocrx_word' id='word_1_53' title='bbox 99 965 248 1026; x_wconf 89' lang='lat' dir='ltr'><strong>sultorum</strong></span> <span class='ocrx_word' id='word_1_54' title='bbox 282 966 406 1026; x_wconf 90' lang='lat' dir='ltr'><strong>nomina</strong></span> <span class='ocrx_word' id='word_1_55' title='bbox 444 986 480 1026; x_wconf 89' lang='lat' dir='ltr'><strong>ex</strong></span> <span class='ocrx_word' id='word_1_56' title='bbox 516 968 614 1027; x_wconf 82' lang='lat' dir='ltr'><strong>indiae</strong></span> <span class='ocrx_word' id='word_1_57' title='bbox 648 968 788 1045; x_wconf 84' lang='lat' dir='ltr'><strong>eontulit,</strong></span> <span class='ocrx_word' id='word_1_58' title='bbox 826 968 878 1027; x_wconf 89' lang='lat' dir='ltr'><strong>sed</strong></span> <span class='ocrx_word' id='word_1_59' title='bbox 912 968 1004 1028; x_wconf 86' lang='lat' dir='ltr'><strong>etiam</strong></span> <span class='ocrx_word' id='word_1_60' title='bbox 1035 968 1117 1047; x_wconf 84' lang='lat' dir='ltr'><strong>frag-</strong></span> 
     </span>
     <span class='ocr_line' id='line_1_10' title="bbox 98 1055 1116 1133; baseline 0.004 -21"><span class='ocrx_word' id='word_1_61' title='bbox 98 1057 278 1131; x_wconf 75' lang='lat' dir='ltr'><strong>mentorum,</strong></span> <span class='ocrx_word' id='word_1_62' title='bbox 301 1073 376 1131; x_wconf 87' lang='lat' dir='ltr'><strong>quae</strong></span> <span class='ocrx_word' id='word_1_63' title='bbox 400 1055 432 1115; x_wconf 90' lang='lat' dir='ltr'><strong>in</strong></span> <span class='ocrx_word' id='word_1_64' title='bbox 454 1056 561 1133; x_wconf 91' lang='lat' dir='ltr'><strong>primis</strong></span> <span class='ocrx_word' id='word_1_65' title='bbox 585 1056 780 1133; x_wconf 73' lang='lat' dir='ltr'><strong>Digestorum</strong></span> <span class='ocrx_word' id='word_1_66' title='bbox 802 1056 889 1116; x_wconf 86' lang='lat' dir='ltr'><strong>libris</strong></span> <span class='ocrx_word' id='word_1_67' title='bbox 912 1057 1116 1129; x_wconf 85' lang='lat' dir='ltr'><strong>inveniuntur,</strong></span> 
     </span>
     <span class='ocr_line' id='line_1_11' title="bbox 97 1135 1116 1226; baseline 0.005 -25"><span class='ocrx_word' id='word_1_68' title='bbox 97 1143 308 1219; x_wconf 77' lang='lat' dir='ltr'><strong>inscriptiones</strong></span> <span class='ocrx_word' id='word_1_69' title='bbox 332 1138 481 1222; x_wconf 78' lang='lat' dir='ltr'><strong>collegit.²</strong></span> <span class='ocrx_word' id='word_1_70' title='bbox 510 1146 572 1205; x_wconf 88' lang='lat' dir='ltr'><strong>iarn</strong></span> <span class='ocrx_word' id='word_1_71' title='bbox 593 1145 798 1206; x_wconf 78' lang='lat' dir='ltr'><strong>Guilelmus</strong></span> <span class='ocrx_word' id='word_1_72' title='bbox 821 1145 989 1205; x_wconf 79' lang='lat' dir='ltr'><strong>Budaeus</strong></span> <span class='ocrx_word' id='word_1_73' title='bbox 1012 1135 1116 1226; x_wconf 77' lang='lat'>(1467</span> 
     </span>
     <span class='ocr_line' id='line_1_12' title="bbox 97 1225 1118 1314; baseline 0.003 -23"><span class='ocrx_word' id='word_1_74' title='bbox 97 1225 251 1314; x_wconf 84' lang='lat'>-1540)</span> <span class='ocrx_word' id='word_1_75' title='bbox 287 1233 395 1293; x_wconf 84' lang='lat' dir='ltr'><strong>Veliae</strong></span> <span class='ocrx_word' id='word_1_76' title='bbox 429 1235 507 1295; x_wconf 90' lang='lat' dir='ltr'><strong>libro</strong></span> <span class='ocrx_word' id='word_1_77' title='bbox 539 1254 566 1296; x_wconf 91' lang='lat' dir='ltr'><strong>a.</strong></span> <span class='ocrx_word' id='word_1_78' title='bbox 600 1237 700 1314; x_wconf 84' lang='lat'><strong>1505,</strong></span> <span class='ocrx_word' id='word_1_79' title='bbox 732 1238 769 1295; x_wconf 91' lang='lat' dir='ltr'><strong>ut</strong></span> <span class='ocrx_word' id='word_1_80' title='bbox 799 1234 934 1311; x_wconf 83' lang='lat' dir='ltr'><strong>videtur,</strong></span> <span class='ocrx_word' id='word_1_81' title='bbox 966 1236 1046 1294; x_wconf 80' lang='lat' dir='ltr'><strong>leuto</strong></span> <span class='ocrx_word' id='word_1_82' title='bbox 1080 1237 1118 1294; x_wconf 91' lang='lat' dir='ltr'><strong>ut</strong></span> 
     </span>
     <span class='ocr_line' id='line_1_13' title="bbox 97 1319 1117 1402; baseline 0.002 -21"><span class='ocrx_word' id='word_1_83' title='bbox 97 1319 297 1398; x_wconf 76' lang='lat' dir='ltr'><strong>Digestorum</strong></span> <span class='ocrx_word' id='word_1_84' title='bbox 337 1323 431 1384; x_wconf 86' lang='lat' dir='ltr'><strong>libros</strong></span> <span class='ocrx_word' id='word_1_85' title='bbox 469 1324 645 1402; x_wconf 83' lang='lat' dir='ltr'><strong>diligentius</strong></span> <span class='ocrx_word' id='word_1_86' title='bbox 683 1324 836 1385; x_wconf 85' lang='lat' dir='ltr'><strong>evolveret</strong></span> <span class='ocrx_word' id='word_1_87' title='bbox 870 1324 1019 1400; x_wconf 89' lang='lat' dir='ltr'><strong>impulsus</strong></span> <span class='ocrx_word' id='word_1_88' title='bbox 1061 1327 1117 1384; x_wconf 85' lang='lat' dir='ltr'><strong>est.</strong></span> 
     </span>
     <span class='ocr_line' id='line_1_14' title="bbox 98 1402 1117 1492; baseline 0.002 -23"><span class='ocrx_word' id='word_1_89' title='bbox 98 1402 171 1486; x_wconf 85' lang='lat' dir='ltr'><strong>‘qua</strong></span> <span class='ocrx_word' id='word_1_90' title='bbox 196 1411 229 1470; x_wconf 91' lang='lat' dir='ltr'><strong>in</strong></span> <span class='ocrx_word' id='word_1_91' title='bbox 250 1405 401 1492; x_wconf 82' lang='lat' dir='ltr'><strong>lectione&#39;,</strong></span> <span class='ocrx_word' id='word_1_92' title='bbox 427 1413 540 1490; x_wconf 88' lang='lat' dir='ltr'><strong>inquit,</strong></span> <span class='ocrx_word' id='word_1_93' title='bbox 568 1408 649 1472; x_wconf 73' lang='lat' dir='ltr'><strong>‘eum</strong></span> <span class='ocrx_word' id='word_1_94' title='bbox 675 1413 780 1472; x_wconf 91' lang='lat' dir='ltr'><strong>multis</strong></span> <span class='ocrx_word' id='word_1_95' title='bbox 807 1413 839 1470; x_wconf 89' lang='lat' dir='ltr'><strong>in</strong></span> <span class='ocrx_word' id='word_1_96' title='bbox 864 1412 938 1472; x_wconf 88' lang='lat' dir='ltr'><strong>loeis</strong></span> <span class='ocrx_word' id='word_1_97' title='bbox 962 1412 1117 1472; x_wconf 81' lang='lat' dir='ltr'><strong>volumina</strong></span> 
     </span>
     <span class='ocr_line' id='line_1_15' title="bbox 96 1499 1117 1580; baseline 0.002 -22"><span class='ocrx_word' id='word_1_98' title='bbox 96 1499 163 1574; x_wconf 89' lang='lat' dir='ltr'><strong>ipsa</strong></span> <span class='ocrx_word' id='word_1_99' title='bbox 189 1501 302 1576; x_wconf 85' lang='lat' dir='ltr'><strong>partim</strong></span> <span class='ocrx_word' id='word_1_100' title='bbox 329 1502 484 1580; x_wconf 87' lang='lat' dir='ltr'><strong>mutilata,</strong></span> <span class='ocrx_word' id='word_1_101' title='bbox 511 1502 622 1577; x_wconf 88' lang='lat' dir='ltr'><strong>partim</strong></span> <span class='ocrx_word' id='word_1_102' title='bbox 655 1501 799 1561; x_wconf 87' lang='lat' dir='ltr'><strong>mendosa</strong></span> <span class='ocrx_word' id='word_1_103' title='bbox 828 1500 1023 1578; x_wconf 85' lang='lat' dir='ltr'><strong>deprehendi,</strong></span> <span class='ocrx_word' id='word_1_104' title='bbox 1049 1504 1117 1560; x_wconf 91' lang='lat' dir='ltr'><strong>tum</strong></span> 
     </span>
     <span class='ocr_line' id='line_1_16' title="bbox 97 1589 1118 1668; baseline 0.002 -20"><span class='ocrx_word' id='word_1_105' title='bbox 97 1606 183 1664; x_wconf 84' lang='lat' dir='ltr'><strong>vero,</strong></span> <span class='ocrx_word' id='word_1_106' title='bbox 211 1590 289 1666; x_wconf 90' lang='lat' dir='ltr'><strong>quod</strong></span> <span class='ocrx_word' id='word_1_107' title='bbox 313 1590 492 1668; x_wconf 78' lang='lat' dir='ltr'><strong>flagitiosius</strong></span> <span class='ocrx_word' id='word_1_108' title='bbox 516 1609 581 1650; x_wconf 91' lang='lat' dir='ltr'><strong>esse</strong></span> <span class='ocrx_word' id='word_1_109' title='bbox 609 1591 705 1650; x_wconf 88' lang='lat' dir='ltr'><strong>multo</strong></span> <span class='ocrx_word' id='word_1_110' title='bbox 733 1589 898 1650; x_wconf 78' lang='lat' dir='ltr'><strong>arbitratus</strong></span> <span class='ocrx_word' id='word_1_111' title='bbox 921 1608 1000 1665; x_wconf 88' lang='lat' dir='ltr'><strong>sum,</strong></span> <span class='ocrx_word' id='word_1_112' title='bbox 1024 1590 1118 1650; x_wconf 85' lang='lat' dir='ltr'><strong>verba</strong></span> 
     </span>
     <span class='ocr_line' id='line_1_17' title="bbox 97 1678 1117 1756; baseline 0.003 -21"><span class='ocrx_word' id='word_1_113' title='bbox 97 1678 195 1737; x_wconf 91' lang='lat' dir='ltr'><strong>multa</strong></span> <span class='ocrx_word' id='word_1_114' title='bbox 222 1697 282 1737; x_wconf 90' lang='lat' dir='ltr'><strong>non</strong></span> <span class='ocrx_word' id='word_1_115' title='bbox 309 1679 453 1756; x_wconf 86' lang='lat' dir='ltr'><strong>trivialis,</strong></span> <span class='ocrx_word' id='word_1_116' title='bbox 482 1679 535 1739; x_wconf 91' lang='lat' dir='ltr'><strong>sed</strong></span> <span class='ocrx_word' id='word_1_117' title='bbox 563 1680 704 1756; x_wconf 85' lang='lat' dir='ltr'><strong>antiquae</strong></span> <span class='ocrx_word' id='word_1_118' title='bbox 732 1678 900 1754; x_wconf 77' lang='lat' dir='ltr'><strong>adprobas</strong></span> <span class='ocrx_word' id='word_1_119' title='bbox 923 1681 1062 1738; x_wconf 90' lang='lat' dir='ltr'><strong>monetae</strong></span> <span class='ocrx_word' id='word_1_120' title='bbox 1084 1679 1117 1738; x_wconf 92' lang='lat' dir='ltr'><strong>in</strong></span> 
     </span>
     <span class='ocr_line' id='line_1_18' title="bbox 98 1765 1118 1844; baseline 0.003 -20"><span class='ocrx_word' id='word_1_121' title='bbox 98 1765 229 1825; x_wconf 88' lang='lat' dir='ltr'><strong>alienum</strong></span> <span class='ocrx_word' id='word_1_122' title='bbox 261 1786 351 1827; x_wconf 90' lang='lat' dir='ltr'><strong>usum</strong></span> <span class='ocrx_word' id='word_1_123' title='bbox 381 1767 553 1843; x_wconf 82' lang='lat' dir='ltr'><strong>ignorantia</strong></span> <span class='ocrx_word' id='word_1_124' title='bbox 584 1771 755 1844; x_wconf 90' lang='lat' dir='ltr'><strong>temporum</strong></span> <span class='ocrx_word' id='word_1_125' title='bbox 777 1768 926 1826; x_wconf 85' lang='lat' dir='ltr'><strong>translata</strong></span> <span class='ocrx_word' id='word_1_126' title='bbox 958 1785 1023 1827; x_wconf 89' lang='lat' dir='ltr'><strong>esse</strong></span> <span class='ocrx_word' id='word_1_127' title='bbox 1054 1767 1118 1827; x_wconf 85' lang='lat' dir='ltr'><strong>ani·</strong></span> 
     </span>
     <span class='ocr_line' id='line_1_19' title="bbox 97 1855 1116 1936; baseline 0.004 -24"><span class='ocrx_word' id='word_1_128' title='bbox 97 1855 254 1916; x_wconf 89' lang='lat' dir='ltr'><strong>madverti.</strong></span> <span class='ocrx_word' id='word_1_129' title='bbox 290 1875 326 1916; x_wconf 90' lang='lat' dir='ltr'><strong>ea</strong></span> <span class='ocrx_word' id='word_1_130' title='bbox 343 1857 549 1936; x_wconf 79' lang='lat' dir='ltr'><strong>indignatione</strong></span> <span class='ocrx_word' id='word_1_131' title='bbox 566 1860 722 1933; x_wconf 90' lang='lat' dir='ltr'><strong>permotus</strong></span> <span class='ocrx_word' id='word_1_132' title='bbox 739 1875 833 1916; x_wconf 90' lang='lat' dir='ltr'><strong>ausus</strong></span> <span class='ocrx_word' id='word_1_133' title='bbox 853 1875 921 1915; x_wconf 91' lang='lat' dir='ltr'><strong>sum</strong></span> <span class='ocrx_word' id='word_1_134' title='bbox 1001 1857 1116 1916; x_wconf 74' lang='lat' dir='ltr'><strong>iactare</strong></span> 
     </span>
    </p>
   </div>
   <div class='ocr_carea' id='block_1_3' title="bbox 97 1943 1118 2289">
    <p class='ocr_par' dir='ltr' id='par_1_3' title="bbox 97 1943 1118 2289">
     <span class='ocr_line' id='line_1_20' title="bbox 97 1943 1116 2025; baseline 0.002 -23"><span class='ocrx_word' id='word_1_135' title='bbox 97 1943 178 2004; x_wconf 88' lang='lat' dir='ltr'><strong>inter</strong></span> <span class='ocrx_word' id='word_1_136' title='bbox 196 1946 318 2025; x_wconf 84' lang='lat' dir='ltr'><strong>amieos,</strong></span> <span class='ocrx_word' id='word_1_137' title='bbox 337 1966 386 2006; x_wconf 91' lang='lat' dir='ltr'><strong>me</strong></span> <span class='ocrx_word' id='word_1_138' title='bbox 404 1946 566 2024; x_wconf 88' lang='lat' dir='ltr'><strong>aliquando</strong></span> <span class='ocrx_word' id='word_1_139' title='bbox 583 1946 745 2023; x_wconf 82' lang='lat' dir='ltr'><strong>facturum,</strong></span> <span class='ocrx_word' id='word_1_140' title='bbox 767 1948 804 2005; x_wconf 90' lang='lat' dir='ltr'><strong>nt</strong></span> <span class='ocrx_word' id='word_1_141' title='bbox 827 1944 997 2005; x_wconf 86' lang='lat' dir='ltr'><strong>Pandeetae</strong></span> <span class='ocrx_word' id='word_1_142' title='bbox 1017 1963 1116 2004; x_wconf 92' lang='lat' dir='ltr'><strong>emen·</strong></span> 
     </span>
     <span class='ocr_line' id='line_1_21' title="bbox 99 2027 1117 2113; baseline 0.001 -22"><span class='ocrx_word' id='word_1_143' title='bbox 99 2032 200 2094; x_wconf 89' lang='lat' dir='ltr'><strong>datius</strong></span> <span class='ocrx_word' id='word_1_144' title='bbox 233 2038 324 2112; x_wconf 90' lang='lat' dir='ltr'><strong>atque</strong></span> <span class='ocrx_word' id='word_1_145' title='bbox 355 2035 574 2113; x_wconf 81' lang='lat' dir='ltr'><strong>intelligentius</strong></span> <span class='ocrx_word' id='word_1_146' title='bbox 607 2027 800 2112; x_wconf 84' lang='lat' dir='ltr'><strong>legerentur&#39;.</strong></span> <span class='ocrx_word' id='word_1_147' title='bbox 851 2033 904 2092; x_wconf 94' lang='lat' dir='ltr'><strong>sed</strong></span> <span class='ocrx_word' id='word_1_148' title='bbox 932 2053 1000 2093; x_wconf 89' lang='lat' dir='ltr'><strong>oum</strong></span> <span class='ocrx_word' id='word_1_149' title='bbox 1027 2033 1117 2093; x_wconf 90' lang='lat' dir='ltr'><strong>intel·</strong></span> 
     </span>
     <span class='ocr_line' id='line_1_22' title="bbox 98 2117 1116 2201; baseline 0.001 -20"><span class='ocrx_word' id='word_1_150' title='bbox 98 2121 223 2183; x_wconf 75' lang='lat' dir='ltr'><strong>lenisset</strong></span> <span class='ocrx_word' id='word_1_151' title='bbox 250 2118 475 2184; x_wconf 73' lang='lat' dir='ltr'><strong>‘inconsultius&#39;</strong></span> <span class='ocrx_word' id='word_1_152' title='bbox 503 2143 534 2184; x_wconf 91' lang='lat' dir='ltr'><strong>se</strong></span> <span class='ocrx_word' id='word_1_153' title='bbox 561 2124 592 2183; x_wconf 92' lang='lat' dir='ltr'><strong>id</strong></span> <span class='ocrx_word' id='word_1_154' title='bbox 620 2123 803 2201; x_wconf 78' lang='lat' dir='ltr'><strong>promisisse,</strong></span> <span class='ocrx_word' id='word_1_155' title='bbox 827 2117 978 2182; x_wconf 73' lang='lat' dir='ltr'><strong>‘videlieet</strong></span> <span class='ocrx_word' id='word_1_156' title='bbox 1000 2121 1116 2182; x_wconf 84' lang='lat' dir='ltr'><strong>viribus</strong></span> 
     </span>
     <span class='ocr_line' id='line_1_23' title="bbox 99 2209 1118 2289; baseline -0.002 -18"><span class='ocrx_word' id='word_1_157' title='bbox 99 2213 212 2272; x_wconf 90' lang='lat' dir='ltr'><strong>nostris</strong></span> <span class='ocrx_word' id='word_1_158' title='bbox 234 2212 363 2272; x_wconf 84' lang='lat' dir='ltr'><strong>necdum</strong></span> <span class='ocrx_word' id='word_1_159' title='bbox 385 2213 472 2273; x_wconf 89' lang='lat' dir='ltr'><strong>nobis</strong></span> <span class='ocrx_word' id='word_1_160' title='bbox 496 2213 659 2289; x_wconf 86' lang='lat' dir='ltr'><strong>exploratis</strong></span> <span class='ocrx_word' id='word_1_161' title='bbox 681 2230 736 2271; x_wconf 89' lang='lat' dir='ltr'><strong>nee</strong></span> <span class='ocrx_word' id='word_1_162' title='bbox 754 2210 953 2288; x_wconf 87' lang='lat' dir='ltr'><strong>praestandae</strong></span> <span class='ocrx_word' id='word_1_163' title='bbox 971 2209 1016 2269; x_wconf 94' lang='lat' dir='ltr'><strong>rei</strong></span> <span class='ocrx_word' id='word_1_164' title='bbox 1035 2209 1118 2269; x_wconf 88' lang='lat' dir='ltr'><strong>diffi-</strong></span> 
     </span>
    </p>
   </div>
   <div class='ocr_carea' id='block_1_4' title="bbox 97 2295 1118 3357">
    <p class='ocr_par' dir='ltr' id='par_1_4' title="bbox 97 2295 1118 3267">
     <span class='ocr_line' id='line_1_24' title="bbox 98 2295 1118 2377; baseline 0.001 -19"><span class='ocrx_word' id='word_1_165' title='bbox 98 2301 213 2360; x_wconf 82' lang='lat' dir='ltr'><strong>cultate</strong></span> <span class='ocrx_word' id='word_1_166' title='bbox 236 2302 309 2361; x_wconf 84' lang='lat' dir='ltr'><strong>satis</strong></span> <span class='ocrx_word' id='word_1_167' title='bbox 334 2320 459 2362; x_wconf 77' lang='lat' dir='ltr'><strong>excussa</strong></span> <span class='ocrx_word' id='word_1_168' title='bbox 481 2295 715 2377; x_wconf 87' lang='lat' dir='ltr'><strong>pensitataque&#39;,</strong></span> <span class='ocrx_word' id='word_1_169' title='bbox 738 2301 847 2361; x_wconf 90' lang='lat' dir='ltr'><strong>omisso</strong></span> <span class='ocrx_word' id='word_1_170' title='bbox 872 2299 952 2376; x_wconf 90' lang='lat' dir='ltr'><strong>quod</strong></span> <span class='ocrx_word' id='word_1_171' title='bbox 975 2302 1118 2376; x_wconf 80' lang='lat' dir='ltr'><strong>coeperat</strong></span> 
     </span>
     <span class='ocr_line' id='line_1_25' title="bbox 98 2387 1117 2467; baseline 0 -19"><span class='ocrx_word' id='word_1_172' title='bbox 98 2407 189 2465; x_wconf 93' lang='lat' dir='ltr'><strong>opere</strong></span> <span class='ocrx_word' id='word_1_173' title='bbox 216 2391 424 2450; x_wconf 87' lang='lat' dir='ltr'><strong>annotationes</strong></span> <span class='ocrx_word' id='word_1_174' title='bbox 452 2390 555 2467; x_wconf 89' lang='lat' dir='ltr'><strong>potius</strong></span> <span class='ocrx_word' id='word_1_175' title='bbox 583 2390 742 2449; x_wconf 87' lang='lat' dir='ltr'><strong>etiamtum</strong></span> <span class='ocrx_word' id='word_1_176' title='bbox 768 2389 929 2449; x_wconf 88' lang='lat' dir='ltr'><strong>inusitatas</strong></span> <span class='ocrx_word' id='word_1_177' title='bbox 957 2387 1014 2448; x_wconf 89' lang='lat' dir='ltr'><strong>sibi</strong></span> <span class='ocrx_word' id='word_1_178' title='bbox 1044 2389 1117 2448; x_wconf 87' lang='lat' dir='ltr'><strong>sori·</strong></span> 
     </span>
     <span class='ocr_line' id='line_1_26' title="bbox 98 2477 1117 2557; baseline 0.001 -22"><span class='ocrx_word' id='word_1_179' title='bbox 98 2477 211 2537; x_wconf 90' lang='lat' dir='ltr'><strong>bendas</strong></span> <span class='ocrx_word' id='word_1_180' title='bbox 233 2479 398 2555; x_wconf 86' lang='lat' dir='ltr'><strong>proposuit.</strong></span> <span class='ocrx_word' id='word_1_181' title='bbox 421 2479 502 2556; x_wconf 89' lang='lat' dir='ltr'><strong>quod</strong></span> <span class='ocrx_word' id='word_1_182' title='bbox 525 2496 599 2554; x_wconf 89' lang='lat' dir='ltr'><strong>opus</strong></span> <span class='ocrx_word' id='word_1_183' title='bbox 622 2478 727 2555; x_wconf 89' lang='lat' dir='ltr'><strong>primis</strong></span> <span class='ocrx_word' id='word_1_184' title='bbox 751 2478 928 2538; x_wconf 85' lang='lat' dir='ltr'><strong>enni1508</strong></span> <span class='ocrx_word' id='word_1_185' title='bbox 953 2477 1117 2557; x_wconf 90' lang='lat' dir='ltr'><strong>mensibus,</strong></span> 
     </span>
     <span class='ocr_line' id='line_1_27' title="bbox 98 2561 1116 2645; baseline 0 -20"><span class='ocrx_word' id='word_1_186' title='bbox 98 2567 188 2642; x_wconf 90' lang='lat' dir='ltr'><strong>paulo</strong></span> <span class='ocrx_word' id='word_1_187' title='bbox 211 2571 281 2643; x_wconf 89' lang='lat' dir='ltr'><strong>post</strong></span> <span class='ocrx_word' id='word_1_188' title='bbox 303 2585 394 2644; x_wconf 89' lang='lat' dir='ltr'><strong>qnam</strong></span> <span class='ocrx_word' id='word_1_189' title='bbox 416 2567 542 2627; x_wconf 89' lang='lat' dir='ltr'><strong>Ioannes</strong></span> <span class='ocrx_word' id='word_1_190' title='bbox 566 2567 739 2645; x_wconf 85' lang='lat' dir='ltr'><strong>Deganaius</strong></span> <span class='ocrx_word' id='word_1_191' title='bbox 764 2561 814 2626; x_wconf 81' lang='lat' dir='ltr'><strong>‘ad</strong></span> <span class='ocrx_word' id='word_1_192' title='bbox 836 2566 1001 2643; x_wconf 85' lang='lat' dir='ltr'><strong>prinoipem</strong></span> <span class='ocrx_word' id='word_1_193' title='bbox 1020 2566 1116 2642; x_wconf 80' lang='lat' dir='ltr'><strong>magi-</strong></span> 
     </span>
     <span class='ocr_line' id='line_1_28' title="bbox 98 2649 1116 2734; baseline 0 -20"><span class='ocrx_word' id='word_1_194' title='bbox 98 2658 229 2715; x_wconf 91' lang='lat' dir='ltr'><strong>stratum</strong></span> <span class='ocrx_word' id='word_1_195' title='bbox 248 2649 432 2732; x_wconf 86' lang='lat' dir='ltr'><strong>assumptus&#39;</strong></span> <span class='ocrx_word' id='word_1_196' title='bbox 448 2660 523 2734; x_wconf 88' lang='lat' dir='ltr'><strong>erat,</strong></span> <span class='ocrx_word' id='word_1_197' title='bbox 537 2675 707 2734; x_wconf 83' lang='lat' dir='ltr'><strong>aggressus,</strong></span> <span class='ocrx_word' id='word_1_198' title='bbox 721 2674 790 2716; x_wconf 84' lang='lat' dir='ltr'><strong>oum</strong></span> <span class='ocrx_word' id='word_1_199' title='bbox 804 2658 949 2732; x_wconf 86' lang='lat' dir='ltr'><strong>quattuor</strong></span> <span class='ocrx_word' id='word_1_200' title='bbox 962 2657 994 2714; x_wconf 85' lang='lat' dir='ltr'><strong>et</strong></span> <span class='ocrx_word' id='word_1_201' title='bbox 1006 2654 1116 2733; x_wconf 82' lang='lat' dir='ltr'><strong>viginti</strong></span> 
     </span>
     <span class='ocr_line' id='line_1_29' title="bbox 97 2743 1117 2822; baseline 0 -20"><span class='ocrx_word' id='word_1_202' title='bbox 97 2743 245 2803; x_wconf 88' lang='lat' dir='ltr'><strong>librorum</strong></span> <span class='ocrx_word' id='word_1_203' title='bbox 267 2746 379 2804; x_wconf 81' lang='lat' dir='ltr'><strong>selecta</strong></span> <span class='ocrx_word' id='word_1_204' title='bbox 396 2746 568 2822; x_wconf 83' lang='lat' dir='ltr'><strong>fragmenta</strong></span> <span class='ocrx_word' id='word_1_205' title='bbox 586 2746 634 2806; x_wconf 87' lang='lat' dir='ltr'><strong>vel</strong></span> <span class='ocrx_word' id='word_1_206' title='bbox 653 2745 843 2805; x_wconf 90' lang='lat' dir='ltr'><strong>emendasset</strong></span> <span class='ocrx_word' id='word_1_207' title='bbox 859 2744 908 2804; x_wconf 89' lang='lat' dir='ltr'><strong>vel</strong></span> <span class='ocrx_word' id='word_1_208' title='bbox 928 2744 1117 2822; x_wconf 78' lang='lat' dir='ltr'><strong>explicasset,</strong></span> 
     </span>
     <span class='ocr_line' id='line_1_30' title="bbox 98 2825 1116 2910; baseline -0.001 -18"><span class='ocrx_word' id='word_1_209' title='bbox 98 2851 166 2892; x_wconf 87' lang='lat' dir='ltr'><strong>oum</strong></span> <span class='ocrx_word' id='word_1_210' title='bbox 187 2833 375 2910; x_wconf 86' lang='lat' dir='ltr'><strong>praefatione</strong></span> <span class='ocrx_word' id='word_1_211' title='bbox 399 2833 437 2892; x_wconf 92' lang='lat' dir='ltr'><strong>ad</strong></span> <span class='ocrx_word' id='word_1_212' title='bbox 456 2854 568 2895; x_wconf 88' lang='lat' dir='ltr'><strong>novum</strong></span> <span class='ocrx_word' id='word_1_213' title='bbox 587 2835 732 2894; x_wconf 82' lang='lat' dir='ltr'><strong>Frsneiae</strong></span> <span class='ocrx_word' id='word_1_214' title='bbox 750 2832 961 2892; x_wconf 86' lang='lat' dir='ltr'><strong>eaneellarium</strong></span> <span class='ocrx_word' id='word_1_215' title='bbox 979 2825 1116 2892; x_wconf 78' lang='lat' dir='ltr'><strong>‘Parisiis</strong></span> 
     </span>
     <span class='ocr_line' id='line_1_31' title="bbox 97 2918 1117 3000; baseline 0.001 -20"><span class='ocrx_word' id='word_1_216' title='bbox 97 2921 195 2997; x_wconf 90' lang='lat' dir='ltr'><strong>pridie</strong></span> <span class='ocrx_word' id='word_1_217' title='bbox 213 2941 307 2982; x_wconf 87' lang='lat' dir='ltr'><strong>nonas</strong></span> <span class='ocrx_word' id='word_1_218' title='bbox 321 2918 512 2984; x_wconf 84' lang='lat' dir='ltr'><strong>Novembris&#39;</strong></span> <span class='ocrx_word' id='word_1_219' title='bbox 531 2923 645 3000; x_wconf 87' lang='lat' dir='ltr'><strong>seripta</strong></span> <span class='ocrx_word' id='word_1_220' title='bbox 658 2923 762 2982; x_wconf 94' lang='lat' dir='ltr'><strong>eodem</strong></span> <span class='ocrx_word' id='word_1_221' title='bbox 776 2940 854 2981; x_wconf 90' lang='lat' dir='ltr'><strong>anno</strong></span> <span class='ocrx_word' id='word_1_222' title='bbox 869 2921 973 2981; x_wconf 90' lang='lat' dir='ltr'><strong>edidit.</strong></span> <span class='ocrx_word' id='word_1_223' title='bbox 1006 2921 1117 2998; x_wconf 89' lang='lat' dir='ltr'><strong>quibus</strong></span> 
     </span>
     <span class='ocr_line' id='line_1_32' title="bbox 98 3010 1118 3090; baseline 0 -22"><span class='ocrx_word' id='word_1_224' title='bbox 98 3010 131 3068; x_wconf 91' lang='lat' dir='ltr'><strong>in</strong></span> <span class='ocrx_word' id='word_1_225' title='bbox 158 3010 402 3072; x_wconf 86' lang='lat' dir='ltr'><strong>annotationibus</strong></span> <span class='ocrx_word' id='word_1_226' title='bbox 430 3012 586 3090; x_wconf 91' lang='lat' dir='ltr'><strong>Pomponii</strong></span> <span class='ocrx_word' id='word_1_227' title='bbox 614 3030 733 3090; x_wconf 90' lang='lat' dir='ltr'><strong>qnoque</strong></span> <span class='ocrx_word' id='word_1_228' title='bbox 759 3011 836 3070; x_wconf 89' lang='lat' dir='ltr'><strong>illud</strong></span> <span class='ocrx_word' id='word_1_229' title='bbox 862 3010 1068 3089; x_wconf 79' lang='lat' dir='ltr'><strong>fragmentum</strong></span> <span class='ocrx_word' id='word_1_230' title='bbox 1098 3029 1118 3069; x_wconf 91' lang='lat' dir='ltr'><strong>a</strong></span> 
     </span>
     <span class='ocr_line' id='line_1_33' title="bbox 98 3099 1117 3178; baseline 0.001 -21"><span class='ocrx_word' id='word_1_231' title='bbox 98 3099 173 3158; x_wconf 90' lang='lat' dir='ltr'><strong>iuris</strong></span> <span class='ocrx_word' id='word_1_232' title='bbox 206 3101 349 3160; x_wconf 76' lang='lat' dir='ltr'><strong>consultis</strong></span> <span class='ocrx_word' id='word_1_233' title='bbox 381 3101 419 3160; x_wconf 97' lang='lat' dir='ltr'><strong>ad</strong></span> <span class='ocrx_word' id='word_1_234' title='bbox 451 3101 482 3160; x_wconf 95' lang='lat' dir='ltr'><strong>id</strong></span> <span class='ocrx_word' id='word_1_235' title='bbox 514 3100 660 3178; x_wconf 90' lang='lat' dir='ltr'><strong>temporis</strong></span> <span class='ocrx_word' id='word_1_236' title='bbox 693 3102 756 3159; x_wconf 89' lang='lat' dir='ltr'><strong>fere</strong></span> <span class='ocrx_word' id='word_1_237' title='bbox 787 3117 911 3176; x_wconf 87' lang='lat' dir='ltr'><strong>prorsus</strong></span> <span class='ocrx_word' id='word_1_238' title='bbox 943 3099 1117 3178; x_wconf 77' lang='lat' dir='ltr'><strong>neglectum</strong></span> 
     </span>
     <span class='ocr_line' id='line_1_34' title="bbox 97 3187 879 3267; baseline 0.003 -21"><span class='ocrx_word' id='word_1_239' title='bbox 97 3187 281 3267; x_wconf 79' lang='lat' dir='ltr'><strong>philologius</strong></span> <span class='ocrx_word' id='word_1_240' title='bbox 305 3193 370 3249; x_wconf 89' lang='lat' dir='ltr'><strong>arte</strong></span> <span class='ocrx_word' id='word_1_241' title='bbox 394 3209 466 3250; x_wconf 89' lang='lat' dir='ltr'><strong>usus</strong></span> <span class='ocrx_word' id='word_1_242' title='bbox 489 3189 704 3252; x_wconf 75' lang='lat' dir='ltr'><strong>commentario</strong></span> <span class='ocrx_word' id='word_1_243' title='bbox 727 3188 879 3248; x_wconf 84' lang='lat' dir='ltr'><strong>instruxit</strong></span> 
     </span>
    </p>

    <p class='ocr_par' dir='ltr' id='par_1_5' title="bbox 188 3270 1117 3357">
     <span class='ocr_line' id='line_1_35' title="bbox 188 3270 1117 3357; baseline -0.001 -20"><span class='ocrx_word' id='word_1_244' title='bbox 188 3278 361 3356; x_wconf 82' lang='lat' dir='ltr'><strong>Sequuntur</strong></span> <span class='ocrx_word' id='word_1_245' title='bbox 379 3278 531 3339; x_wconf 81' lang='lat' dir='ltr'><strong>Thomas</strong></span> <span class='ocrx_word' id='word_1_246' title='bbox 549 3277 863 3357; x_wconf 86' lang='lat' dir='ltr'><strong>Diplovataeeius,</strong></span> <span class='ocrx_word' id='word_1_247' title='bbox 884 3277 937 3354; x_wconf 92' lang='lat' dir='ltr'><strong>qui</strong></span> <span class='ocrx_word' id='word_1_248' title='bbox 957 3295 1047 3354; x_wconf 93' lang='lat' dir='ltr'><strong>opere</strong></span> <span class='ocrx_word' id='word_1_249' title='bbox 1066 3270 1117 3336; x_wconf 73' lang='lat' dir='ltr'><strong>‘de</strong></span> 
     </span>
    </p>
   </div>
   <div class='ocr_carea' id='block_1_5' title="bbox 170 3483 625 3627">
    <p class='ocr_par' dir='ltr' id='par_1_6' title="bbox 170 3483 625 3627">
     <span class='ocr_line' id='line_1_36' title="bbox 172 3483 542 3555; baseline 0.005 -17"><span class='ocrx_word' id='word_1_250' title='bbox 172 3491 196 3541; x_wconf 94' lang='lat'><strong>1.</strong></span> <span class='ocrx_word' id='word_1_251' title='bbox 216 3483 340 3555; x_wconf 75' lang='lat' dir='ltr'><strong>savigny</strong></span> <span class='ocrx_word' id='word_1_252' title='bbox 357 3485 377 3540; x_wconf 94' lang='grc'><strong>1.</strong></span> <span class='ocrx_word' id='word_1_253' title='bbox 396 3500 419 3539; x_wconf 86' lang='lat' dir='ltr'><strong>o.</strong></span> <span class='ocrx_word' id='word_1_254' title='bbox 438 3503 466 3554; x_wconf 92' lang='lat' dir='ltr'><strong>p.</strong></span> <span class='ocrx_word' id='word_1_255' title='bbox 480 3489 542 3540; x_wconf 82' lang='lat'>448.</span> 
     </span>
     <span class='ocr_line' id='line_1_37' title="bbox 170 3557 625 3627; baseline 0.004 -17"><span class='ocrx_word' id='word_1_256' title='bbox 170 3562 195 3613; x_wconf 79' lang='lat'><strong>2.</strong></span> <span class='ocrx_word' id='word_1_257' title='bbox 215 3557 341 3627; x_wconf 77' lang='lat' dir='ltr'><strong>Savigny</strong></span> <span class='ocrx_word' id='word_1_258' title='bbox 358 3557 376 3612; x_wconf 94' lang='lat' dir='ltr'><strong>l.</strong></span> <span class='ocrx_word' id='word_1_259' title='bbox 397 3572 419 3611; x_wconf 87' lang='lat' dir='ltr'><strong>e.</strong></span> <span class='ocrx_word' id='word_1_260' title='bbox 439 3573 467 3624; x_wconf 84' lang='lat' dir='ltr'><strong>p.</strong></span> <span class='ocrx_word' id='word_1_261' title='bbox 482 3563 542 3612; x_wconf 82' lang='lat'>438.</span> <span class='ocrx_word' id='word_1_262' title='bbox 562 3561 625 3612; x_wconf 75' lang='lat'><strong>442.</strong></span> 
     </span>
    </p>
   </div>
   <div class='ocr_carea' id='block_1_6' title="bbox 0 0 1221 3944">
    <p class='ocr_par' dir='ltr' id='par_1_7' title="bbox 0 0 1221 3944">
     <span class='ocr_line' id='line_1_38' title="bbox 0 0 1221 3944; baseline 0 0"><span class='ocrx_word' id='word_1_263' title='bbox 0 0 1221 3944; x_wconf 95' lang='lat' dir='ltr'><strong> </strong></span> 
     </span>
    </p>
   </div>
  </div>
 </body>
</html>
