2430 3944
458 188 483 238 7.
501 182 691 239 PROOULUS
1018 187 1080 251 117

353 344 404 410 De
425 345 586 411 sertorum
608 347 798 430 oblipatione.

163 452 187 516 l.
208 449 357 535 D.45,1,
375 451 447 516 113.
492 451 650 517 Proculus
674 452 759 519 libro
783 454 923 520 secundo
946 453 1081 540 Epistu-

97 537 184 604 larum
207 576 243 587 -
270 537 353 605 Ourn
377 539 553 624 stipulatus
578 540 639 605 sim
663 541 753 626 mihi,
777 541 925 626 Proculo,
948 545 976 608 si
1001 566 1080 630 opus

99 627 227 694 arbitratu
255 650 328 695 meo
358 633 434 693 ante
457 628 611 694 kalendas
634 629 746 694 Iunias
770 630 918 697 effaetum
940 654 1005 697 non
1029 634 1081 718 sit,

50 756 52 761 -
100 734 215 802 poenam,
234 721 268 782 et
284 717 409 802 protuli
428 716 527 783 diem:
545 722 684 801 putasne
703 741 778 783 vere
797 742 848 784 me
866 741 962 803 posse
978 721 1081 786 dicere

50 834 54 871 ·.
102 804 231 870 arbitratu
259 826 332 871 meo
362 828 443 890 opus
472 806 621 872 effaetam
643 829 709 872 non
733 830 803 873 esse
827 812 904 873 ante
926 808 1081 875 kalendas

101 889 188 1044 parias,
202 894 358 978 cumipse
373 895 508 960 arbitrio
524 917 596 960 meo
611 896 710 960 aliam
724 896 809 960 diem
825 897 914 981 operi
925 897 1081 962 laxiorem

113 981 230 1048 ederim?

162 1069 316 1137 Proculus
339 1071 521 1156 respondit:
544 1092 607 1137 non
628 1072 695 1138 sine
716 1092 811 1138 eausa
832 1075 1082 1157 distinpuendum

100 1163 129 1222 ot
146 1161 296 1244 interesse,
323 1166 430 1226 utrum
451 1181 510 1243 per
529 1162 749 1243 promissorem
771 1182 860 1228 mora
882 1183 945 1228 non
964 1165 1081 1248 fnisset,

102 1266 141 1328 po
152 1251 254 1314 minus
271 1269 348 1334 opus
365 1254 436 1314 onte
452 1249 600 1315 kalendas
616 1250 731 1315 Iunias
748 1250 802 1334 ito,
820 1253 869 1316 uti
885 1252 1083 1334 stipulatione

102 1337 318 1419 nuprelensum
340 1343 415 1421 erat,
431 1340 637 1422 perficeretur,
660 1360 712 1422 an,
734 1360 804 1404 eum
823 1341 890 1404 iam
908 1361 984 1424 opus
1001 1340 1083 1422 effici

100 1442 141 1488 mn
165 1432 267 1508 posset
299 1431 370 1492 onte
400 1427 550 1492 kalendas
580 1427 708 1513 Iunios,
742 1429 906 1510 stipulator
936 1431 1017 1494 diem
1048 1431 1082 1494 in

99 1509 215 1582 intendas
241 1513 420 1598 Aupustas¹
440 1516 628 1597 protulisset.
672 1537 748 1582 nam
774 1519 803 1582 si
829 1522 895 1582 turn
922 1519 1003 1583 aliem
1029 1519 1082 1583 sti-

95 1601 193 1679 pulator
217 1604 364 1688 protudit,
396 1625 465 1669 enm
496 1604 563 1668 iam
592 1625 669 1688 opus
695 1611 766 1671 ante
792 1605 941 1671 talendas
967 1607 1083 1672 Iunias

98 1688 153 1770 diei
176 1713 237 1757 non
259 1696 395 1776 poterat,
420 1696 494 1774 puto
509 1703 729 1774 poenam'esse
750 1695 943 1760 commissam
965 1716 1020 1760 neo
1040 1696 1084 1760 ad

98 1796 140 1842 rm
151 1783 312 1864 pertinere,
335 1782 416 1864 quod
437 1781 563 1864 aliquod
580 1787 696 1864 tempus
713 1787 785 1847 ante
801 1783 948 1849 lamnam
966 1784 1082 1849 Iunias

97 1864 148 1950 suit,
177 1891 235 1952 quo
266 1870 432 1954 stipulator
462 1891 525 1934 non
556 1871 738 1936 desideravit
767 1873 802 1937 id
832 1876 903 1936 ante
933 1871 1082 1937 leundas

96 1951 182 2023 turim
204 1959 294 2042 effici,
316 1959 352 2023 id
373 1963 418 2024 est
438 1979 496 2041 quo
519 1979 582 2024 non
600 1964 645 2024 est
661 1960 832 2024 urbinates
849 1965 885 2024 ut
900 1962 987 2043 fieret
1002 1962 1083 2042 qaod

50 2068 52 2093 ι
96 2041 143 2121 ieri
160 2068 220 2112 non
236 2053 368 2129 poterat.
408 2053 464 2113 out
485 2048 515 2112 si
535 2047 590 2113 loe
610 2048 728 2129 falsum
750 2053 802 2132 est,
825 2050 918 2112 etiam
936 2050 966 2113 si
982 2051 1080 2130 stipat

96 2129 153 2197 totu
168 2138 274 2218 pridie
300 2136 448 2201 leniendas
471 2135 586 2202 Iunias
610 2141 749 2202 mortuus
771 2142 856 2219 esset,
879 2158 982 2220 poena
1004 2158 1081 2201 eom-

96 2221 165 2287 uissa
179 2245 242 2289 non
260 2230 344 2308 esset,
365 2225 512 2306 quoniam
530 2230 670 2290 mortuus
687 2226 839 2290 arbitrari
856 2246 919 2290 non
935 2227 1081 2307 potuisse·

95 2311 113 2370 a
137 2313 256 2395 aliquod
287 2317 404 2395 empus
429 2318 502 2396 post
532 2319 659 2378 mortem
690 2316 757 2379 eius
787 2316 871 2396 operi
896 2315 1081 2396 perficiendo

96 2402 274 2481 mperserisset.
330 2407 359 2466 et
386 2403 609 2485 propemodum
644 2403 738 2467 etiam
772 2404 801 2468 si
832 2408 904 2467 onte
934 2403 1082 2468 laleudas

96 2483 182 2554 lunias
202 2488 336 2556 eertum²
358 2510 420 2556 esse
442 2492 538 2574 eoepit
555 2511 630 2574 ornus
647 2496 719 2556 ante
737 2512 804 2556 eom
822 2493 902 2556 aliem
920 2493 1002 2574 efflei
1019 2512 1082 2556 uon

92 2591 168 2657 mae,
182 2599 285 2662 poena
307 2580 469 2645 commissa
491 2584 544 2644 est.

360 2720 411 2786 De
432 2723 582 2804 emptione
606 2721 785 2786 venditione.

158 2826 183 2892 8.
192 2824 634 2907 Ibid.§1.-Cumvenderet
644 2827 771 2910 aliquis,
781 2828 933 2912 promisit
943 2829 1082 2911 emptori

96 2907 274 2980 fideiussores
297 2916 459 2999 praestari
483 2921 516 2980 et
538 2938 607 2981 rem
631 2917 794 2980 venditam
818 2916 957 2980 liberari.
999 2938 1082 3000 quae

97 3001 122 3061 ut
141 3001 302 3089 liberetur,
328 3025 414 3068 nuno
438 3004 600 3070 desiderat
623 3009 758 3088 emptor.
798 3005 832 3069 in
856 3026 948 3069 mora
972 3010 1022 3069 est
1044 3007 1083 3087 is,

94 3087 135 3182 pai
153 3112 186 3156 ea
209 3093 418 3176 stipulatione
441 3092 475 3156 id
498 3092 642 3157 futurum
661 3094 821 3177 promisit.
864 3115 982 3177 quaero
1006 3093 1083 3178 quid

93 3176 152 3242 aris
172 3180 222 3245 sit.

158 3267 308 3334 Proculus
339 3269 520 3352 respondit:
553 3273 635 3336 tanti
662 3271 745 3336 litem
773 3273 932 3337 aestimari
959 3274 1082 3354 oportet,

93 3358 180 3429 monti
200 3359 311 3423 aetoris
332 3359 465 3423 interest.

146 3481 157 3528 1
175 3477 221 3533 Fl.
239 3479 367 3534 kalendis
385 3479 531 3549 Augustis.

145 3548 222 3605 am.
240 3549 372 3606 futuram.
