2430 3944
453 189 494 240 ιο.
513 181 683 238 sunmms
1013 185 1078 251 195

59 348 150 413 aliter
178 347 261 413 mihi
289 345 444 412 adversus
471 349 505 411 te
533 345 673 412 dandam
696 345 901 432 petitionem,
929 348 1080 433 quamsi

58 437 203 522 legatum
225 435 401 501 redderem.

459 594 510 660 De
530 594 679 660 arbitriis.

144 720 199 786 22.
231 719 273 786 D.
290 720 321 800 4,
335 719 365 797 8,
380 719 432 802 21,
445 719 476 785 9.
526 717 686 802 Ulpianus
713 718 798 785 libro
825 719 924 785 tertio
952 719 1079 788 decimo

58 808 97 874 ad
124 810 269 875 edictum
292 808 343 894 (P.
356 804 447 895 460).
472 842 511 855 -
538 808 572 872 Si
600 808 672 892 quis
695 829 734 872 ex
757 807 980 894 litigatoribus
1005 809 1078 875 ideo

57 919 120 963 non
148 897 305 981 adfuerit,
332 896 419 981 quod
446 895 628 961 valetudine
655 896 707 962 vel
734 897 955 982 reipublicae
978 920 1078 963 causa

56 986 206 1052 absentia
232 986 408 1070 impeditus
437 985 480 1049 sit
507 989 565 1050 aut
592 986 787 1069 magistratu
816 989 872 1051 aut
900 986 965 1050 alia
990 987 1078 1052 iusta

57 1075 94 1140 de
110 1097 219 1158 causa,
237 1095 376 1158 poenam
390 1072 550 1138 committi
562 1072 717 1139 Proculus
732 1078 765 1138 et
779 1073 955 1141 Atilicinus
970 1077 1077 1162 aiunt,

58 1164 111 1228 sed
134 1164 163 1230 si
186 1166 322 1248 paratus
346 1163 390 1228 sit
411 1163 446 1226 in
467 1162 602 1227 eundem
621 1163 893 1246 compromittere,
914 1164 1075 1230 actionem

59 1253 210 1336 denegari
234 1256 291 1317 aut
313 1252 500 1334 exceptione
523 1254 630 1315 tutum
654 1251 730 1317 fore.

484 1484 645 1495 ——-—

410 1655 473 1738 ld.
501 1660 725 1734 FUFlDIUS

76 1819 80 1825 '
144 1824 198 1902 qui
224 1824 300 1883 iuris
322 1822 439 1898 peritus
461 1841 480 1882 a
503 1821 594 1900 Gaio,
620 1824 777 1897 Africano,
805 1823 899 1883 Paulo
922 1823 1075 1896 laudatur,

58 1933 121 1974 cum
146 1913 253 1973 Sabim
275 1917 307 1971 et
328 1910 465 1972 Atilicini
486 1929 633 1988 responsa
649 1912 820 1987 rettulisse,
848 1912 950 1972 Nerva
972 1915 1075 1972 autem

57 2003 134 2062 lilius
168 2005 274 2062 contra
304 2003 395 2076 atqua
426 2000 477 2058 ille
510 2001 639 2061 sensisse
667 2002 786 2060 dicatur
814 1993 864 2079 (D.
884 2002 936 2076 40,
957 2002 985 2076 2,
1006 1996 1075 2081 25),

56 2092 144 2150 huius
175 2090 310 2166 aequalis
341 2107 405 2148 esse
432 2089 619 2165 Neronisque
646 2090 791 2167 principis
824 2091 925 2148 aetate
953 2089 1074 2148 videtur

56 2182 164 2241 uixisse
188 2171 328 2260 (Pernice
351 2178 367 2236 I
391 2180 456 2238 280
478 2170 590 2259 n.,11).
632 2197 729 2256 quem,
748 2197 816 2237 cum
835 2176 946 2235 Fufidii
964 2195 1074 2236 nomen

56 2271 181 2345 vulgare
200 2267 241 2327 sit
256 2261 438 2347 (Wilmanns
457 2267 509 2325 Ex.
528 2266 569 2340 ΙΙ,
589 2260 677 2348 329),
700 2267 775 2325 nihil
794 2271 850 2342 ast,
874 2285 927 2325 our
946 2266 1074 2325 eundem

56 2363 146 2434 atque
174 2355 328 2415 Aufidium
360 2355 467 2414 Chium
497 2346 539 2436 (v.
562 2354 613 2428 IV,
629 2350 664 2436 5)
701 2359 841 2431 putemus
874 2373 947 2414 esse.
995 2372 1072 2431 quae

56 2447 89 2506 de
118 2444 236 2504 Fufidio
268 2447 450 2522 referuntur,
483 2462 553 2502 eum
579 2464 640 2504 non
670 2444 887 2519 respondendo,
915 2445 967 2502 sed
996 2444 1072 2502 iuris

55 2535 260 2595 consultorum
288 2534 437 2608 responsis
470 2533 670 2608 proponendis
701 2550 824 2608 operam
852 2532 968 2591 dedisse
996 2532 1072 2591 satis

55 2625 195 2684 videntur
217 2621 357 2681 indicare.

376 2797 634 2868 Quaestionum
656 2798 752 2857 libri.

141 2923 301 2984 Laudatur
323 2923 360 2982 ab
379 2921 523 2982 Africano
546 2921 578 2980 in
599 2921 816 2991 Quaestionum
839 2922 916 2982 libro
941 2923 1072 2982 secundo

53 3014 164 3074 Fufidii
187 3012 334 3073 secundus
356 3011 434 3071 liber
457 3010 681 3088 Quaestionum,
706 3011 753 3069 cui
777 3010 861 3087 operi
885 3011 984 3070 omnia
1007 3013 1070 3070 eius

55 3104 235 3180 fragmenta,
253 3119 329 3176 quae
347 3118 443 3177 pauca
461 3104 540 3175 sunt,
560 3099 724 3158 attribuere
743 3099 820 3158 licet
854 3117 920 3158 cum
940 3100 1070 3158 secundo

54 3193 129 3252 libro
158 3192 195 3251 de
218 3191 328 3267 legatis
351 3190 464 3249 dictum
488 3207 552 3247 esse
576 3190 733 3264 appareat,
763 3206 799 3247 ea
822 3186 959 3262 quaeda
983 3206 1070 3248 servo

55 3281 163 3340 herede
186 3279 370 3338 instituendo
393 3277 544 3336 Fufidium
568 3277 676 3336 dixisse
699 3277 838 3351 traditur,
864 3275 960 3352 primo
983 3276 1070 3349 libre,

59 3389 131 3446 tuae
158 3369 195 3427 de
222 3367 467 3440 manumissione,
495 3367 545 3426 vel
573 3366 701 3425 secundo
729 3366 779 3427 vel
802 3365 892 3424 tertio
915 3364 992 3422 libro
1017 3364 1068 3420 ad-

56 3458 210 3519 scribenda
228 3474 293 3517 esse
310 3456 382 3515 licet
399 3455 554 3531 suspicari.
592 3453 644 3513 sed
663 3455 699 3513 de
717 3473 750 3512 re
770 3454 857 3529 plane
875 3453 968 3511 dubia
986 3454 1069 3510 certa
1133 3526 1137 3533 Ι

57 3551 187 3607 statuere
208 3547 286 3606 nolo.

858 3641 916 3696 13*
