2430 3944
98 173 171 237 γ214
193 172 239 227 IV.
254 171 472 227 VESPASIANI
487 171 560 228 ΤΙΤΙ
573 171 768 227 DOMITIANI
781 172 889 227 TEMP.
904 171 1001 227 IURIS
1017 171 1119 228 CONS.

99 336 151 400 vel
181 357 296 400 navem
329 335 567 415 fabricandam,
600 335 721 419 poterit
754 335 794 399 ad
825 334 906 399 haec
934 335 1043 419 operis
1073 337 1121 400 611

98 424 229 489 6666111.
273 445 333 489 666
361 423 541 490 offendetur
566 424 626 489 illa
648 421 762 488 Sabini
790 425 953 488 sententia
980 424 1120 490 ancillae

98 535 159 578 666
186 514 263 578 dato
293 514 333 577 ad
361 513 538 579 lanificium
568 535 639 578 eam
666 535 731 576 non
754 512 842 576 mitti
864 534 925 577 neo
948 535 987 577 ex
1011 514 1120 598 operis

92 598 276 667 'mercedem
296 603 377 687 capi,
401 601 457 666 sed
476 601 539 667 sibi
557 603 666 667 lanam
684 601 790 666 166616
809 601 878 665 1616
897 622 1028 686 cogere3
1055 602 1121 666 sibi

98 690 185 754 enim
207 691 314 756 166616
336 691 479 769 videtur,
503 691 558 775 qui
581 712 649 755 non
671 712 786 776 operas
810 691 878 754 eius
902 690 1038 769 locavit,
1063 691 1120 755 sed

98 800 179 862 opus
194 781 279 864 quod
295 780 450 845 conduxit
464 779 616 864 expediit.
646 779 731 843 idem
747 783 780 843 61
792 777 975 844 Oetavenus
990 781 1121 865 probat.

187 891 224 951 61.
244 909 336 966 supra
359 891 395 949 fr.
412 895 441 951 7.

505 1010 556 1076 Dc
577 1012 705 1093 nuptiia

188 1134 238 1198 11.
272 1133 309 1200 D.
329 1136 382 1219 23,
397 1136 426 1219 2,
441 1135 494 1200 44.
543 1133 663 1198 Paulus
694 1134 777 1199 libro
805 1134 913 1217 primo
942 1135 981 1198 ad
1011 1135 1120 1219 legem

96 1221 214 1287 Iuliam
237 1227 271 1287 61
293 1222 428 1307 Papiam
451 1220 502 1309 (P.
512 1223 600 1308 929).
623 1260 660 1269 —
684 1222 770 1307 Lege
792 1222 877 1287 Iulia
900 1223 948 1287 116
970 1232 1120 1289 cavetur:

97 1310 152 1375 ‘...
171 1311 302 1377 cuiusve
321 1317 415 1395 pater
433 1315 576 1376 materve
596 1315 700 1376 artem
720 1311 878 1379 ludicram
897 1312 978 1376 16611
991 1312 1120 1377 fecerit'

172 1422 232 1465 666
256 1400 482 1486 distinguitur,
509 1404 603 1484 pater
625 1401 659 1464 in
681 1406 846 1485 potestate
868 1400 991 1465 habeat
1013 1401 1119 1466 filiam

95 1510 156 1554 666
174 1510 222 1554 nc.
254 1494 364 1554 tamen
379 1491 501 1555 iustum
516 1493 643 1573 patrem
660 1489 914 1573 intellegendum
930 1488 1119 1555 Octavenus

98 1577 158 1661 ait,
181 1580 329 1650 matrem.
344 1580 443 1644 etiam
468 1579 496 1643 si
518 1579 617 1663 vulgo
642 1578 836 1660 conceperit.

188 1667 238 1731 12.
270 1666 310 1731 D.
329 1669 383 1752 23,
397 1669 426 1746 2,
440 1668 484 1733 43
494 1690 542 1751 pr.
557 1669 586 1732 3.
637 1664 798 1750 Ulpianus
827 1666 912 1730 libro
940 1666 1047 1750 primo
1078 1666 1119 1731 ad

96 1755 204 1839 legem
222 1754 339 1820 Iuliam
359 1761 392 1821 et
409 1755 544 1841 Papiam
560 1751 731 1842 (Rima).
749 1755 925 1819 —Palam
945 1760 1119 1838 quaestum

96 1843 203 1909 166616
226 1845 369 1910 (11661666
392 1868 457 1910 666
480 1849 608 1909 tantum
632 1865 713 1928 eam,
736 1865 818 1926 quae
837 1844 871 1907 in
890 1844 1064 1927 lupanario
1084 1867 1119 1909 se

95 1931 275 2017 prostituit,
293 1956 405 1999 verum
425 1935 523 1998 etiam
543 1935 571 1997 si
589 1954 653 2016 qua
672 1931 776 1996 ...in
795 1933 933 1997 taberna
956 1933 1119 2015 cauponia

96 2022 148 2085 vel
172 2044 235 2105 qua
258 2023 323 2087 6116
346 2023 462 2108 pudori
485 2043 544 2087 suo
567 2043 634 2086 non
658 2021 772 2104 parcit.
813 2022 922 2104 palam
941 2026 1051 2085 autem
1071 2022 1119 2088 616

97 2111 287 2194 accipimus:
316 2112 453 2195 passim,
479 2111 541 2175 hoc
570 2115 621 2174 661
648 2112 718 2174 6166
747 2107 878 2192 dilectu3
906 2131 971 2174 non
996 2113 1024 2174 61
1054 2132 1119 2193 666

97 2199 252 2264 adulteris
289 2202 340 2264 vel
377 2200 619 2283 stupratoribus
652 2219 685 2262 66
718 2199 907 2278 committit,
945 2197 1001 2261 sed
1034 2222 1118 2283 6666

96 2287 199 2352 ricem
231 2287 428 2372 prostitutae
462 2288 611 2352 sustinet.
660 2287 739 2350 item
772 2286 860 2369 quod
888 2308 961 2350 cum
989 2309 1055 2352 uno
1085 2294 1119 2354 et

97 2376 202 2443 altero
225 2376 365 2462 pecunia
389 2380 520 2460 accepta
539 2374 753 2460 commiscuit,
775 2397 842 2441 non
861 2375 988 2439 videtur
1006 2378 1118 2459 palam

97 2486 230 2549 corpore
267 2468 438 2549 quaestum
471 2465 585 2529 166616.
636 2462 819 2528 Octauenus
852 2468 964 2528 tamen
997 2515 1035 2528 ..
1071 2468 1120 2530 ait

97 2554 198 2618 etiam
226 2575 311 2635 eam,
339 2575 420 2637 quae
449 2554 518 2618 sine
546 2556 682 2637 quaestu
710 2553 820 2637 palam
844 2575 877 2616 66
901 2554 1119 2639 prostituerit,

97 2641 248 2707 debuisse
270 2641 322 2706 his
341 2644 565 2707 connumerari
584 2638 642 2728 (66.
656 2663 738 2724 6666
757 2641 830 2727 lege
848 2640 933 2704 Iulia
952 2646 1119 2728 notantur,

97 2753 176 2814 quas
213 2735 380 2796 senatores
416 2729 573 2813 liberique
611 2750 722 2793 eorum
754 2728 968 2814 probibentur
1000 2753 1117 2797 uxores

97 2817 235 2906 ducere).

96 3019 111 3076 f
185 2930 279 3041 116661
313 2931 435 3007 supplet
471 2923 527 2990 ‘sc
560 2948 637 3007 quae
668 2948 792 3006 corpore
823 2929 923 3005 palam
958 2936 1118 3007 quaestum

110 3019 233 3080 661661.

518 3138 569 3204 De
589 3138 693 3220 furtis.

188 3263 238 3329 13.
252 3262 444 3346 Durati,
453 3265 480 3328 1.
512 3262 634 3326 Paulus
648 3262 733 3326 libro
749 3263 887 3346 septimo
899 3261 938 3326 ad
950 3263 1116 3328 Plautium

98 3351 279 3438 (P.1141).
303 3389 344 3398 -
370 3351 405 3417 si
433 3352 474 3435 is,
503 3351 554 3416 661
582 3373 633 3415 166
663 3350 816 3435 subrepta
844 3351 900 3435 sit,
929 3350 1003 3414 dum
1032 3353 1116 3435 apud

96 3442 200 3505 furem
221 3443 273 3526 sit,
291 3440 459 3527 legaverat
477 3462 548 3504 eam
567 3439 648 3503 mihi
667 3438 748 3523 <per
763 3439 1045 3525 vindicationem),
1065 3463 1116 3519 an,

98 3531 126 3594 61
149 3533 264 3615 postea
287 3529 340 3593 161
363 3551 435 3594 6616
459 3532 648 3612 contrectet,
670 3527 751 3592 furti
772 3529 933 3592 actionem
953 3528 1116 3594 habeam?
