2430 3944
456 183 481 234 8.
499 175 663 232 MINICIUS
997 177 1063 243 267

57 339 161 406 Dema
196 361 255 424 per
290 339 509 424 ignorantiam
546 339 626 404 mihi
661 361 720 425 pro
757 360 795 404 eo
831 340 968 421 traditus
1005 344 1064 407 est

54 428 182 494 Priscus
206 428 254 493 uit
276 450 337 493 usn
359 450 506 493 meeum
529 450 594 493 non
617 431 799 512 capturum,
822 429 899 512 quio
920 429 954 492 id
978 429 1064 514 quod

57 521 201 602 emptum
219 539 287 582 non
305 517 356 595 sit,
374 538 434 601 pro
453 521 597 600 emptore
616 538 677 581 usu
691 517 763 600 capi
781 538 847 581 non
864 521 988 602 potest;
1006 518 1064 582 sed

56 606 84 671 u'
108 605 229 671 fundus
254 608 382 688 emptus
406 604 450 670 sit
472 610 506 670 et
527 605 700 688 ampliores
721 605 803 669 fines
825 606 967 690 possessi
989 607 1064 690 sint,

53 691 532 846 'Diumflslllfflpiirfffflffl
551 693 743 759 universitas
763 693 831 758 eius
849 694 1062 777 possideatur,

56 803 433 868 mwwm.

427 939 478 1006 De
499 941 691 1007 condictione.

143 1065 196 1130 ¹14.
224 1063 263 1131 D.
284 1065 334 1147 13,
355 1064 382 1143 1,
403 1064 453 1130 13.
498 1063 619 1128 Paulus
646 1065 730 1129 libro
756 1065 948 1149 trigensimo
975 1087 1062 1130 nono

57 1153 95 1216 ad
121 1153 264 1217 edietum
288 1148 336 1239 (P.
355 1150 443 1237 567).
468 1188 509 1199 -
533 1151 582 1216 Dr
611 1157 746 1236 argento
768 1154 924 1238 subrepto
945 1153 1064 1237 poculo

57 1241 142 1306 facta
164 1240 290 1306 condici
311 1262 407 1325 posse
430 1239 594 1305 Fulcinius
618 1242 672 1306 uit.

141 1334 179 1397 of.
195 1333 265 1394 (iai.
284 1336 312 1409 2,
332 1337 373 1395 79
403 1330 443 1395 ‘..
463 1335 490 1394 si
517 1353 553 1393 ex
579 1352 654 1394 auro
682 1337 737 1394 aut
764 1338 887 1413 argento
915 1354 981 1395 meo
1008 1353 1062 1395 ras

52 1423 177 1500 aliquod
199 1423 304 1482 feceris
319 1470 325 1484 .
341 1467 348 1482 .
365 1469 384 1500 .‚
407 1417 604 1502 (quaeritur,
626 1425 730 1482 utrum
752 1425 841 1482 tuum
863 1424 903 1484 sit
925 1423 1005 1501 quod
1028 1442 1063 1483 ex

57 1531 119 1571 meo
143 1506 305 1590 effeceris>
331 1531 370 1570 an
392 1529 513 1571 meum.
529 1511 625 1572 ..sed
647 1530 716 1571 eum
731 1557 738 1572 .
753 1554 761 1571 .
774 1512 859 1571 ouius
881 1512 1010 1572 materia
1031 1515 1063 1571 et

57 1600 224 1659 substantia
257 1599 362 1676 fuerit,
397 1599 478 1659 furti-
510 1599 653 1660 adversus
685 1618 756 1659 eum
787 1601 839 1676 qui
869 1600 1062 1676 subripuerit,

56 1688 164 1747 habere
183 1689 342 1762 actionem3
361 1707 415 1748 nec
432 1688 532 1747 miuus
548 1689 691 1748 adversus
705 1688 832 1747 eundem
846 1689 1063 1749 condictionem

57 1775 82 1835 ei
111 1771 295 1945 compegere'
326 1769 381 1859 (so.
413 1776 539 1836 maxime
571 1777 708 1837 diversae
740 1778 858 1836 scholae
887 1777 1062 1836 unctoribus

58 1865 153 1924 risum
176 1868 245 1925 est.
569 1891 571 1894 ·

113 2035 165 2102 De
186 2037 332 2101 missione
353 2037 389 2100 ire
405 2037 625 2120 possessionem
646 2037 693 2100 rei
714 2039 881 2102 secandae
902 2055 1005 2101 merso.

144 2159 195 2225 15.
216 2158 255 2225 D.
270 2161 322 2238 42,
335 2161 366 2242 4,
380 2160 399 2224 7
408 2182 456 2244 pr.
489 2159 647 2245 Ulpianus
665 2159 750 2225 libro
771 2160 1062 2244 quinquagensimo

57 2269 140 2313 nono
173 2247 215 2312 ad
247 2248 385 2312 edietum
418 2247 468 2335 (P.
489 2245 600 2335 1389).
629 2284 667 2294 -
702 2248 867 2312 Fulcinius
900 2247 1063 2312 existimat

57 2337 230 2403 creditores
252 2337 299 2400 rei
323 2336 497 2401 servandae
521 2358 618 2400 causa
636 2337 753 2401 missos
772 2336 806 2400 in
823 2335 1062 2420 possessionem

57 2447 94 2489 ex
115 2426 168 2490 his
193 2425 290 2504 rebus
315 2425 359 2489 ali
381 2446 448 2489 non
470 2425 593 2488 debere.

206 2723 249 2804 3.
288 2723 375 2827 (ur)
404 2726 617 2800 Minicius
645 2723 912 2827 (unumst).

143 2870 230 2942 Quod
252 2871 284 2929 in
306 2870 467 2930 Iustiniani
489 2871 684 2948 Digestorum
706 2871 883 2948 fragmentis
903 2865 1063 2929 ‘Minicius'

56 2981 73 3020 a
102 2958 269 3035 Pomponio
304 2959 343 3018 ad
375 2959 518 3019 Sabinum
548 2959 692 3018 laudatur
724 2953 775 3033 (D.
799 2962 849 3036 19,
871 2962 898 3036 1,
919 2961 947 3036 6,
966 2952 1001 3038 4)
1033 2961 1064 3018 et

55 3049 165 3109 Iuliani
197 3047 268 3106 libri
299 3042 347 3106 ‘ex
377 3041 509 3107 Minicio’
541 3047 590 3106 rel
622 3042 673 3106 ‘ad
701 3041 865 3106 Minicium'
898 3047 1065 3106 afferuntur

57 3130 100 3218 (P.
119 3128 324 3217 843—882),
353 3136 509 3212 disputant
535 3136 593 3196 viri
620 3136 713 3213 docti,
743 3156 817 3195 num
847 3136 873 3194 is
901 3129 1062 3194 ‘Minicius’

54 3225 132 3286 idem
169 3225 210 3285 sit
246 3233 336 3301 atque
373 3225 421 3283 vel
457 3224 509 3283 ille
546 3219 696 3283 ‘Minicius
729 3217 869 3301 Natalis',
905 3223 944 3282 ad
976 3243 1064 3300 quem

55 3314 217 3375 Traianum
243 3313 430 3387 rescripsisse
458 3312 606 3388 Ulpianus
633 3313 726 3371 refert
754 3306 803 3390 (D.
824 3314 852 3389 2,
873 3314 922 3388 12,
943 3307 988 3392 9),
1015 3312 1063 3370 rel

55 3397 100 3461 Ἱι.
114 3402 252 3462 Minicius
266 3395 405 3476 Natalis',
420 3401 455 3459 de
470 3401 554 3459 cuius
568 3400 730 3460 honoribus
745 3399 808 3460 CIL
816 3400 957 3478 11,451o.
967 3401 1062 3459 4511.
1081 3420 1088 3434 ·

125 3539 140 3586 1
161 3534 238 3590 Trio.
256 3533 341 3602 longo
360 3535 485 3603 tempore
504 3533 576 3604 capi.
