2430 3944
99 196 163 261 192
177 196 224 255 ΙΠ.
234 195 310 252 GAII
320 194 468 252 CLAUDII
477 192 613 251 NERON.
623 192 769 250 ornata
779 192 885 249 ΤΕΜΡ.
895 192 995 249 Iulus
1005 191 1114 250 CONS.

532 375 582 442 De
603 378 678 442 dole.

185 489 231 548 De
254 488 323 549 dote
346 487 494 564 promissa
516 508 544 548 v.
558 488 647 566 Resp.
663 488 693 548 3.

357 648 405 707 De
426 665 526 708 reram
548 652 713 708 amoturum
735 649 854 708 actione.

186 749 215 812 9.
236 747 275 813 D.
285 749 338 834 25,
347 749 465 833 aopr.
499 749 621 814 Paulus
640 748 725 814 libro
744 749 884 834 septimo
904 747 945 813 ad
959 746 1121 814 Sabinum

113 835 148 901 P.
164 834 275 925 1775).
305 875 344 886 -
374 834 499 903 Contra
525 859 643 902 nurum
671 858 845 927 ..pocero
871 839 934 902 hoc
961 836 1122 902 iudicium

114 946 156 990 sc.
176 948 285 991 rerum
312 922 510 1012 amotarum)
535 925 676 990 dandum
698 925 874 991 Atilicinus
898 929 931 990 et
954 924 1121 992 Fulcinius

97 1014 200 1097 aiunt,
223 1015 373 1098 quotiens
396 1015 463 1080 filio
487 1014 629 1079 familias
649 1014 708 1081 dos
727 1014 804 1080 data
823 1018 885 1097 est3
909 1035 1059 1080 socerum
1079 1016 1121 1080 ob

97 1123 149 1167 res
174 1103 306 1169 divortii
329 1125 426 1170 cansa
450 1106 576 1169 amotas
599 1103 680 1168 furti
704 1125 800 1190 agere
822 1125 889 1169 non
910 1123 1017 1187 posse.

474 1269 521 1328 De
543 1270 742 1332 matiana.

191 1369 241 1434 10.
260 1369 299 1434 D.
308 1370 362 1455 25,
372 1371 402 1454 7,
414 1373 442 1456 1,
453 1374 482 1436 1.
518 1369 678 1454 Ulpianus
697 1370 782 1435 libro
801 1369 942 1436 secundo
956 1370 998 1434 ad
1011 1370 1123 1455 legem

96 1455 217 1522 Iuliam
242 1462 275 1523 et
298 1458 433 1544 Papiam
456 1458 507 1546 (P.
523 1455 633 1546 1985).
658 1495 700 1508 -
714 1456 807 1525 *Oum
830 1457 988 1524 Atilicino
1014 1458 1121 1524 sentio

98 1550 131 1610 et
157 1550 237 1629 puto
266 1547 356 1613 solas
385 1570 440 1614 eas
467 1549 502 1613 in
530 1548 748 1614 concubinatu
774 1545 906 1612 haberl¹
930 1569 1026 1632 posse
1051 1549 1122 1613 sine

98 1639 187 1699 metn
210 1635 370 1723 criminis,
392 1638 427 1702 in
450 1659 530 1723 quas
554 1641 703 1722 stuprum
725 1657 792 1701 non
814 1636 1041 1703 committitur.

404 1802 452 1862 De
474 1805 619 1862 communi
641 1802 808 1862 diuidundo.

188 1911 215 1951 v.
235 1890 324 1968 Resp.
343 1893 373 1951 4.

469 1973 520 2040 De
541 1973 744 2040 sevitutrtus.

189 2082 239 2146 11.
267 2081 306 2146 D.
322 2083 351 2164 8,
365 2080 440 2167 3,5‚
455 2081 484 2146 1.
529 2079 690 2164 Ulpianus
717 2080 801 2145 libro
825 2081 965 2164 septimo
993 2081 1123 2147 decimo

100 2169 140 2234 ad
172 2170 313 2235 edictum
341 2168 391 2259 (P.
410 2167 513 2255 596⁸).
541 2204 584 2216 -
611 2168 767 2234 Neratius
798 2169 891 2234 libris
920 2191 959 2233 er
986 2167 1122 2235 Plautio

100 2260 146 2324 ait
182 2280 241 2325 nec
277 2259 430 2324 haustum
461 2266 521 2322 neo
553 2259 725 2343 appulsum
756 2259 883 2343 pecoris
915 2279 975 2322 nec
1013 2264 1123 2323 cretae

100 2346 286 2412 eximendae
305 2347 466 2430 calcisque
485 2347 669 2430 coquendae
688 2348 740 2412 ins
753 2368 850 2430 posse
863 2347 899 2411 in
914 2347 1023 2411 alieno
1038 2368 1122 2432 esse,

100 2437 164 2502 nisi
182 2435 317 2500 fundum
336 2436 480 2500 vicinum
498 2435 627 2519 habeat,
649 2438 683 2500 et
701 2435 763 2500 hoc
780 2433 955 2500 Proculum
973 2439 1007 2500 et
1026 2434 1124 2501 Atili·

99 2523 208 2591 cinum
232 2525 433 2589 existimasse
457 2523 512 2587 ait.

191 2613 241 2677 12.
273 2611 312 2677 D.
328 2613 358 2690 8,
372 2613 402 2695 3,
415 2611 468 2678 35.
518 2612 640 2677 Paulus
669 2612 754 2678 libro
783 2612 898 2697 quinto
927 2613 1052 2679 decimo
1081 2614 1123 2678 ad

100 2701 265 2766 Plautium
286 2701 334 2787 (P.
348 2701 457 2787 1212).
474 2737 519 2747 —
538 2701 710 2766 Atilicinus
730 2701 777 2765 ait
796 2700 968 2766 Gaesarem
988 2699 1123 2768 Statilio

101 2789 209 2854 Tauro
237 2791 442 2875 rescripsisse
470 2789 504 2854 in
531 2789 611 2855 haec
637 2791 750 2855 rerba:
783 2788 840 2854 ‘Hi
868 2791 925 2874 qui
953 2811 992 2854 ex
1020 2789 1122 2856 fundo

102 2878 234 2944 Sutrino
263 2901 381 2965 aquam
410 2880 523 2944 ducere
552 2879 641 2944 soliti
670 2882 759 2962 sunt,
790 2879 942 2944 adierunt
967 2900 1020 2945 me
1047 2901 1124 2962 pro·

100 2973 341 3055 posueruntque
370 2990 500 3053 aquam,
528 2989 592 3052 qua
614 2989 672 3051 per
694 2968 819 3053 aliquot
842 2988 944 3032 annos
970 2967 1021 3032 usi
1045 2973 1126 3034 sunt

102 3079 141 3121 ex
159 3056 259 3139 fonte,
280 3058 335 3142 qui
354 3058 456 3123 estin
474 3056 574 3121 fundo
594 3054 735 3140 Sutrino,
754 3055 869 3121 ducere
888 3077 955 3120 non
972 3059 1123 3140 potuisse

100 3167 206 3300 tat
208 3145 764 3320 ⁰l.{⁰?.⁵..⁹³³tttt(tut.
772 3166 851 3297 ³¹11?
853 3165 872 3209 ⁰
891 3144 1123 3302 luterus

100 3258 309 3409 neglegentiis
332 3285 388 3390 aut
410 3257 506 3407 iulpa
529 3345 587 3386 sua
610 3283 800 3407 amiserant,
826 3254 892 3386 seril
906 3322 982 3407 quia
1005 3323 1124 3389 ducere

100 3435 166 3478 non
179 3415 341 3496 poterant,
358 3411 409 3476 his
424 3411 659 3476 restitueretur.
694 3433 832 3495 quorum
846 3411 928 3476 mihi
941 3414 1123 3496 postulatio

174 3559 187 3606 1
209 3551 256 3608 ΡΙ.
275 3551 385 3607 habere.
