2430 3944
278 205 298 259 Ι.
321 203 496 258 VETERUM
516 203 747 259 SENTENTIAE
767 203 814 257 ΕΤ
833 204 938 258 LIBRI.
1050 205 1113 269 511

98 390 173 432 eum
207 368 312 432 teneri
342 367 473 450 debere,
506 367 635 451 quando
665 367 746 432 haec
776 368 936 452 generalis
969 369 1115 452 exceptio

97 479 167 521 non
204 456 244 520 ad
281 478 318 520 ea
353 456 514 540 pertinere
552 455 679 540 debeat,
721 477 803 540 quae
841 456 986 522 venditor
1025 458 1117 522 novit

98 567 246 630 quaeque
274 545 458 628 specialiter
488 546 632 629 excipere
661 548 694 610 et
715 545 825 627 potuit
848 548 880 608 et
908 545 1035 624 debeat,
1060 546 1115 610 sed

98 634 141 698 ad
161 656 199 698 ea
218 656 300 720 quae
319 635 484 719 ignoravit
498 638 530 698 et
548 634 587 698 de
607 634 723 719 quibus
744 637 921 716 emptorem
941 635 1116 699 certiorare

97 724 252 807 nequivit.

189 813 240 877 27.
261 810 298 875 D.
313 810 362 888 18,
374 811 403 893 6,
414 813 444 893 1,
453 812 484 875 4.
503 809 664 894 Ulpianus
678 811 763 875 libro
778 812 929 876 vicesimo
944 814 1059 877 octavo
1075 813 1116 876 ad

99 899 267 965 Sabinum.
291 935 335 946 -
355 898 390 964 si
413 900 534 964 doliare
557 900 668 964 vinnm
692 900 807 964 emeris
825 921 886 965 nec
905 900 943 965 de
959 901 1117 965 tradendo

99 1012 138 1054 eo
172 989 344 1072 quicquam
377 989 577 1072 convenerit,
613 988 646 1053 id
678 987 779 1053 videri
812 993 932 1072 actum,
970 995 1007 1053 ut
1040 994 1116 1054 ante

98 1083 334 1142 evacuarentur
358 1099 455 1161 quam
475 1078 516 1141 ad
534 1077 731 1142 vindemiam
755 1099 853 1161 opera
873 1100 981 1142 eorum
1006 1078 1118 1143 futura

98 1173 143 1230 sit
165 1167 360 1250 necessaria3
389 1167 474 1249 quod
500 1171 528 1230 si
554 1188 620 1231 non
649 1167 715 1230 sint
742 1171 908 1252 evacuata,
925 1166 1117 1251 faciendum,

98 1255 183 1337 quod
227 1258 353 1320 veteres
394 1259 598 1337 putaverunt,
643 1276 701 1339 per
742 1255 872 1320 corbem
913 1256 1116 1321 venditorem

98 1343 406 1408 mensuramfacere
422 1348 455 1407 et
468 1343 643 1428 effunder03
664 1348 786 1409 veteres
802 1345 886 1408 enim
905 1344 964 1409 hoc
984 1349 1117 1428 propter

97 1454 287 1497 mensuram
311 1436 483 1496 suaserunt
505 1483 557 1498 ...

501 1608 551 1674 De
573 1610 719 1675 amicicie.
792 1569 794 1573 ι

189 1735 241 1801 28.
270 1734 309 1799 D.
335 1735 386 1816 17,
413 1735 444 1817 2,
467 1733 519 1817 52,
545 1735 594 1799 18.
623 1732 711 1797 Idem
741 1733 799 1818 (so.
826 1731 1004 1820 Ulpianus)
1031 1735 1116 1800 libro

95 1824 290 1907 trigensimo
315 1823 356 1887 ad
379 1823 527 1888 edictum.
552 1859 594 1869 —
695 1823 779 1906 apud
802 1826 925 1888 veteres
948 1826 1118 1908 tractatur,

96 1935 141 1977 an
169 1913 276 1977 socius
310 1912 454 1976 omnium
487 1913 659 1995 bonorum,
695 1914 722 1975 si
749 1911 824 1996 quid
853 1912 895 1976 ob
923 1911 1115 1976 iniuriarum

96 2005 260 2066 actionem
289 2001 460 2065 damnatus
493 2000 707 2083 praestiterit,
739 2023 779 2064 ex
811 2001 973 2064 communi
1005 2021 1115 2064 conse·

96 2094 217 2174 quatur
240 2094 277 2154 ut
299 2093 451 2173 praestet.

188 2193 225 2251 of.
248 2193 264 2251 I
286 2213 314 2269 p.
340 2194 412 2252 206.

464 2327 514 2394 Dc
536 2329 606 2394 iure
627 2330 753 2394 dotium.

189 2454 242 2520 29.
264 2453 304 2519 D.
332 2455 382 2537 11,
407 2455 435 2532 7,
457 2454 506 2518 16.
530 2453 689 2536 Ulpianus
704 2453 786 2518 libro
806 2452 982 2518 vicensimo
1002 2452 1116 2538 quinto

95 2543 139 2608 ad
170 2542 317 2608 edictum.
350 2579 387 2588 —
505 2541 734 2626 aequissimum
759 2592 765 2606 .
786 2593 792 2606 .
817 2542 922 2607 visum
950 2545 1000 2605 est
1028 2545 1116 2605 vete·

94 2631 200 2712 ribus,
220 2631 369 2696 mulieres
388 2631 481 2716 quasi
501 2631 539 2695 de
557 2630 762 2714 patrimoniis
783 2631 850 2695 suis
870 2631 916 2694 ita
931 2629 970 2694 de
985 2629 1115 2694 dotibus

93 2720 242 2786 funerari
275 2725 308 2785 et
339 2741 411 2784 eum
441 2720 496 2804 qui
523 2725 627 2784 morte
654 2720 798 2784 mulieris
827 2719 934 2784 dotem
962 2720 1115 2799 lucratur,

93 2810 133 2874 in
158 2809 254 2873 funus
280 2808 424 2874 conferre
449 2809 573 2892 debere,
598 2802 665 2873 sive
688 2813 781 2892 pater
804 2807 950 2873 mulieris
973 2813 1024 2872 est
1047 2808 1115 2872 sive

94 2899 245 2963 maritus.

521 2992 568 3051 De
591 2992 692 3050 tutelis.

190 3111 242 3176 30.
291 3109 361 3175 Gai.
391 3113 423 3195 1,
458 3112 522 3175 144
550 3134 598 3195 sq.
633 3147 675 3156 -
708 3110 842 3176 Veteres
873 3161 911 3175 ..
944 3109 1117 3175 voluerunt

94 3199 248 3280 feminas,
276 3200 403 3263 etiamsi
431 3199 592 3284 perfectae
617 3200 732 3264 aetatis
756 3200 831 3282 sint,
860 3202 992 3283 propter
1015 3197 1115 3261 animi

94 3288 265 3352 levitatem
291 3288 326 3352 in
355 3290 457 3353 tutela
485 3309 554 3352 esse
653 3289 816 3374 loquimur
841 3291 949 3353 antem
973 3285 1114 3369 exceptis

95 3376 282 3462 virginibus
305 3375 505 3456 Vestalibus,
531 3399 610 3461 quas
634 3377 732 3441 etiam
755 3381 879 3442 veteres
902 3375 935 3440 in
959 3375 1114 3440 honorem

96 3465 273 3532 sacerdotii
295 3465 415 3531 liberas
440 3488 509 3531 esse
533 3467 712 3531 voluerunt.

188 3589 216 3630 v.
240 3568 256 3626 I
277 3589 306 3644 p.
333 3571 405 3629 136.
