2430 3944
358 204 382 251 4.
407 196 437 252 L.
457 196 641 252 NERATIUS
660 196 808 253 PRISCUS
1022 197 1086 262 319

73 358 239 423 succidere
266 365 423 444 quantum
453 359 492 424 ad
517 360 613 425 villae
636 359 842 426 refectionem
865 365 961 445 putat
982 383 1087 445 posse,

72 448 329 530 quemadmodum
369 449 493 532 cauere,
538 449 657 533 inquit,
698 469 821 532 coquere
855 450 902 515 vel
937 450 1087 515 harenam

69 537 176 617 fodere
198 537 323 602 aliudue
344 539 421 620 quid
442 539 583 620 aedificio
604 540 811 604 massuram
832 559 958 604 cumae.

165 626 216 690 18.
235 624 273 691 D.
281 627 310 710 7,
318 627 403 711 1,44.
437 625 591 691 Neratius
606 626 689 692 libro
705 627 802 692 tertio
816 626 1087 692 Membranarum.

76 750 112 761 —
148 712 416 780 Usufructuarius
448 736 567 780 novum
599 715 771 781 tectorium
802 715 995 800 parietibus,
1033 716 1088 801 qui

73 802 170 868 rudes
207 803 361 882 fuissent,
396 806 561 888 imponere
593 826 658 869 non
690 808 811 888 potest,
849 806 923 888 quia
954 805 1088 869 tametsi

72 892 240 957 meliorem
260 892 435 957 excolendo
456 892 637 957 aedificium
658 892 779 958 domini
798 915 929 958 causam
943 895 1087 958 facturus

73 984 172 1062 esset,
199 1002 265 1046 non
292 985 402 1046 tamen
424 980 458 1046 id
482 982 551 1045 iure
576 1003 633 1046 suo
656 981 762 1046 fecere
785 985 908 1067 potest,
936 982 1087 1065 aliudque

73 1072 124 1134 est
146 1069 233 1134 tueri
255 1070 340 1155 quod
365 1071 544 1153 accepisset
567 1070 655 1138 aliud
676 1091 797 1136 novum
819 1070 953 1137 faeere.1

407 1246 457 1312 De
480 1247 617 1312 libertate
637 1248 754 1313 relicta

164 1352 215 1418 19.
242 1350 280 1418 D.
295 1354 348 1438 40,
364 1356 392 1435 7,
411 1356 459 1419 17.
509 1353 661 1419 Neratius
689 1355 773 1419 libro
801 1355 898 1419 tertio
927 1353 1086 1420 Membra·

71 1463 197 1506 narum.
223 1479 261 1487 —
288 1439 322 1507 si
350 1442 460 1508 decem
488 1443 598 1508 heredi
621 1443 774 1524 dedisset,
801 1443 908 1508 iussus
931 1447 982 1508 est
1006 1443 1087 1508 liber

72 1552 152 1598 esse.
186 1530 295 1596 decem
318 1531 418 1596 habet
437 1534 469 1595 et
487 1531 679 1596 tantundem
698 1531 829 1597 domino
849 1532 956 1596 debet:
980 1531 1086 1597 dando

72 1618 155 1684 haec
178 1619 287 1684 decem
310 1641 376 1684 non
399 1620 600 1685 liberabitur.
636 1642 712 1684 nam
731 1621 817 1704 quod
837 1620 1028 1686 statulibero
1048 1643 1087 1686 ex

72 1708 200 1792 peculio
216 1730 275 1773 suo
290 1708 366 1773 dare
380 1709 557 1793 explendae
572 1708 771 1774 condicionis
786 1730 884 1774 causa
899 1730 1086 1775 concessum

73 1801 130 1881 est,
153 1797 201 1861 ita
224 1796 430 1882 interpretari
453 1798 615 1882 debemus,
638 1801 759 1862 utnon
778 1798 877 1861 etiam
896 1819 935 1861 ex
954 1819 992 1863 eo
1011 1798 1086 1863 dare

71 1885 191 1969 possit,
223 1885 307 1970 quod
341 1892 433 1951 extra
464 1886 626 1969 peculium
657 1887 715 1951 est.
765 1907 825 1950 nec
853 1907 904 1950 me
931 1888 1087 1969 praeterit

71 1975 132 2039 hos
159 1996 311 2039 nummos
338 1975 517 2059 peculiares
542 1997 637 2058 posse
660 1972 736 2058 diei,
764 1974 925 2058 quamvis,
953 1974 981 2038 si
1004 1975 1086 2039 nihil

71 2066 244 2147 praeterea
276 2085 386 2128 servus
418 2063 553 2146 habeat,
585 2063 747 2146 peculium
762 2062 899 2126 'nullum
927 2063 979 2128 sit.
1029 2063 1086 2127 sed

72 2151 217 2216 dubitari
242 2173 309 2216 non
335 2156 478 2236 oportet,
507 2152 584 2236 quin
612 2152 691 2216 haec
719 2173 810 2217 mens
835 2150 933 2215 fuerit
955 2151 988 2215 id
1011 2172 1085 2216 con·

72 2241 288 2324 stituentium,
300 2244 338 2305 ut
353 2241 447 2324 quasi
462 2263 500 2305 ex
513 2240 709 2324 patrimonio
725 2262 783 2305 suo
798 2239 894 2304 dandi
909 2240 1086 2304 eonomine

72 2350 165 2394 servo
190 2332 338 2414 potestas
361 2334 455 2412 esset,
481 2330 556 2414 quia
579 2329 612 2393 id
635 2330 774 2394 maxime
798 2329 868 2393 sine
890 2327 1009 2393 iniuria
1032 2329 1086 2393 do-

71 2419 233 2482 minorum
262 2417 393 2483 concedi
420 2418 598 2483 videbatur.
643 2418 728 2502 quod
757 2417 785 2482 si
808 2417 894 2482 ultra
917 2417 988 2501 quis
1012 2439 1085 2502 pro·

72 2506 247 2590 gradietur,
264 2527 330 2571 non
349 2507 487 2571 multum
505 2507 619 2591 aberit,
638 2507 715 2591 quin
735 2507 834 2571 etiam
854 2527 908 2571 eos
926 2527 1086 2586 nummos,

72 2617 152 2680 quos
170 2594 302 2660 domino
317 2594 523 2679 subripuerit,
542 2595 646 2660 dando
662 2595 887 2660 statuliberum
903 2594 1086 2660 condicioni

72 2683 315 2749 satisfacturum
340 2684 509 2748 existimet.

369 2860 418 2925 De
440 2862 590 2944 emptione
611 2856 789 2926 verditione.

161 2967 215 3032 20.
238 2966 276 3031 D.
289 2966 484 3051 19‚1,31pr.
525 2965 681 3032 Neratius
704 2967 787 3032 libro
806 2967 905 3032 tertio
924 2966 1084 3032 Membra-

71 3079 196 3121 narum.
225 3093 268 3102 -
292 3052 327 3119 si
356 3077 394 3120 ea
420 3077 486 3137 res,
513 3077 610 3139 quam
639 3078 677 3120 ex
705 3059 812 3139 empto
839 3059 1004 3139 praestare
1032 3057 1085 3120 de-

72 3146 198 3228 bebam,
218 3144 252 3209 vi
270 3144 350 3208 mihi
369 3144 518 3228 adempta
536 3145 647 3228 fuerit,
666 3144 813 3228 quamvis
833 3165 904 3209 eam
924 3145 1085 3210 custodire

70 3233 252 3316 debuerim,
280 3236 389 3296 tamen
412 3234 545 3318 propius
569 3236 632 3314 est,
660 3238 696 3297 ut
718 3233 800 3297 nihil
824 3233 962 3317 amplius
987 3256 1084 3319 quam

71 3323 216 3389 actiones
248 3321 488 3404 persequendae
521 3321 588 3384 eius
620 3321 779 3406 praestari
812 3345 831 3386 a
863 3342 914 3385 me
948 3321 1085 3404 emptori

70 3404 238 3496 oporteat,
264 3410 339 3495 quia
367 3409 514 3474 custodia
540 3410 693 3474 adversus
717 3411 782 3474 vim
805 3432 921 3495 parum
944 3408 1082 3494 proficit.

143 3574 157 3622 1
178 3566 226 3622 ΓΖ.
246 3583 282 3620 an
300 3583 403 3621 novum
421 3565 536 3621 faceret.
