2430 3944
462 174 486 225 7.
505 166 694 225 succubus

431 382 481 450 Dc
503 384 564 468 lece
587 385 729 468 Aquctia.

50 533 65 571 Ξ
90 592 93 599 ,
175 527 216 592 19.
241 527 281 592 Ι).
296 527 327 606 9,
340 528 371 610 2,
385 526 439 610 29,
453 528 483 593 3.
528 524 689 612 Ulpianus
715 527 800 592 libro
824 533 938 594 octavo
962 529 1084 596 decimo

114 615 276 681 sdedictum
299 615 350 703 (P.
368 613 475 703 625⁶).
498 651 543 663 -
566 616 718 682 ..Labeo
742 617 869 701 scribit,
892 619 934 700 ai,
957 640 1029 683 cum
1052 620 1085 683 vi

113 707 241 770 uentorum
272 704 368 770 navis
399 705 541 789 impulsa
574 708 659 770 esset
685 706 720 768 in
747 705 842 770 funes
871 706 1085 772 anchorarum

114 792 207 858 alterius
240 797 273 858 et
308 796 428 858 nautae
465 794 558 858 funes
594 793 841 879 praecidissent,
878 793 986 860 nullo1
1023 794 1085 861 alio

112 882 173 946 nodo
189 884 251 947 nisi
267 882 424 966 praecisis
442 881 574 947 funibus
593 883 752 966 explicare
772 904 806 948 se
824 884 942 967 potuit,
961 884 1085 949 nullam

110 971 231 1036 raonem
268 971 417 1036 dandam
471 971 620 1056 idemque
651 969 762 1036 Labeo
798 974 831 1035 et
861 970 1020 1037 Proculus
1054 976 1086 1036 et

50 1100 81 1149 ςΙ
108 1056 162 1124 circa
184 1061 265 1125 retia
291 1060 507 1146 piscatorum,
533 1060 567 1125 in
591 1082 672 1144 quae
695 1061 787 1124 navis
811 1060 1011 1143 piscatorum
1037 1062 1085 1125 in·

50 1188 55 1199 ·
107 1146 206 1232 rident,
240 1148 465 1214 aestimarunt.
516 1150 613 1231 plane
650 1150 679 1212 si
715 1148 811 1233 culpa
846 1155 1019 1214 nautarum
1052 1150 1086 1214 id

51 1277 55 1281 -
106 1232 194 1302 facturn
218 1241 320 1320 esset,
347 1238 420 1321 lege
442 1235 576 1323 Aquilia
599 1237 768 1322 agendum.
816 1238 872 1302 sed
895 1238 951 1303 ubi
975 1239 1086 1303 damni

50 1396 54 1402 ,
105 1322 190 1390 uiuis
215 1327 326 1410 agitur
354 1327 396 1391 ob
423 1327 519 1410 retia,
546 1348 613 1391 non
639 1325 791 1410 piscium,
818 1326 874 1410 qui
900 1325 973 1391 ideo
999 1327 1086 1410 capti

50 1455 54 1492 :
105 1432 147 1478 nou
168 1418 254 1501 sunt,
285 1415 356 1478 fieri
384 1415 663 1499 aestimationem,
690 1437 763 1480 cum
790 1415 952 1481 incertum
978 1415 1085 1499 fuerit,

105 1507 338 1588 rumperentur.
385 1504 547 1590 [idemque
570 1507 603 1568 et
625 1503 660 1568 in
683 1504 892 1569 venatoribus
916 1508 949 1568 et
972 1505 1006 1569 in
1030 1527 1085 1569 au·

50 1644 52 1650 .
104 1590 206 1675 rupibus
228 1590 455 1676 probandum]

443 1838 494 1906 De
515 1841 710 1906 condidiores.

164 1983 210 2048 20.
245 1981 284 2047 D.
311 1982 500 2067 12,4,15.
554 1981 755 2066 Pomponius
787 1983 873 2047 libro
907 1983 1082 2046 vicensimo

103 2072 211 2136 secundo
235 2071 276 2136 ad
296 2070 455 2137 Sabinum
478 2069 528 2158 (P.
543 2068 633 2155 687).
655 2107 692 2116 -
715 2068 796 2135 Cum
820 2092 931 2135 servus
955 2075 1030 2135 tuus
1050 2071 1085 2133 in

104 2159 290 2240 suspicionem
312 2160 394 2224 furti
412 2160 503 2224 Attio
527 2161 677 2244 venisset,
701 2159 817 2224 dedisti
841 2181 914 2223 eum
937 2159 970 2222 in
990 2180 1085 2242 quac-

103 2245 210 2313 stionem
238 2249 299 2312 sub
326 2271 366 2313 ea
392 2270 503 2331 causa,
530 2252 580 2331 ut,
608 2249 636 2312 si
659 2247 691 2311 id
714 2251 878 2331 repertum
900 2247 935 2310 in
958 2268 994 2311 eo
1018 2268 1085 2310 non

103 2339 168 2418 esset,
183 2338 371 2402 redderetur
384 2337 453 2402 tibi.
485 2339 513 2402 is
528 2359 602 2401 eum
620 2335 754 2401 tradidit
768 2336 931 2421 praefecto
946 2336 1083 2420 vigilum

101 2425 167 2503 quasi
183 2427 217 2490 in
230 2426 376 2491 facinore
391 2426 633 2509 deprehensum.
666 2425 847 2508 praefectus
862 2425 997 2508 vigilum
1011 2447 1084 2488 eum

100 2528 197 2578 ummo
225 2516 384 2598 supplicio
413 2515 541 2580 adfecit.
585 2535 662 2600 ages
693 2535 767 2578 cum
790 2512 883 2578 Attio
912 2513 988 2577 dare
1011 2535 1084 2578 eum

99 2597 140 2662 tibi
166 2608 327 2687 oportere,
360 2604 436 2688 quia
468 2607 502 2668 et
534 2607 607 2668 ante
640 2606 778 2668 mortem
812 2603 887 2666 dare
918 2601 981 2666 tibi
1011 2623 1084 2666 eum

99 2693 260 2770 oportuerit
296 2691 405 2756 Labeo
428 2693 474 2756 ait
492 2713 589 2775 posse
608 2693 707 2756 etiam
726 2692 767 2755 ad
786 2691 1001 2755 exhibendum
1021 2691 1084 2775 agi,

50 2816 52 2821 ·
98 2779 223 2858 quoniam
251 2780 364 2846 fecerit
392 2803 455 2864 quo
484 2781 589 2845 minus
619 2780 793 2846 exhiberet.
844 2780 900 2843 sed
927 2777 1083 2844 Proculus

96 2863 147 2930 tari
170 2873 318 2952 oportere
345 2870 393 2934 ita
420 2870 480 2951 ait,
508 2871 538 2934 si
564 2870 696 2933 fecisses
723 2869 790 2934 eius
813 2868 979 2933 hominem
1005 2868 1083 2953 [quo

95 2971 150 3020 essu
171 2958 210 3022 ad
231 2956 449 3022 exhibendum
468 2978 563 3042 agere
582 2963 615 3022 te
634 2980 699 3022 non
716 2957 863 3041 posse?];
887 2957 941 3020 sed
962 2958 990 3020 si
1008 2962 1084 3020 tuus

94 3047 257 3131 mansisset,
290 3047 388 3111 etiam
415 3047 496 3112 furti
523 3053 556 3110 te
584 3052 731 3111 acturum
759 3068 832 3110 curn
860 3066 911 3127 eo,
946 3046 1022 3128 quia
1049 3066 1083 3108 re

93 3130 177 3198 aliena
198 3137 247 3200 ita
269 3135 313 3199 sit
335 3157 422 3219 usus,
445 3139 482 3200 ut
505 3135 601 3199 sciret
625 3157 658 3199 se
682 3135 784 3200 invito
808 3135 938 3199 domino
961 3135 1008 3197 uti
1028 3138 1084 3198 aut

92 3216 237 3289 dominum
260 3224 289 3290 si
312 3225 410 3289 sciret
432 3224 672 3308 prohibiturum
696 3246 774 3288 esse.

161 3334 243 3406 Quae
266 3337 350 3395 uncis
374 3336 483 3396 inclusi
508 3335 650 3395 additicia
674 3353 738 3394 csse
760 3335 882 3394 Pernice
906 3336 1014 3393 censet.

147 3548 158 3594 l
177 3540 225 3596 Fr.
245 3541 270 3594 si
288 3540 373 3596 nullo.
