2430 3944
164 193 229 258 502
268 193 301 248 V.
320 192 469 248 NERVAE
488 191 535 246 ET
553 192 707 247 TRAIANI
724 192 832 248 ΤΕΜΡ.
851 191 948 248 IURIS
968 192 1148 249 CONSULTI

165 364 298 421 aeterum
315 361 395 420 inter
414 379 464 420 eos
479 361 530 436 qui
544 363 576 419 et
588 361 798 437 Epistularum
811 363 842 420 et
856 360 1075 430 Quaestionum
1088 362 1174 421 libros

166 451 331 525 ediderunt,
341 448 502 509 Africanus
512 469 629 526 quoque
639 450 841 509 numerandus
850 453 904 509 est.
920 449 1174 510 cf.P.1.2-121.

163 539 254 598 huius
282 539 400 616 generis
425 538 518 597 libros
546 558 618 596 num
640 537 807 597 Mommsen
830 537 861 598 Z.
880 537 899 597 f.
920 536 982 598 ΗΘ.
1001 539 1054 617 ΙΧ,
1073 541 1115 599 93
1129 558 1175 617 sq.,

164 628 213 687 eui
240 627 377 705 Krueger
403 648 432 703 p.
455 628 516 686 132
550 626 766 703 adstipulatur,
799 627 969 686 scholarum
1003 629 1075 687 usui
1102 632 1173 688 recte

164 717 315 775 attribuat
337 707 630 794 (‘Aufzeiohnungen
653 716 706 775 der
728 734 788 776 von
812 716 870 774 deu
888 715 1008 775 Hdrem
1031 716 1173 794 gethanen

165 805 284 881 Fragor
312 805 372 863 und
397 805 449 863 der
472 823 532 864 von
554 803 622 863 dem
645 804 758 864 Lehrer
782 804 942 864 ertheilten
964 799 1173 886 Antworten'),

162 893 195 952 in
217 894 331 952 incerto
354 894 501 969 relinquo.

257 980 412 1058 Capitibus
442 1000 479 1041 ex
510 981 574 1040 iure
606 981 758 1056 praetorio
788 982 955 1058 desumptis
982 982 1059 1042 iuris
1088 984 1171 1045 civilis

163 1072 311 1147 quaedam
334 1070 438 1130 addita
461 1089 525 1130 esse
549 1072 683 1146 apparet.

590 1264 700 1324 Liber
721 1264 749 1327 Ι.

514 1382 564 1448 De
585 1384 675 1449 rebus
697 1384 827 1450 creditis.

254 1502 281 1563 1.
309 1499 348 1563 D.
365 1499 415 1579 12,
432 1501 459 1580 1,
476 1500 504 1578 1,
520 1500 548 1563 1.
593 1498 754 1584 Ulpianus
778 1499 861 1564 libro
884 1500 1065 1566 vicensimo
1089 1504 1167 1567 sexto

163 1589 203 1652 ad
219 1588 358 1652 edietum
375 1584 423 1674 (P.
440 1585 528 1674 755).
542 1625 585 1633 —
600 1640 606 1652 .
623 1636 629 1652 .
645 1636 653 1652 .
673 1591 710 1652 ut
723 1587 807 1652 libro
821 1589 928 1672 primo
944 1587 1167 1663 Quaestionum

164 1675 277 1741 Celsus
301 1677 361 1761 ait,
386 1675 533 1741 credendi
557 1676 719 1761 generalis
742 1677 918 1762 appellatio
944 1681 1006 1742 est.

576 1877 686 1936 Liber
708 1877 763 1936 IV.

215 1997 304 2077 Quod
324 2018 393 2062 oum
416 2017 450 2061 eo
471 1997 526 2077 qut
548 1997 583 2060 to
605 1997 710 2060 aliam
726 2001 873 2078 potestate
895 2003 939 2062 est
961 2000 1118 2081 nepotiani

492 2089 610 2167 gestum
633 2106 694 2150 esse
717 2087 841 2150 dicetur.

253 2200 295 2264 2?
322 2200 362 2264 D.
379 2201 429 2285 14,
444 2201 473 2276 6,
489 2201 567 2282 lpr.
608 2200 769 2284 Ulpianus
791 2201 875 2265 libro
894 2201 1074 2267 vicensimo
1093 2221 1165 2266 nono

166 2291 206 2356 ad
234 2290 373 2354 edietum
403 2286 452 2376 (P.
467 2287 576 2374 87612).
601 2326 639 2335 -
666 2340 695 2356 ..
720 2289 748 2353 si
775 2289 862 2353 filius
888 2290 1032 2354 familias
1056 2291 1166 2356 fideius-

165 2380 256 2463 serit,
283 2376 438 2443 Neratius
466 2379 549 2442 libro
577 2379 682 2462 primo
712 2383 744 2442 et
775 2379 914 2443 seeundo
937 2378 1166 2463 Responsorun

166 2489 291 2532 cessare
307 2470 437 2531 senatus
452 2468 636 2531 consultum
650 2465 708 2552 (sc.
718 2465 1000 2552 Macedonianum)
1017 2469 1073 2535 ait.
1096 2467 1166 2532 idem

164 2555 277 2621 Oelsus
300 2556 383 2620 libro
407 2560 531 2639 quarto.

252 2675 344 2735 Lenel
367 2677 570 2754 fragmentum
593 2677 722 2736 fortasse
744 2677 980 2753 Responsorum,
1005 2677 1165 2752 neutiquam

163 2765 359 2842 Digestorum
400 2765 487 2824 libris
530 2764 755 2824 attribuendum
797 2784 862 2824 esse
898 2769 998 2843 notat,
1042 2760 1164 2842 ‘quorun

164 2854 242 2913 libro
265 2853 310 2911 IV
337 2854 513 2912 hereditatis
541 2854 649 2929 petitio
677 2848 850 2914 tractatur'.
901 2857 982 2913 certe
1011 2855 1164 2932 fragmenta

163 2944 224 3001 tria
251 2943 281 3000 in
305 2942 465 3002 iustiniani
487 2942 623 3018 Digestis
651 2942 722 3002 huie
750 2942 958 3002 antecedentia
982 2962 1019 3002 ex
1043 2940 1161 3014 Quaesti-

167 3050 258 3091 onum
280 3031 365 3091 libris
390 3032 549 3107 desumpta
573 3035 653 3090 sunt.

573 3227 680 3286 Liber
703 3226 771 3287 XII.

537 3344 587 3410 De
609 3347 803 3413 testamentis.

254 3461 282 3524 3.
307 3460 346 3524 D.
361 3459 414 3540 28,
427 3458 457 3544 5,
473 3462 503 3543 9,
517 3462 546 3524 2.
570 3459 730 3545 Ulpianus
744 3461 828 3526 libro
844 3462 959 3546 quinto
971 3463 1012 3527 ad
1024 3461 1156 3527 Sabinum

162 3545 212 3637 (P.
234 3546 365 3639 24600).
394 3586 437 3596 —
466 3600 500 3615 ..
527 3549 555 3613 si
583 3572 649 3614 non
676 3551 710 3614 in
739 3572 872 3634 corpore
900 3553 1036 3637 erravit,
1062 3548 1110 3616 sed
1131 3545 1155 3606 in
