2430 3944
477 127 503 176 7.
520 118 708 176 PROOULUS
1032 121 1096 186 135

51 305 57 349 τ
118 304 167 349 ern
181 284 315 349 insulam
329 284 434 367 fulsit,
452 305 548 368 quam
563 283 711 349 dominus
726 281 820 367 quasi
834 283 939 367 impar
953 284 1097 370 sumptui

46 394 63 437 τ
114 372 292 458 dereliquerit
320 373 372 437 vel
402 395 499 458 quam
526 373 589 437 sibi
616 372 830 437 necessariam
858 394 923 437 nou
946 373 1096 456 putavit?

111 464 229 542 oracod,
246 462 363 547 inquit,
379 462 541 528 dmnioam
558 463 723 527 acuendam
737 461 890 526 Labeonis
906 463 1096 546 concurrum,

108 569 157 652 aar
181 551 344 634 animique
372 551 463 616 liccat
488 556 518 616 et
544 551 654 616 domm
683 551 788 632 infecti
814 551 939 615 nomine
962 571 1027 616 rcm
1049 553 1097 616 de-

46 682 59 721 ³
108 639 356 834 mmmmm
379 733 428 792 hic
450 734 603 812 proposui,
626 752 696 793 cum
718 734 818 792 locum
836 733 1096 810 magis‘idoueum

46 861 51 879 .
108 837 210 881 cauam

172 924 222 989 13.
244 922 284 988 D.
299 923 375 1008 3,5,
390 923 442 988 10.
479 922 678 1006 Pomponius
697 923 780 987 libro
798 923 974 988 vicensimo
988 923 1095 1006 primo

106 1009 297 1088 edQuintum
322 1011 465 1077 Mucium
490 1009 540 1099 (P.
554 1012 643 1096 278).
669 1049 707 1058 —
734 1010 770 1077 Si
795 1012 928 1096 negotia
952 1011 1096 1076 absentis

105 1100 329 1184 dignorantis
362 1121 471 1186 geras,
503 1104 537 1165 et
568 1101 695 1184 culpam
728 1106 761 1165 et
792 1101 902 1166 dolum
930 1106 1096 1184 praestare

105 1185 187 1254 tobes.
227 1190 284 1254 sed
306 1188 464 1256 Proculus
486 1190 649 1255 interdum
673 1189 771 1254 etiam
795 1210 905 1254 casum
929 1192 1096 1272 praestare

105 1275 204 1363 dedere,
222 1279 326 1344 veluti
345 1279 375 1343 si
392 1300 513 1344 novum
532 1278 710 1364 negotium,
728 1278 813 1363 quod
832 1300 898 1343 non
917 1280 961 1342 sit
979 1277 1095 1342 solitus

105 1364 196 1431 ebreus
222 1367 345 1451 facere,
377 1370 413 1432 tu
440 1367 571 1432 nominc
599 1366 667 1431 eius
695 1388 805 1451 geras,
836 1366 938 1431 ueluti
966 1367 1095 1432 venales

105 1454 222 1520 novicios
241 1456 417 1521 coemendo
437 1457 488 1520 vel
507 1456 650 1540 aliquam
667 1456 924 1540 negotiationem
943 1455 1093 1521 ineundo.

46 1568 49 1589 ¹
106 1560 158 1607 cem
186 1545 214 1608 si
247 1544 323 1629 quid
356 1544 509 1611 damnum
542 1566 582 1611 ex
613 1566 651 1609 ea
680 1566 715 1609 re
743 1547 887 1610 secutum
915 1544 1028 1626 fuerit,
1064 1550 1096 1610 te

46 1685 49 1695 .
106 1637 240 1717 curetur,
258 1635 385 1698 lucrum
404 1655 479 1698 vero
499 1634 680 1717 absentcm3
700 1633 786 1718 quod
805 1633 882 1697 siin
897 1633 1093 1717 quibusdam

107 1715 202 1786 lucum
224 1721 348 1787 factum
370 1722 483 1806 fuerit,
510 1723 546 1786 iu
569 1721 762 1807 quibusdam
786 1720 949 1804 damnum,
976 1723 1092 1788 absens

107 1825 215 1888 murare
239 1811 368 1876 lucrum
391 1833 465 1877 cum
489 1810 607 1876 damno
632 1810 737 1876 debet

170 1921 385 1999 Prugmeutum
407 1921 514 1981 iisdem
538 1922 624 1983 fibris
646 1923 767 1984 ridetur
790 1921 1026 1982 attribuendum.

481 2057 531 2123 De
552 2058 700 2122 socictate.

46 2161 49 2168 ’
174 2163 221 2228 14.
250 2163 291 2229 Ι).
312 2166 363 2246 17,
382 2164 413 2248 2,
432 2164 485 2247 65,
502 2164 534 2230 5.
578 2163 698 2229 Paulus
726 2165 810 2228 libro
833 2164 1025 2250 trigensimo
1050 2187 1096 2230 se-

46 2248 52 2328 ]
109 2250 185 2316 cundo
212 2252 252 2317 ad
281 2253 422 2319 edictum
451 2251 498 2336 (P.
516 2250 608 2340 495).
633 2289 672 2300 —
700 2253 809 2318 Labeo
830 2253 1095 2337 ..posteriorum

46 2393 50 2401 .
107 2332 173 2404 htris
195 2341 337 2426 scripsit,
360 2342 389 2406 si
412 2342 646 2406 renuntiaverit
669 2341 816 2407 societati
837 2364 921 2406 unus
941 2364 979 2406 cx
998 2342 1094 2408 sociis

46 2426 48 2431 ’
107 2444 131 2489 co
148 2431 296 2514 tempore,
319 2452 383 2514 quo
407 2429 557 2496 interfuit
580 2429 659 2495 socii
682 2451 749 2495 uon
770 2430 877 2495 dirimi
898 2432 1095 2515 societatem,

106 2521 282 2583 committere
305 2540 379 2583 eum
402 2519 438 2583 in
460 2541 520 2602 pro
543 2519 630 2584 socio
650 2520 791 2603 actionc3
814 2541 890 2584 nem
909 2522 937 2584 si
957 2521 1094 2585 emimus

104 2607 241 2690 mancipia
278 2607 362 2671 inita
399 2608 566 2690 societate,
602 2607 715 2672 deinde
747 2608 911 2673 renunties
944 2609 1024 2672 mihi
1057 2631 1094 2674 eo

104 2692 236 2779 tempore,
259 2718 323 2779 quo
344 2696 481 2760 vendere
500 2696 663 2780 mancipia
682 2719 747 2761 non
766 2697 903 2781 expedit,
927 2697 989 2763 hoc
1009 2720 1094 2781 casu,

103 2781 159 2862 quia
188 2784 381 2850 deteriorem
415 2807 547 2850 caucam
581 2807 687 2850 meam
714 2786 809 2870 facis,
845 2787 949 2850 teneri
976 2791 1008 2850 te
1035 2809 1094 2870 pro

102 2871 169 2937 socio
201 2872 330 2938 iudicio.
381 2872 538 2939 Proculus
569 2875 631 2940 hoc
660 2875 707 2939 ita
736 2896 845 2939 verum
874 2896 944 2939 esse
973 2877 1032 2959 ait,
1065 2876 1092 2939 si

46 3008 48 3015 .
100 2959 244 3026 societatis
268 2983 333 3026 non
356 2962 486 3027 intersit
509 2962 617 3026 dirimi
636 2965 838 3047 societatem3
863 2985 991 3047 semper
1009 2965 1094 3028 enim

46 3046 48 3053 '
99 3064 150 3112 uon
170 3050 212 3131 id,
236 3050 322 3133 quod
344 3050 498 3133 privatim
516 3053 652 3116 interest
671 3052 765 3116 unius
785 3074 824 3116 cx
843 3053 948 3136 sociis,
972 3053 1094 3118 servari

98 3137 177 3223 solet,
199 3139 256 3203 sed
281 3139 366 3222 quod
390 3139 539 3205 societati
563 3139 700 3225 expedit.

488 3278 539 3346 Dc
560 3283 685 3364 nuptiis.

169 3387 220 3453 15.
243 3385 284 3451 D.
300 3389 330 3467 1,
344 3387 374 3470 9,
389 3388 418 3470 7,
435 3388 462 3453 1.
503 3386 664 3472 Ulpianus
688 3388 774 3454 libro
797 3389 903 3472 primo
927 3388 966 3452 ad
990 3395 1093 3471 legem

94 3467 196 3540 Iuliam
235 3480 268 3539 et
300 3474 436 3559 Papiam
468 3473 518 3562 (P.
544 3472 669 3563 1977b).
701 3513 746 3524 —
778 3527 785 3541 .
811 3529 817 3542 .
840 3478 947 3542 Labeo
980 3475 1093 3539 scribit
