2430 3944
103 202 168 267 310
204 202 237 257 V.
256 201 405 256 NERVAE
425 199 472 255 nt*
492 198 643 256 TRAIANI
661 198 768 256 ΤΕΜΡ.
787 198 884 255 IURlS
904 196 1084 254 CONSULTI

190 366 219 431 3.
243 365 283 431 D.
293 364 399 445 ibide
412 366 439 428 l.
462 397 499 409 —
522 360 583 426 Sed
608 367 640 426 et
658 362 687 426 si
706 365 836 426 curator
855 384 874 427 a
893 365 996 426 matre
1015 365 1115 428 testa·

100 456 209 518 mento
235 453 328 519 datus
353 453 396 518 sit
418 452 493 517 filiis
517 452 595 535 eius,
618 451 746 516 decreto
770 451 982 516 confirmatur
1005 473 1044 516 ex
1066 453 1115 516 in·

99 541 282 626 quisitione.

514 668 623 728 Liber
645 667 699 730 IV.

469 770 518 836 De
540 770 743 836 sernitntdnts.

187 881 218 945 4.
242 878 279 943 D.
290 879 320 962 8,
330 877 443 960 3‚2pr.
484 874 640 942 Neratius
663 876 747 941 libro
769 880 884 960 quarto
902 875 1115 973 Regularum.

98 997 142 1018 ·-
156 969 362 1034 Rustioorum
381 965 586 1050 praediorum
606 965 777 1030 servitutes
793 968 881 1030 suut:
895 964 992 1030 licere
1015 965 1114 1030 altius

99 1059 213 1124 tollere
237 1060 269 1121 et
292 1055 420 1120 officere
443 1054 606 1138 praetorio
628 1053 735 1136 vieini,
759 1053 811 1118 vel
830 1054 974 1119 eloacam
992 1053 1115 1118 habere

100 1146 196 1212 licere
215 1167 272 1229 per
290 1143 388 1208 vieini
407 1144 538 1208 domum
556 1142 609 1207 vel
627 1143 836 1226 praetorium,
858 1143 910 1207 vel
928 1146 1114 1227 protectum

97 1235 217 1300 habere
240 1234 342 1297 licere.

186 1322 216 1388 5.
238 1321 278 1386 D.
288 1319 394 1400 ibide
407 1323 436 1385 1.
457 1357 495 1366 -
521 1320 632 1403 Aquae
656 1318 769 1383 duetus
794 1323 827 1383 et
848 1318 984 1384 haustus
1009 1341 1113 1404 aquae

99 1432 159 1498 per
181 1410 316 1475 eundem
338 1411 446 1474 locum
469 1413 506 1473 ut
527 1408 671 1490 dueatur,
694 1408 791 1472 etiam
812 1408 962 1491 pluribus.
979 1407 1113 1474 concedi

102 1497 151 1588 (in
171 1499 240 1564 iure
260 1495 370 1585 aedil)
388 1500 508 1580 potest.
531 1500 639 1581 potest
658 1497 767 1579 etiam,
786 1502 823 1561 ut
842 1496 978 1562 diversis
999 1497 1113 1562 diebus

99 1589 150 1653 vol
173 1587 262 1652 horis
286 1586 431 1651 dueatur.
478 1586 505 1649 si
528 1606 631 1668 aquae
650 1584 763 1650 duetus
781 1585 833 1649 vel
852 1585 989 1650 haustus
1008 1608 1113 1670 aquae

97 1675 260 1742 sufficiens
290 1677 355 1758 est,
381 1677 490 1758 potest
518 1677 550 1738 et
576 1673 722 1756 pluribus
759 1695 815 1757 per
842 1674 978 1738 eundem
1006 1675 1114 1739 loeum

99 1764 229 1831 concedi
252 1759 301 1850 (in
323 1763 392 1827 iure
416 1760 533 1848 aedil),
556 1766 593 1826 ut
615 1767 648 1827 et
670 1762 786 1826 iisdem
811 1762 923 1827 diebus
946 1762 998 1827 vel
1021 1762 1113 1828 horis

97 1853 239 1919 dueatur.

519 1961 627 2021 Liber
649 1961 685 2021 V.

326 2063 377 2129 De
398 2065 586 2147 adquirendo
609 2084 713 2128 annm
735 2064 880 2129 dominio.

185 2172 214 2237 6.
246 2170 286 2235 D.
300 2172 353 2253 41,
370 2173 399 2251 1,
415 2171 465 2235 15.
507 2168 597 2234 Idem
618 2167 676 2255 (se.
696 2164 863 2255 Neratius)
887 2169 972 2234 libro
997 2171 1111 2254 quinto

95 2260 303 2344 Regularum.
329 2295 369 2305 -
395 2258 459 2334 Qui
482 2308 512 2323 ..
535 2260 570 2323 in
596 2259 669 2341 ripa
695 2257 837 2322 fluminis
862 2257 1021 2343 aedificat,
1045 2282 1112 2324 non

96 2370 190 2414 suum
213 2349 302 2413 facit.

187 2438 214 2501 7.
238 2436 277 2501 D.
288 2438 341 2520 41,
352 2437 380 2519 3,
390 2437 443 2501 40.
485 2433 637 2499 Neratius
662 2434 747 2499 libro
771 2435 883 2519 quinto
902 2434 1112 2520 Regularum.

96 2561 139 2573 -
149 2523 307 2610 Coeptam
321 2523 550 2609 usucapionem
564 2546 584 2587 a
594 2522 744 2588 defuncto
754 2545 850 2607 posse
860 2528 893 2588 et
903 2528 978 2589 ante
989 2525 1112 2590 aditam

95 2614 306 2679 hereditatem
329 2614 458 2698 impleri
480 2611 693 2678 constitutum
715 2615 774 2676 est.

510 2813 620 2872 Liber
644 2812 695 2871 VI.

391 2915 441 2980 De
463 2915 612 2997 emptione
634 2915 809 2978 venditione.

183 3023 213 3086 8.
236 3021 338 3103 D.41‚
350 3022 377 3103 1,
390 3022 431 3086 13
438 3043 484 3104 pr.
520 3018 674 3084 Neratius
693 3018 776 3083 libro
797 3023 887 3084 sexto
902 3018 1109 3106 Regularum.

94 3147 134 3159 -
166 3108 201 3174 si
229 3114 419 3193 procurator
446 3131 514 3173 rem
541 3108 621 3173 mihi
649 3108 764 3171 emerit
792 3129 830 3172 ex
858 3109 1013 3175 mandato
1037 3132 1108 3175 meo

14 3256 17 3261 .
96 3201 187 3283 eique
212 3199 255 3262 sit
277 3198 397 3262 tradita
421 3220 492 3262 meo
516 3198 661 3280 nomine,
685 3196 861 3260 dominium
885 3197 965 3262 mihi
989 3198 1037 3283 [id
1061 3203 1110 3263 est

94 3289 293 3372 proprietas]
319 3285 499 3370 adquiritur
522 3287 620 3350 etiam
643 3286 816 3369 ignoranti.

184 3377 213 3440 9.
237 3375 275 3440 D.
291 3376 368 3439 ibid.
383 3377 403 3455 ξ
420 3376 448 3439 1.
475 3411 513 3420 -
536 3374 694 3439 natator
716 3373 832 3457 pupilli
854 3375 999 3458 pupillae
1022 3375 1109 3440 simi·

95 3465 171 3531 liter
203 3469 241 3529 ut
272 3467 462 3548 procurator
496 3462 627 3527 emendo
660 3462 790 3526 nomine
820 3463 936 3547 pupilli
963 3465 1107 3549 pupillae

94 3554 328 3639 proprietatem
351 3552 417 3617 illis
441 3551 582 3636 adquirit
605 3552 702 3616 etiam
725 3551 963 3635 ignorantibus.
