2430 3944
445 185 470 235 5.
494 177 613 234 TITIUS
631 178 763 234 Afflsro
1044 180 1110 246 359

182 341 234 406 82.
263 339 301 406 D.
315 341 370 425 44,
383 342 414 424 2,
429 341 460 426 9,
475 343 502 406 1.
548 340 707 426 Ulpianus
735 342 820 407 libro
845 344 1109 430 septuagensimo

88 429 206 515 quinto
226 427 618 517 1111111111(Ρ.1661).
641 467 678 478 -
701 429 735 496 Si
755 430 826 515 quis
845 429 991 515 fundum,
1013 454 1110 517 quem

87 519 230 604 putabat
257 540 292 584 se
321 519 500 603 possidere,
528 519 720 601 defenderit,
748 541 825 584 mox
847 521 974 603 emerit,
1001 543 1037 586 re
1061 543 1108 587 se·

87 608 230 698 cundum
257 606 429 692 petitorem
456 607 599 673 iudicata
623 630 665 672 an
686 609 857 674 restituere
880 608 1039 693 cogatur?
1076 614 1110 676 et

87 698 137 762 ait
151 695 318 778 Neratius,
336 697 363 761 si
383 697 487 762 actori
505 697 624 761 iterum
642 696 768 782 petenti
787 697 948 764 obiciatur
962 698 1108 782 exceptio

86 786 135 850 rei
159 785 334 869 iudicatae,
358 786 514 870 replicare
538 808 611 851 eum
636 789 787 871 oportere
810 786 849 851 de
872 808 908 851 re
932 787 1109 852 secundum

86 897 122 940 se
147 874 298 940 iudicata.

179 969 247 1029 Duo
270 969 442 1046 fragmenta
465 968 671 1028 antecedentia
689 968 932 1028 Membranarum
955 969 1033 1029 libro
1048 970 1108 1030 VII

85 1057 181 1116 Lenel
204 1057 357 1135 attribuit,
380 1057 497 1117 ratione
520 1076 580 1117 non
603 1057 678 1116 satis
701 1056 809 1117 idonea
831 1058 923 1118 nisus.

453 1229 632 1295 [admotam
654 1229 740 1295 solvi.

178 1336 230 1402 83.
253 1335 292 1401 Ι).
304 1336 334 1420 3,
345 1337 438 1419 3,21,
451 1339 477 1400 1.
513 1335 675 1422 Ulpianus
695 1335 780 1401 libro
799 1358 886 1402 nono
906 1337 947 1402 ad
965 1338 1105 1403 edictum

84 1421 137 1512 (P.
158 1423 249 1510 311).
274 1457 320 1471 -
347 1424 381 1490 Si
409 1447 449 1489 ex
474 1429 567 1509 parte
596 1425 715 1490 actoris
744 1425 813 1490 litis
840 1427 1011 1492 translatio
1038 1427 1106 1511 fiat,

83 1511 224 1579 dicimus
247 1514 407 1579 committi
430 1513 607 1579 iudicatum
632 1513 714 1579 solvi
738 1514 983 1600 stipulationem
1006 1537 1025 1580 a
1048 1538 1104 1581 reo

82 1601 221 1684 factam,
244 1603 340 1686 idque
364 1651 393 1666 ..
417 1601 572 1668 Neratius
595 1601 722 1687 probat

175 1695 298 1774 Ulpiani
321 1697 414 1756 verba
436 1696 526 1773 plena
549 1698 631 1756 sunt:
655 1690 757 1757 ε11Ν.
781 1698 890 1773 probat
912 1701 944 1757 et
964 1698 1103 1760 Iulianus

81 1788 116 1844 et
138 1784 196 1844 hoc
218 1785 284 1844 iure
307 1784 424 1844 utimur
447 1779 489 1844 ..⁹

377 2061 416 2144 5.
456 2065 613 2138 TITIUS
641 2065 812 2139 ARISTO

174 2209 270 2270 Cassii
284 2210 422 2289 Longini,
438 2215 472 2270 ut
486 2211 614 2285 videtur,
630 2211 749 2271 auditor
764 2202 935 2292 (D.4,8,40
951 2205 1100 2270 ‘Cassium

81 2299 204 2359 audisse
232 2318 263 2359 se
292 2300 439 2359 dicentem
468 2300 571 2359 Aristo
599 2294 663 2360 ait’.
709 2300 746 2358 D.
762 2303 813 2377 17,
829 2301 858 2377 2,
874 2302 960 2377 19,2
985 2293 1100 2360 ‘Aristo

80 2390 178 2448 refert
202 2386 337 2448 Cassium
361 2380 588 2469 respondisse'),
612 2382 856 2467 ‘haudquaquam
880 2388 1018 2448 indoctus
1042 2383 1100 2449 vir'

81 2471 387 2556 (G011.11‚18,2),
420 2472 633 2555 ‘peritissimus
665 2477 777 2554 privati
808 2477 883 2536 iuris
917 2479 949 2536 et
974 2473 1101 2553 publici'

79 2563 280 2645 (Plin.ep.8,
298 2568 338 2626 14
362 2567 399 2626 cf.
415 2571 444 2644 1,
460 2559 548 2644 221),
573 2565 664 2625 Plinii
685 2566 807 2643 amicus,
830 2565 1003 2625 litterarum
1023 2586 1100 2627 com-

78 2655 193 2714 mercio
217 2655 393 2715 coniunctus
415 2674 483 2714 oum
506 2653 633 2714 Cerellio
657 2655 752 2714 Vitali
776 2647 825 2734 (D.
842 2655 871 2727 8,
887 2657 916 2732 5,
931 2655 959 2731 8,
976 2649 1019 2733 5),
1042 2655 1101 2715 Ne-

78 2743 160 2802 ratio
188 2743 326 2820 Appiano
350 2734 400 2824 (D.
420 2746 472 2821 40,
492 2746 521 2818 4,
541 2734 608 2825 46),
636 2741 723 2803 Celso
750 2743 813 2803 filio
837 2737 887 2824 (D.
908 2746 937 2821 2,
958 2744 1008 2821 14,
1028 2747 1055 2821 1,
1071 2747 1100 2805 2.

80 2833 134 2910 40,
155 2835 183 2908 7,
204 2835 253 2905 ao,
275 2823 323 2912 1),
349 2832 474 2892 Neratio
502 2832 603 2892 Prisco
630 2825 680 2906 (n.
697 2834 747 2908 20,
768 2834 797 2910 5,
817 2833 846 2891 e.
867 2834 917 2909 19,
938 2835 967 2910 a,
988 2835 1038 2910 19,
1054 2824 1099 2913 a),

78 2923 132 2998 qui
155 2924 242 2980 tanta
265 2940 333 2980 oum
357 2921 536 2980 auctoritate
558 2920 764 2996 respondendo
789 2939 911 2998 operam
935 2920 1039 2997 dabat,
1064 2927 1099 2981 ut

76 3011 127 3069 vel
151 3029 169 3068 a
192 3009 327 3085 principe
350 3010 479 3069 Traiano
503 3002 972 3090 1ο111111111111111.37,12,5),.
1004 3010 1098 3070 libros

77 3117 198 3176 quoque
231 3099 411 3176 composuit,
449 3117 578 3176 quorum
610 3098 646 3157 do
678 3098 797 3158 nomine
831 3101 862 3157 et
893 3098 992 3158 indole
1023 3099 1099 3158 certi

76 3186 155 3247 nihil
181 3188 330 3246 traditum
359 3189 413 3247 est.
460 3187 538 3246 cirea
562 3190 645 3247 197
669 3187 774 3247 morbo
797 3187 842 3246 ita
863 3186 1033 3263 laborabat,
1062 3191 1097 3246 ut

77 3276 115 3335 de
138 3275 204 3337 vita
225 3280 331 3352 sponte
350 3275 481 3335 finienda
499 3276 655 3353 cogitaret.
693 3276 807 3354 quade
826 3294 859 3334 re
877 3275 993 3334 Plinius
1014 3278 1041 3348 1,
1055 3278 1095 3334 22

77 3363 188 3424 Catilio
212 3363 322 3423 Severo
346 3383 399 3424 suo
422 3364 496 3423 haec
520 3365 653 3441 scripsit:

168 3446 240 3511 ‘Diu
263 3453 324 3512 iam
347 3454 378 3513 in
400 3454 475 3513 urbe
498 3453 606 3513 haereo
630 3458 661 3512 et
684 3452 805 3531 quidem
828 3451 984 3512 attonitus.
1027 3470 1096 3526 per-

76 3543 183 3602 turbat
204 3561 252 3601 me
271 3543 363 3620 longa
381 3545 412 3602 et
430 3543 568 3617 pertinax
586 3541 721 3602 valitudo
742 3541 804 3600 Titi
822 3541 982 3617 Aristoma,
1006 3559 1096 3618 quem
