2430 3944
399 197 424 249 θ.
446 190 654 248 IAVOLENUS
673 191 822 248 muscas
1051 192 1118 258 443

96 355 276 438 aedificium
298 355 477 438 impositam
498 360 551 436 est,
573 360 738 438 atmmqm
754 318 908 421 detabitm
924 361 954 421 et
970 357 1071 422 salam
1089 361 1119 422 et

95 445 305 526 summum·
409 514 460 580 De
480 515 643 581 hereditate
664 515 810 581 vendita?

191 622 242 687 16.
264 619 304 686 D.
318 621 349 706 5,
363 623 393 704 3,
407 622 460 686 48.
502 621 674 687 Iavolenus
697 621 782 687 libro
805 621 906 687 tertio
930 643 969 686 ex
992 619 1115 687 Cassio.

94 746 144 760 -
166 710 211 775 Ia
232 711 496 776 aestimationibus
518 710 696 776 hereditatis
717 711 763 775 ita
784 712 869 776 venit
884 712 1022 792 pretium
1045 732 1116 776 aaa·

94 801 182 864 ditae
203 797 387 883 hereditatis,
410 804 445 863 at
466 801 501 864 iet
521 820 639 882 qaoque
660 801 790 884 accedat,
812 800 894 881 qaod
909 800 984 882 pias
999 799 1066 880 fait
1081 801 1118 865 im

94 888 271 971 hereditate,
293 889 323 953 si
345 909 382 953 ea
403 889 617 972 aeyatiatiaais
639 909 734 953 caasa
755 890 865 966 veniit;
887 889 937 953 sia
960 893 1062 953 autem
1080 908 1118 954 aa

93 977 326 1061 {ideammissi
347 997 451 1059 caasa,
473 976 554 1042 mitit
577 977 714 1060 amplias
735 997 831 1059 qaam
852 978 933 1060 qaod
954 977 1035 1043 boma
1056 977 1117 1059 tide

94 1071 222 1148 “W“
425 1135 476 1202 m
496 1136 660 1202 serame
682 1136 790 1202 aseae

191 1244 240 1307 17.
264 1241 303 1307 D.
317 1244 369 1327 38,
384 1244 415 1328 2,
429 1243 480 1308 34.
517 1242 690 1309 Iavolenus
711 1243 795 1308 libro
815 1242 913 1308 tertio
933 1264 972 1308 ex
992 1241 1116 1310 Cassia

93 1366 143 1380 -
165 1329 204 1396 Si
226 1331 358 1416 itherius,
381 1352 450 1397 sam
468 1333 545 1398 daos
556 1336 708 1415 patronos
726 1331 855 1414 haberet,
877 1333 1012 1397 aiteram
1025 1353 1117 1414 prae·

96 1421 191 1504 terit,
213 1421 345 1486 aitemm
368 1441 405 1486 ea
427 1422 550 1487 semisse
569 1421 642 1502 feeit
663 1420 800 1485 heredem
817 1425 846 1486 et
863 1421 955 1487 alteri
971 1425 1116 1487 estraaaa

93 1510 253 1576 semissem
264 1509 433 1594 dereliquit,
446 1511 579 1593 striatas
588 1511 710 1592 quitiam
719 1514 873 1592 patramus
883 1507 1116 1595 quadrantem

93 1600 267 1663 immanem
297 1597 402 1676 itatem
433 1600 470 1664 de
499 1604 597 1664 cetera
623 1604 726 1664 autem
748 1603 840 1680 parte
860 1600 1005 1682 patroni,
1037 1620 1116 1681 qaae

93 1707 195 1772 supra
217 1687 350 1752 debitam
367 1687 397 1752 ei
413 1689 521 1752 relicta
537 1692 589 1766 est,
611 1693 641 1752 et
656 1688 693 1752 de
710 1688 834 1752 semisse
850 1693 994 1753 miramo
1012 1689 1115 1755 relicto

95 1776 191 1841 atteri
208 1781 342 1858 patrona
363 1797 422 1858 pra
442 1781 515 1840 rata
532 1777 675 1858 pastione
695 1776 843 1858 satisfieri
864 1781 985 1858 oportet.

515 1957 623 2017 Liber
646 1956 698 2018 IV.

463 2058 512 2124 De
534 2061 603 2124 iare
624 2060 751 2124 datiam.

189 2165 240 2229 18.
259 2163 297 2229 D.
308 2166 360 2248 23,
370 2165 401 2248 4,
415 2166 489 2250 lpr.
521 2164 693 2230 Iavolenus
708 2165 793 2231 libro
808 2169 924 2249 quarto
940 2186 979 2228 ex
989 2163 1112 2230 Cassio·

93 2291 139 2301 -
156 2251 282 2318 Pacisci
288 2259 363 2336 post
372 2256 508 2336 nuptias,
526 2255 650 2331 etiamsi
661 2253 743 2319 mihil
756 2259 828 2319 ante
841 2255 1019 2333 convenerit,
1038 2255 1115 2319 itaet.

189 2343 241 2408 19.
269 2342 308 2407 D.
326 2342 402 2407 ibid.
422 2347 442 2422 ξ
459 2346 487 2409 1.
513 2381 551 2389 -
576 2343 676 2408 Pacta
701 2364 781 2425 qaae
807 2345 844 2407 de
870 2344 1024 2408 reddatda
1048 2343 1116 2409 date

93 2433 194 2515 fiant,
221 2433 302 2496 inter
323 2452 427 2497 amnes
448 2434 519 2514 fieri
541 2437 668 2518 opertet,
694 2434 749 2514 qai
770 2437 901 2516 repetere
922 2434 1020 2497 dotem
1043 2437 1072 2496 et
1093 2454 1115 2497 a

94 2520 210 2604 quibus
231 2521 327 2603 repeti
342 2526 451 2605 potest,
474 2542 512 2586 me
535 2523 571 2603 ei,
593 2523 648 2604 qai
669 2541 733 2586 nom
755 2521 905 2603 interfait,
928 2522 1014 2603 ammi
1033 2520 1115 2586 arbi·

96 2616 185 2674 tram
207 2614 427 2691 eaqaaseemtem
443 2615 572 2692 pasticm
595 2630 658 2675 aaa
674 2611 785 2693 prosit.

188 2698 240 2762 20.
264 2697 302 2762 D.
317 2699 370 2781 23,
385 2699 414 2782 3,
429 2699 480 2763 64.
517 2697 689 2764 Iavolenus
704 2698 789 2763 libro
804 2702 921 2783 quarto
936 2719 975 2762 ex
989 2695 1113 2764 Cassio.

95 2823 142 2834 —
172 2784 250 2851 Post
278 2788 444 2852 disortium
475 2788 588 2852 matter
618 2789 648 2853 si
678 2789 715 2852 de
741 2789 808 2852 date
835 2787 1005 2871 [maritas]
1032 2787 1114 2852 attii

95 2875 181 2941 eavit
206 2880 246 2958 et,
275 2896 346 2940 sam
372 2876 432 2941 aiii
459 2877 624 2959 asmsisset,
645 2880 753 2957 postea
780 2878 824 2941 ad
845 2877 984 2958 priorem
1003 2878 1116 2942 ¹airam

94 2964 198 3041 rediit,
211 2965 310 3030 'tacite
332 2965 387 3030 das
408 2967 437 3029 ei
458 2966 692 3048 redimtearatar.

523 3146 632 3206 Liber
654 3147 691 3208 V.

517 3246 568 3313 De
590 3248 698 3313 tutelis.

188 3357 241 3420 21.
263 3354 301 3420 D.
317 3355 370 3432 26,
384 3355 414 3438 2,
429 3355 481 3419 24.
518 3352 689 3419 Iavolenus
709 3352 792 3419 libro
807 3355 920 3438 quinto
935 3376 974 3418 ex
989 3352 1114 3419 Cassio.

96 3481 141 3493 —
166 3443 204 3511 Si
221 3444 330 3527 piures
352 3448 463 3508 tatares
485 3444 556 3526 sint,
579 3464 600 3507 a
615 3448 759 3527 praetere
782 3440 931 3508 tutarem²
944 3444 1031 3525 passi
1049 3443 1115 3507 titis

142 3543 149 3576 '
172 3571 187 3618 1
208 3565 283 3621 Trib.
303 3563 427 3620 debitam
446 3563 500 3619 sibi
517 3566 637 3634 partem.
710 3569 728 3618 2
749 3563 827 3620 Trai
847 3565 1021 3619 emissem.
