2430 3944
107 207 175 273 474
210 207 243 264 V.
264 206 412 262 NERVAE
430 205 477 260 ET
494 205 646 260 TRAIANI
665 205 772 262 ΤΕΜΡ.
791 204 888 261 IURIS
907 203 1088 261 consum

479 388 530 452 De
551 388 744 470 usucapione.

195 505 249 569 26.
271 503 311 569 D.
320 504 373 587 41,
388 503 418 588 3,
432 504 483 568 20.
515 502 605 567 Idem
621 501 679 590 (so.
698 497 886 586 Iavolenus)
901 501 987 566 libro
1004 504 1118 585 quarto

106 593 337 677 Epistularum.
360 628 405 639 -
428 592 583 657 Possessio
610 591 762 656 testatoris
783 591 829 655 ita
851 590 955 655 iterati
974 591 1119 673 macerit,

105 684 135 748 si
157 683 254 747 medio
278 686 409 763 tempore
431 702 452 744 a
472 682 559 745 unito
576 700 720 763 possessa
741 685 793 744 est.

479 875 529 940 De
541 876 743 941 servitutibus.

104 948 108 956 '
195 993 248 1057 27.
276 990 315 1055 Ι).
335 993 365 1073 8,
386 994 414 1069 1,
434 993 484 1056 12.
533 989 704 1055 Iavolenus
731 991 815 1054 libro
844 995 960 1075 quarto
985 990 1117 1073 Epistu-

106 1081 220 1146 larum.
235 1117 277 1126 -
292 1080 367 1144 Non
385 1081 497 1157 dubito,
515 1081 592 1162 qnin
608 1079 707 1160 fundo
724 1079 917 1160 mnnioipnm
926 1099 986 1161 per
998 1098 1118 1145 sermm

104 1175 182 1234 reete
203 1170 333 1234 seruitus
355 1170 550 1251 adquiratur.

528 1386 635 1446 Liber
657 1385 693 1446 v.
819 1361 821 1364 ⁴

523 1496 572 1562 De
594 1497 703 1561 tutelis.
835 1533 836 1537 =

196 1609 247 1676 28.
280 1609 318 1675 D.
338 1613 390 1692 27,
408 1611 439 1694 5,
462 1612 490 1677 3.
536 1611 705 1676 Iavolenus
733 1610 818 1675 libro
846 1611 960 1695 quinto
985 1611 1115 1695 Epistu-

105 1699 220 1764 larum.
242 1735 279 1746 -
306 1699 433 1784 Quaero,
456 1721 499 1764 an
517 1701 625 1783 isqui,
645 1721 714 1765 oum
732 1704 813 1764 tutor
831 1704 1009 1766 testamento
1026 1703 1114 1765 datus

105 1792 181 1853 esset
205 1793 234 1852 et
259 1789 294 1853 to
318 1790 421 1871 ipsum
446 1791 616 1871 iqnoraret‚
643 1810 703 1871 pro
732 1793 829 1853 tutore
854 1791 978 1872 neqotia
998 1790 1115 1874 propitii

101 1878 236 1960 qesserit,
258 1879 349 1959 quasi
371 1883 453 1942 tutor
474 1899 517 1942 on
539 1879 631 1960 quasi
650 1898 708 1959 pro
730 1882 828 1942 tutore
844 1879 967 1961 nepotia
982 1880 1114 1962 qesserit,

106 1971 252 2031 teneatur.

194 2054 380 2137 Respondit:
398 2076 461 2119 non
472 2061 551 2138 puto
569 2057 664 2119 teneri
681 2056 772 2137 quasi
790 2059 928 2138 tutorem,
945 2057 1022 2136 quia
1040 2057 1114 2120 seire

103 2165 221 2226 quoqne
242 2165 273 2209 se
296 2149 423 2208 tutorem
446 2165 507 2209 esse
528 2145 618 2226 debet,
640 2150 675 2208 ut
695 2164 728 2208 eo
750 2143 862 2222 affeetu
879 2145 1004 2226 neqotia
1018 2149 1112 2228 qerat,

103 2254 164 2315 quo
187 2237 268 2298 tutor
288 2254 390 2315 perere
411 2234 522 2297 debeat.

520 2449 628 2508 Liber
651 2449 702 2509 VI.

516 2559 565 2624 De
588 2561 701 2642 teqatis.

193 2674 246 2739 29.
268 2673 307 2739 D.
317 2675 369 2755 34,
379 2675 409 2759 3,
420 2676 449 2739 6.
486 2675 657 2740 Iavolenus
676 2675 759 2739 libro
778 2677 868 2738 sexto
883 2673 1112 2758 Epistularum.

195 2775 218 2822 1.
245 2762 322 2828 Post
343 2766 615 2848 emancipationem
636 2784 706 2827 oero
728 2765 789 2845 ulii·
811 2769 936 2828 eotenus
950 2771 1045 2846 pater
1061 2764 1112 2846 (so.

103 2851 154 2914 oui
181 2851 319 2917 iioeratio
347 2853 447 2935 leqata
473 2855 530 2934 est)
556 2853 704 2917 actionem
726 2852 855 2935 habebit,
883 2859 1036 2933 quotenus
1057 2853 1111 2916 aii·

102 2940 180 3020 quiet
204 2960 242 3004 en
262 2943 383 3022 peculio
409 2947 466 3006 ant
491 2944 526 3005 in
552 2961 614 3004 rem
643 2961 727 3005 uerso
748 2945 968 3024 praestaturus
995 2947 1054 3019 est;
1079 2940 1112 3004 io

101 3029 184 3092 enim
208 3029 375 3111 ieqatorum
397 3032 520 3095 nomine
542 3031 585 3094 aet
600 3035 724 3111 patrem
742 3030 918 3113 pertinebit,
946 3032 1030 3112 quod
1049 3031 1110 3095 eius

102 3118 250 3181 intererit.

192 3219 216 3266 u.
248 3207 338 3271 Jauo
362 3210 470 3289 quaeri
488 3212 598 3291 potest,
626 3229 669 3271 an
691 3227 724 3270 eo
745 3226 861 3288 quoque
883 3207 1009 3272 nomine
1025 3211 1109 3289 pater

101 3315 139 3357 eoo
162 3299 335 3360 testamento
357 3317 444 3378 aqere
460 3297 568 3380 possit,
590 3300 625 3359 ut
646 3297 738 3359 etiam
761 3296 846 3377 filins
868 3297 989 3360 aetione
1012 3297 1107 3360 tibere·

101 3388 163 3447 tur.
203 3384 384 3464 quibusdam
406 3406 438 3450 eo
456 3405 550 3465 usqne
568 3386 689 3449 extendi
706 3385 853 3447 ortionem
868 3383 1018 3466 plorebat,
1039 3382 1106 3466 quia

96 3472 201 3551 patris
227 3473 368 3536 interesse
393 3475 546 3554 uideatur,
572 3475 601 3539 si
620 3473 778 3556 peantium
803 3473 870 3553 pilio
887 3479 961 3555 post
982 3471 1105 3538 emanet-

85 3561 254 3644 pationem
286 3564 488 3643 ooneessisset,
523 3563 677 3646 inteqrum
712 3560 796 3643 [ius]
828 3562 895 3625 eius
921 3578 1104 3644 permonere
