2430 3944
415 170 440 219 t.
463 163 582 219 TITIUS
602 163 732 222 nalsro
1017 165 1082 231 365

59 352 98 391 ex
127 330 246 391 Plautio
275 324 322 412 (D.
346 326 538 412 11140),
568 332 765 410 Digestorum
791 327 892 414 (0.4,
912 336 942 414 4,
963 337 1013 411 16,
1033 327 1082 416 2),

59 419 225 481 Variarum
248 419 427 480 Lectionum
451 412 502 503 (D.
517 422 568 495 40,
584 423 613 498 4,
628 414 685 503 20)
710 421 770 481 alia
792 421 916 483 addidit.

394 592 444 658 Dc
465 598 590 658 serratas
612 594 745 660 decretas

154 703 183 766 1.
206 699 289 766 Plin.
298 722 346 783 ep.
355 698 448 781 VIII,
460 701 510 765 14.
536 736 574 747 -
602 698 636 766 0.
658 700 784 766 Plinius
808 700 956 766 Aristoni
978 723 1037 767 suo
1057 724 1083 766 s.

61 787 146 855 Cum
170 789 216 854 sis
239 789 456 874 peritissimus
480 793 513 853 et
534 790 655 873 privati
678 789 758 854 iuris
782 795 814 855 et
837 790 968 875 publici,
992 790 1083 856 cuius

60 900 138 963 pars
168 877 369 943 senatorium
398 880 462 961 est,
489 877 584 963 cupio
614 901 653 942 ex
678 882 711 943 te
734 878 941 963 potissimum
964 878 1084 964 audire,

61 966 411 1033 erraveriminsenatu
420 967 568 1051 proxime
577 988 688 1052 necne,
696 989 761 1032 non
773 967 1084 1053 utinpraeteritum,

61 1078 172 1122 serum
196 1056 298 1138 enim,
320 1076 433 1120 verum
457 1059 494 1119 ut
516 1055 551 1120 in
573 1056 728 1140 futurum,
752 1057 780 1120 si
804 1056 881 1141 quid
905 1057 1083 1123 1111111111-

61 1142 188 1228 ciderit,
212 1144 339 1210 erudiar
428 1149 515 1230 peto,
536 1144 678 1229 primum
701 1147 738 1209 ut
760 1146 872 1231 errori,
895 1146 1012 1230 siquis
1033 1151 1084 1212 est

61 1255 163 1319 error,
181 1233 308 1299 tribuas
327 1235 464 1318 veniam,
483 1233 599 1299 deinde
618 1234 776 1299 medearis
795 1234 932 1300 scientia
945 1239 1013 1320 tua,
1031 1237 1083 1300 cui

61 1344 193 1407 semper
225 1321 290 1387 fuit
320 1344 415 1387 curae
448 1323 496 1387 sic
527 1323 600 1387 iura
631 1322 763 1407 publica
794 1327 833 1388 ut
862 1323 1004 1408 privata,
1037 1325 1083 1390 sic

62 1413 198 1496 antiqua
216 1416 254 1476 ut
271 1409 424 1494 recentia,
443 1411 490 1476 sie
504 1432 579 1476 rara
593 1414 630 1476 ut
645 1412 777 1477 assidua
790 1415 941 1478 tractare.
979 1413 1083 1498 adque

63 1520 126 1585 ego
152 1500 294 1565 arbitror
312 1500 379 1564 illis
398 1501 499 1565 etiam
518 1500 635 1584 quibus
653 1501 869 1585 plurimarum
886 1523 997 1579 rerum
1014 1503 1084 1587 agi-

61 1589 148 1654 tatio
180 1587 330 1672 frequens
361 1589 444 1653 nihil
476 1611 547 1654 1111
579 1590 729 1674 ignotum
760 1590 949 1674 patiebatur
981 1612 1083 1676 genus

61 1678 266 1763 quaestionis
298 1677 384 1762 quod
416 1677 525 1743 adfero
554 1678 594 1742 ad
622 1682 656 1743 11
684 1681 833 1744 autnon
861 1679 941 1745 satis
968 1680 1082 1745 tritum

62 1770 122 1832 aut
146 1765 246 1831 etiam
269 1766 474 1850 inexpertum
496 1766 597 1832 fuisse

153 1853 368 1921 Referebatur
400 1855 439 1920 de
472 1855 599 1920 libertis
628 1855 745 1921 Afrani
771 1853 886 1920 Dextri
915 1853 1085 1941 consulis¹,

62 1946 227 2010 incertum
255 1966 314 2009 sua
341 1966 384 2009 an
412 1965 544 2009 suorum
570 1965 684 2028 manu,
711 1945 830 2010 scelere
858 1967 900 2009 an
927 1945 1083 2028 obsequio

62 2033 234 2117 perempti.
265 2033 326 2099 hos
347 2033 441 2117 alius,
460 2033 555 2116 quis?
573 2034 697 2118 inquis:
718 2053 793 2117 ego,
808 2033 862 2096 sed
876 2033 961 2096 nihil
975 2034 1084 2118 refert,

62 2126 141 2207 post
161 2122 384 2207 quaestionem
404 2122 563 2206 supplicio
580 2122 776 2203 liberandos,
795 2121 878 2187 alius
893 2123 928 2185 in
942 2122 1082 2187 insulam

62 2211 268 2296 relegandos
281 2211 365 2276 alius
380 2218 484 2277 morte
497 2211 678 2296 puniendos
693 2210 923 2276 arbitrabatur.
947 2232 1084 2294 quarum

63 2301 301 2364 sententiarum
323 2304 418 2364 tanta
441 2300 612 2364 diversitas
634 2304 704 2364 erat
722 2303 841 2365 utnon
859 2303 995 2383 possent
1013 2321 1083 2364 esse

63 2388 129 2453 nisi
158 2388 305 2473 singulae
405 2410 466 2474 ego
494 2389 703 2472 postulabam
725 2393 763 2453 ut
785 2388 889 2453 tribus
914 2389 1083 2453 sententiis

63 2480 232 2543 constaret
255 2500 331 2542 suus
354 2499 518 2560 numerus,
540 2498 601 2542 nee
625 2499 658 2542 se
677 2477 829 2542 brevibus
847 2476 983 2542 indutiis
1002 2477 1083 2542 duae

63 2567 247 2651 iungerent.
298 2566 469 2650 exigebam
501 2586 579 2650 ergo
611 2570 649 2630 ut
681 2567 736 2650 qui
764 2566 898 2650 capitali
925 2567 1083 2650 supplicio

63 2655 262 2721 adliciendos
276 2657 438 2740 putabant
452 2655 654 2719 discederent
666 2656 868 2740 arelegante,
882 2675 942 2719 nec
950 2654 1083 2720 interim

64 2748 181 2809 contra
200 2744 398 2809 absolventis
418 2766 494 2809 mox
513 2743 691 2808 dissensuri
705 2746 989 2829 congregarentur,
1008 2744 1084 2826 quia

63 2834 236 2918 parvolum
256 2831 391 2897 referret
409 2855 450 2897 an
469 2833 555 2897 idem
574 2833 770 2916 displiceret,
784 2833 900 2916 quibus
914 2854 980 2897 non
996 2833 1083 2897 idern

63 2922 253 3005 placuisset
294 2921 374 2986 illud
398 2921 496 2985 etiam
520 2921 600 2984 mihi
622 2922 800 3005 permirum
821 2920 990 2985 videbatur
1008 2942 1083 2985 eum

66 3011 213 3094 quidem,
240 3009 297 3093 qui
318 3010 452 3075 libertos
476 3010 683 3094 relegandos,
711 3031 820 3075 servos
844 3010 1004 3094 supplicio
1029 3005 1083 3074 ad·

64 3097 222 3164 ficiendos
246 3099 432 3182 censuisset,
455 3102 601 3163 coactum
625 3120 695 3163 esse
716 3098 858 3163 dividere
877 3099 1082 3180 sententiam,

64 3187 152 3253 hunc
175 3192 284 3252 autem
302 3187 358 3270 qni
376 3187 511 3252 libertos
530 3191 634 3252 morte
653 3187 808 3253 multaret
826 3208 899 3252 cum
917 3187 1082 3271 relegante

64 3276 240 3342 numerari.
276 3297 354 3339 nam
377 3277 406 3340 si
428 3277 627 3359 oportuisset
645 3275 744 3341 dividi
763 3275 959 3341 sententiam
977 3276 1083 3358 unius,

65 3365 143 3449 quia
166 3387 217 3429 res
241 3364 321 3429 duas
345 3364 645 3449 comprehendebat,
667 3387 735 3430 non
754 3364 955 3448 reperiebam
975 3385 1082 3447 quem-

138 3545 162 3594 1.
182 3539 232 3609 qui
250 3557 273 3595 a,
291 3544 342 3594 105
360 3538 473 3595 videtur
491 3538 566 3595 diem
585 3556 746 3611 supremum
766 3537 879 3595 obiisse.
