2430 3944
97 148 165 213 440
201 148 234 204 V.
253 147 404 204 NERVAE
422 147 469 204 ΕΤ
487 147 640 204 TRAIANI
658 148 767 204 TEMP.
784 147 882 205 sums
902 147 1081 205 causatur

96 317 174 377 libro
192 316 249 376 XV
271 316 308 376 de
329 315 419 377 furtis
440 316 554 377 dietum
573 316 666 376 fuisse
685 320 819 394 apparet.
856 317 917 377 alia
935 320 1009 377 snut
1026 317 1109 394 plane

96 406 225 484 incerta;
255 406 385 467 fortasse
419 405 450 464 in
481 405 695 467 nonnullorum
722 406 961 483 fragmentorum
989 406 1110 483 insorip

96 494 230 556 tionibus
261 495 407 554 librorum
438 495 554 555 numeri
586 495 720 571 corrupti
747 497 825 554 sunt.
870 495 1056 572 ubicumque
1078 496 1110 555 de

97 602 211 645 conexu
242 582 318 642 nihil
350 583 426 643 oerti
457 584 521 644 erui
552 585 666 660 potest,
698 583 869 662 fragmenta
894 583 939 644 ita
966 583 1111 661 disposui,

96 676 132 732 ut
154 691 202 732 res
225 672 378 733 commode
400 672 604 733 exhibeantur.

528 892 637 953 Liber
659 892 681 953 I.

474 1011 525 1077 De
547 1013 740 1078 testamentis.

349 1131 406 1207 aaa
428 1135 596 1192 testamenta
617 1133 716 1207 faeere
732 1138 865 1208 possam.

189 1242 231 1307 1?
259 1241 299 1306 D.
317 1242 371 1327 28,
389 1243 420 1326 2,
439 1243 458 1307 6
466 1263 514 1327 pr.
560 1240 721 1326 Ulpianus
750 1243 835 1309 libro
862 1244 959 1308 tertio
989 1243 1030 1309 ad
1062 1242 1113 1309 Sa·

100 1331 222 1396 binum.
246 1368 288 1377 —
313 1336 408 1396 ..est
431 1331 624 1416 quaesitum,
648 1353 689 1396 an
712 1332 740 1396 is
765 1331 821 1418 qni
843 1353 1000 1417 generare
1021 1331 1113 1398 facile

98 1443 165 1486 non
184 1421 297 1505 possit,
315 1423 504 1504 postumum
523 1420 673 1485 heredem
692 1419 797 1486 fauere
816 1423 929 1507 possit,
949 1424 983 1486 et
1001 1420 1113 1487 scribit

101 1506 234 1573 Cassius
258 1512 291 1572 et
309 1508 480 1574 Iavolenus
504 1529 613 1594 posse3
637 1531 712 1574 narn
736 1513 769 1574 et
790 1532 924 1576 uxorem
947 1509 1065 1575 ducere
1084 1513 1114 1574 et

99 1597 253 1681 adoptare
285 1600 408 1682 potest3
442 1597 618 1680 spadonem
650 1619 777 1682 quoque
804 1621 899 1683 posse
927 1603 1113 1684 postumum

99 1685 250 1750 heredem
266 1686 404 1751 seribere
420 1690 453 1750 et
468 1685 574 1751 Labeo
590 1690 623 1751 et
637 1684 769 1752 Cassius
784 1687 940 1768 scribunt,
958 1689 1113 1772 quoniam

100 1797 159 1840 neo
183 1778 273 1839 aetas
296 1796 355 1839 nea
380 1775 534 1840 sterilitas
558 1775 589 1839 ei
611 1775 659 1840 rei
681 1775 912 1860 impedimento
937 1781 996 1842 est.

393 1975 440 2035 De
462 1977 612 2036 tarditas
633 1979 824 2037 instituendis,

190 2086 219 2150 2.
243 2083 282 2149 D.
298 2084 393 2169 28,5,
410 2088 460 2151 14.
501 2085 675 2150 lavolenus
699 2087 783 2151 libro
806 2086 911 2170 primo
935 2108 974 2151 ex
994 2085 1113 2152 Cassio.

105 2210 142 2220 —
164 2174 202 2239 Si
224 2176 293 2255 qais
315 2174 435 2240 heredes
457 2175 503 2239 ita
526 2176 676 2239 instituit:
701 2175 816 2240 ‘Titias
836 2195 874 2239 ea
890 2181 983 2258 parte
998 2177 1114 2258 prima,

102 2261 193 2329 Seius
215 2283 253 2327 ea
271 2268 362 2345 parte
383 2265 525 2342 seermda,
549 2263 695 2328 Maeuiae
716 2285 754 2329 ea
770 2269 863 2346 parte
884 2267 984 2343 tertia,
1009 2263 1114 2347 Sulpi

101 2354 167 2416 aias
189 2372 225 2415 ea
241 2357 335 2434 parte
356 2358 470 2433 quarta
492 2353 612 2417 heredes
633 2352 749 2435 sumta,
776 2373 891 2434 aeqrrae
907 2359 1015 2436 partes
1036 2354 1114 2418 here·

100 2442 209 2506 ditatis
226 2442 269 2504 ad
285 2441 441 2505 institutos
454 2442 656 2523 pertimebant,
679 2444 755 2523 qaia
773 2447 896 2507 testator
913 2443 1115 2524 appellatione

100 2530 239 2594 amramis
256 2530 426 2610 scripturae
443 2533 543 2612 mapis
561 2533 707 2611 ordinem,
725 2552 820 2613 qaam
833 2533 958 2596 modam
970 2533 1114 2613 partibas

100 2637 282 2772 emposgtsff·
297 2619 462 2790 gagdegmrffl·
502 2705 674 2772 Iavolenus
698 2708 781 2772 libro
805 2709 911 2792 primo
936 2731 975 2772 ex
994 2707 1114 2774 Cassio.

100 2831 146 2841 -
164 2795 301 2860 Heredes
318 2797 384 2860 sim
395 2796 541 2878 partibas
558 2801 664 2860 atram
684 2798 869 2862 eoaiaaetim
888 2818 930 2861 aa
948 2801 1114 2879 separatim

102 2884 286 2963 scribantur,
313 2883 368 2949 boa
393 2886 529 2966 interest,
556 2887 647 2967 qaod,
673 2886 703 2949 si
723 2887 794 2968 qaas
816 2906 853 2951 ea
876 2888 1046 2952 eoaiaaetis
1068 2889 1113 2952 de·

102 2973 197 3056 cessit,
220 2993 284 3037 aaa
306 2975 350 3038 ad
371 2993 482 3052 omres,
504 2975 557 3038 sed
578 2976 620 3038 ad
636 2974 769 3057 reliquos
785 2976 840 3056 qai
857 2977 1012 3040 aoaiaaett
1029 2979 1115 3040 erant

95 3063 246 3144 pertiaet;
278 3063 329 3126 sia
356 3067 459 3127 auam
483 3083 520 3128 ea
546 3064 710 3145 separatas,
737 3065 781 3128 ad
806 3085 921 3142 ommes,
948 3066 1004 3146 pai
1031 3069 1114 3129 testa¹

101 3155 201 3215 meato
224 3152 325 3215 eodem
347 3152 453 3232 scripti
475 3152 702 3232 aestimatae,
720 3154 824 3234 portia
846 3154 912 3218 eias
928 3155 1072 3234 pertinet.

193 3240 221 3304 4.
250 3238 289 3303 D.
303 3240 356 3323 28,
371 3241 400 3322 2,
416 3241 445 3304 5.
491 3239 662 3304 lavolenns
689 3240 773 3305 libro
802 3242 906 3324 primo
931 3263 969 3306 ex
995 3239 1113 3306 Cassio.

105 3364 144 3374 -
169 3329 293 3411 ideoque
315 3329 369 3409 qai
388 3333 568 3409 postumam
590 3329 727 3394 heredem
744 3331 882 3395 instituit
897 3331 926 3394 si
942 3336 1012 3412 post
1029 3334 1111 3396 aaa·

103 3424 239 3481 meatum
259 3418 378 3497 factam
396 3418 531 3481 mutavit
546 3419 791 3501 matrimonium,
813 3420 842 3484 is
859 3420 1021 3486 institutas
1038 3420 1112 3484 vite

103 3510 163 3584 tar,
185 3507 240 3587 qai
261 3527 298 3570 aa
314 3507 483 3588 posteriore
504 3508 703 3571 matrimomo
724 3513 818 3573 natas
839 3513 890 3573 est.
