2430 3944
156 170 225 236 560
529 177 809 236 ADDITAMENTA.

461 358 521 438 Qut
543 359 709 424 arbitrium
731 360 884 441 receperat.

253 478 326 544 156.
373 480 413 548 D.
435 484 466 566 4,
491 484 520 568 8,
544 483 573 546 6.
621 482 720 547 Gaius
743 483 825 546 libro
850 482 965 567 quinto
984 482 1024 546 ad
1043 480 1158 546 edictum

160 566 372 652 provinciale.
398 607 436 616 —
468 621 502 637 ..
532 572 630 636 etiam
660 572 698 635 de
728 593 763 635 re
792 571 896 655 patris
929 570 1046 636 dicitur
1073 569 1159 633 filiun

163 656 308 722 familias
342 659 502 724 arbitrum
534 682 604 725 esse
633 682 743 744 posse3
775 681 852 724 nam
881 663 914 724 et
942 660 1079 723 iudicem
1103 677 1158 720 cun

162 767 235 811 csse
259 768 356 828 posse
380 750 543 833 plerisque
567 749 682 833 placet

256 845 330 909 157.
350 845 390 910 D.
400 848 430 929 4,
442 846 471 930 8,
481 847 534 912 30.
560 846 678 911 Paulus
694 846 778 911 libro
794 844 1032 911 tertiodecimo
1047 842 1162 909 adedic

165 940 244 998 tum.
273 971 315 979 —
348 934 382 1000 Si
411 936 482 1021 quis
510 957 591 1018 rem,
622 935 660 999 de
684 957 748 1019 qua
770 935 1041 1018 compromissum
1064 930 1161 1014 sit,in

164 1021 320 1087 iudicium
344 1024 489 1108 deducat,
513 1024 643 1108 quidam
667 1023 778 1088 dicunt
800 1027 984 1106 praetorem
1002 1044 1068 1087 non
1084 1022 1162 1085 inter·

166 1111 274 1176 venire
299 1112 340 1175 ad
363 1113 541 1198 cogendum
568 1112 724 1177 arbitrum
751 1112 946 1176 sententiam
970 1111 1162 1194 dicereque

167 1203 232 1264 iam
270 1222 375 1283 poena
413 1225 479 1267 non
515 1205 624 1284 potest
661 1222 730 1265 esse
763 1203 859 1284 atque
893 1200 921 1263 si
959 1200 1098 1264 solutum
1125 1198 1162 1258 est

168 1291 443 1372 compromissum.

535 1386 585 1452 De
606 1387 817 1452 iureiurando.

260 1501 345 1566 158?
392 1501 429 1565 D.
457 1503 506 1580 12,
525 1503 556 1584 2,
574 1503 626 1567 22.
668 1501 788 1566 Paulus
812 1500 896 1564 libro
921 1498 1159 1565 octavodecimo

168 1590 209 1654 ad
239 1590 388 1656 edictum.
414 1628 452 1637 —
479 1590 615 1666 Quidam
646 1597 678 1655 et
705 1590 743 1654 de
766 1589 891 1673 peculio
916 1589 1076 1657 actionem
1097 1586 1160 1650 dan·

170 1678 244 1742 dam
258 1679 292 1742 in
307 1678 482 1763 dominum,
497 1680 525 1744 si
540 1679 640 1744 actori
656 1678 808 1742 detulerit
822 1699 933 1742 servus
948 1674 1161 1741 iusiurandum.

561 1846 611 1911 De
633 1847 789 1930 calculosis.

262 1963 333 2028 159.
381 1962 450 2028 Gai.
474 1963 504 2041 2,
524 1964 553 2027 7.
583 1999 621 2009 -
652 1963 743 2026 ..in
765 1961 958 2045 provinciali
981 1961 1052 2025 solo
1074 1960 1164 2047 placet

170 2052 332 2135 plerisque
357 2053 461 2116 solum
490 2051 677 2135 religiosum
700 2072 766 2115 non
789 2050 868 2132 fieri,
893 2049 969 2133 quia
992 2051 1028 2113 in
1052 2070 1087 2112 eo
1109 2045 1164 2110 solo

171 2140 347 2204 dominium
372 2141 484 2225 populi
507 2138 644 2203 Romani
669 2143 717 2203 est
741 2139 791 2202 vel
810 2137 968 2220 Caesaris,
991 2160 1052 2203 nos
1075 2141 1164 2201 auten

171 2229 409 2312 possessionem
451 2233 579 2292 tantum
616 2228 667 2292 vel
708 2227 943 2292 usumfructum
980 2227 1098 2291 habere
1130 2223 1163 2285 ri·

171 2318 292 2381 demur.

490 2404 540 2469 De
562 2404 862 2486 compensationibus

263 2531 333 2594 160.
380 2527 450 2593 Gai.
473 2530 503 2613 4,
528 2529 579 2592 66.
604 2565 645 2574 -
745 2529 779 2591 in
802 2528 1096 2613 compensationem
1116 2524 1163 2587 hoc
1203 2530 1205 2535 '

173 2617 277 2680 solum
308 2622 443 2682 vocatur
472 2618 556 2700 quod
586 2617 728 2680 eiusdem
759 2617 886 2702 generis
911 2619 944 2679 et
967 2619 1099 2680 naturae
1119 2613 1163 2689 cst,

173 2754 224 2768 ...
250 2704 328 2769 adeo
352 2711 388 2771 ut
407 2705 597 2789 quibusdam
618 2705 746 2788 placeat
766 2727 831 2769 non
848 2704 937 2769 omni
956 2704 1053 2769 modo
1072 2703 1162 2766 vinum

173 2815 246 2857 cum
269 2795 346 2858 vino
371 2800 427 2858 aut
449 2793 592 2858 triticum
613 2815 684 2858 cum
704 2793 815 2858 tritico
834 2792 1101 2876 conpensandum,
1121 2784 1162 2852 sod

172 2882 220 2945 ito.
245 2881 271 2945 si
295 2882 438 2946 eiusdem
462 2886 597 2947 naturae
621 2882 851 2966 qualitatisque
875 2881 927 2946 sit.

585 3049 635 3115 De
648 3051 776 3132 peculio.

265 3176 336 3240 161.
382 3173 420 3239 D.
451 3174 501 3257 15,
532 3177 559 3259 1,
589 3176 616 3256 7,
646 3176 675 3238 1.
721 3171 878 3256 Ulpianus
901 3173 986 3238 libro
1009 3169 1160 3238 vicensimo

172 3285 259 3328 nono
292 3264 331 3328 ad
365 3263 512 3327 edictum.
547 3299 584 3308 —
618 3261 876 3328 ...Marcellus
908 3261 994 3347 apud
1026 3261 1160 3326 Iulianum

172 3357 290 3416 notans
315 3352 412 3416 adicit
434 3372 529 3434 posse
553 3352 631 3435 fieri,
654 3356 691 3415 ut
714 3350 799 3435 apud
823 3352 959 3415 alterum
984 3374 1024 3416 ex
1046 3341 1159 3414 dominis

174 3462 285 3504 servus
312 3441 474 3523 peculium
501 3440 631 3524 habeat,
660 3441 745 3524 apud
778 3441 917 3505 alterum
941 3462 1020 3522 non,
1047 3442 1080 3503 ut
1099 3436 1159 3518 pult

174 3529 201 3590 si
230 3529 311 3592 alter
342 3551 380 3593 ex
408 3529 547 3595 dominis
580 3527 721 3595 furiosus
750 3529 794 3593 sit
821 3528 873 3594 vel
900 3529 1052 3614 pupillus,
1081 3526 1111 3607 si,
1134 3519 1159 3583 ut
