2430 3944
95 221 160 284 566
462 216 742 272 ADDITAMENTA.
778 241 781 248 ·

94 403 201 466 posse,
235 381 310 464 quia
339 379 534 445 venditionis
566 383 616 444 est
645 379 801 444 resolutio
838 379 1035 466 redhibiti03
1063 381 1114 444 alii

72 483 73 487 ’
96 474 274 554 emptorem
298 468 476 534 venditoris
500 469 682 534 accessione
702 490 836 533 usurum
857 472 891 533 et
910 468 1113 534 venditorem

96 559 259 642 emptoris.

398 723 428 792 3.
456 720 690 793 Incertorum
716 720 813 792 libri.

185 883 229 941 De
260 885 396 942 veterum
423 882 508 941 libris
538 902 566 943 v.
595 901 688 958 supra
717 902 745 958 p.
769 883 842 942 505.
872 882 1052 958 fragmentis
1078 901 1108 941 ea

97 971 207 1043 addidi,
230 990 305 1047 ques
324 971 453 1031 incertos
473 970 509 1030 de
526 971 602 1030 iuris
617 971 824 1031 consultorum
843 971 1005 1031 sententiis
1020 973 1105 1031 rettu-

96 1058 166 1152 lisse
189 1059 339 1119 dicuntur.
829 1064 832 1069 ’

432 1161 459 1218 1.
483 1152 533 1216 Do
555 1157 636 1223 iure,
658 1176 770 1217 sacro.

385 1267 434 1332 De
456 1267 661 1333 coeuntibus
676 1267 819 1350 publicis.

190 1384 216 1448 1.
252 1381 333 1446 Gell.
368 1384 422 1464 10,
456 1382 513 1467 15,
550 1386 577 1448 1.
610 1420 648 1429 —
683 1380 911 1448 caerimoniae
945 1381 1101 1466 impositae

97 1471 221 1535 flamini
245 1470 332 1534 Diali
355 1473 486 1554 multae,
509 1472 588 1536 item
613 1475 721 1536 cestus
741 1470 951 1556 multiplices,
976 1492 1054 1555 quos
1073 1469 1100 1532 in

98 1560 199 1642 libris,
226 1559 282 1642 qui
305 1558 343 1623 de
367 1561 587 1626 sacerdotibus
607 1560 747 1644 publicis
767 1559 945 1643 compositi
964 1565 1038 1624 sunt

98 1648 236 1732 scriptos
261 1648 410 1735 legimns.

185 1761 220 1819 cf.
245 1759 358 1821 Fabius
380 1761 493 1820 Pictor:
517 1760 541 1819 I.
564 1781 593 1836 p.
618 1762 668 1820 10.

445 1915 494 1979 De
512 1877 583 1980 iarev
599 1915 767 1998 pontificio.
800 1883 803 1889 ¹

186 2032 215 2094 2.
240 2030 321 2096 Gell.
346 2032 397 2115 16,
421 2031 449 2110 6,
474 2031 525 2096 12.
553 2068 590 2076 —
695 2029 852 2114 scriptum
876 2029 1054 2093 invenimus
1075 2026 1100 2087 in

97 2120 337 2183 commentariis
361 2118 554 2201 quibusdam
584 2121 623 2183 ad
651 2120 702 2184 ius
726 2118 931 2204 pontificium
955 2117 1100 2203 pertinen·

96 2208 184 2272 tibus
209 2206 386 2272 ‘bidennes'
412 2209 515 2290 primo
537 2208 641 2273 dictas
666 2208 685 2271 d
710 2210 820 2272 littera
842 2207 991 2290 inmissa,
1023 2201 1101 2290 quasi

99 2294 266 2379 ‘biennes',
293 2300 364 2360 tum
391 2298 488 2380 longo
516 2319 577 2359 usu
609 2296 762 2380 loquendi
790 2301 975 2379 corruptam
1005 2311 1100 2358 vocem

100 2406 170 2448 esse
194 2393 226 2449 et
249 2409 288 2451 ex
311 2383 528 2449 ‘bidennibus'
552 2384 723 2449 ‘bidentes’
749 2384 881 2468 factum,
910 2384 1057 2469 quoniam
1075 2377 1099 2442 id

97 2473 267 2539 videbatur
291 2495 359 2538 esse
383 2474 470 2538 dictu
493 2474 620 2538 facilius
645 2473 822 2557 leniusque.

419 2659 446 2716 2.
471 2657 520 2713 De
544 2656 622 2715 iure
641 2655 796 2732 privato.
903 2707 905 2711 Α

437 2799 464 2838 a.
487 2779 537 2838 De
560 2780 639 2839 iure
665 2780 797 2858 civili„

512 2889 562 2954 De
585 2891 701 2973 tepetis.

107 3003 109 3007 ’
188 3005 217 3069 3.
237 3003 276 3069 D.
291 3007 343 3089 33,
362 3006 393 3087 4,
412 3007 441 3089 6,
458 3007 486 3069 1.
517 3004 626 3069 Labeo
643 3005 728 3069 libro
744 3005 883 3069 secundo
898 2977 1094 3088 posteriorum
1137 2956 1139 3036 l

100 3116 119 3156 e
155 3093 308 3159 lavoleno
346 3095 606 3177 epitomatorum.
642 3131 681 3141 -
776 3143 783 3159 .
817 3092 921 3158 Servii
954 3090 1094 3156 auditores

99 3185 296 3247 rettulerunt
319 3186 351 3247 et
375 3204 403 3265 q.
428 3204 452 3245 s.

188 3307 215 3346 v.
239 3286 255 3343 I
277 3307 304 3362 p.
326 3287 399 3344 171.

117 3474 140 3536 t·
188 3388 218 3451 4.
241 3387 279 3450 D.
303 3388 355 3471 29,
380 3388 409 3470 7,
436 3387 477 3449 14
501 3408 548 3468 pr.
587 3385 743 3452 Scaevola
766 3385 849 3449 libro
874 3388 988 3451 octavo
1011 3381 1093 3458 Quae·

100 3496 114 3537 s
131 3497 252 3539 1onum.

187 3599 214 3637 v.
239 3577 278 3657 ΙΙ,
303 3582 320 3637 1
345 3600 372 3658 p.
398 3581 472 3640 355.
