2430 3944
99 175 140 239 72
168 176 216 230 ΠΙ.
231 174 307 230 GAII
321 173 469 230 CLAUDII
482 171 619 228 NERON.
630 172 775 227 GALBAE
786 172 895 227 ΤΕΜΡ.
905 169 1003 226 Iulus
1013 170 1115 227 CONS.

442 359 490 417 De
511 361 544 418 iu
566 360 614 418 ius
635 360 772 418 ooeoado.

185 477 222 538 D.
233 478 263 553 2,
273 478 303 552 4,
313 476 371 552 4,1
393 473 463 550 Ulp.
485 505 523 515 -
542 473 667 532 Praetor
684 474 740 531 ait:
760 467 936 551 ‘parentem
954 476 1117 549 patronum

95 568 269 642 patronam,
296 563 406 623 liberos
434 565 575 639 parentes
602 562 723 637 patroni
750 565 896 636 patronae
923 561 955 620 in
980 561 1029 621 ius
1053 561 1116 621 sine

95 654 246 731 permissu
268 672 334 711 meo
357 671 394 710 ne
420 652 486 727 quis
508 646 616 711 vocet?

186 756 216 820 3.
240 753 278 818 D.
288 755 319 836 2,
328 754 359 837 4,
369 753 439 836 4,2.
479 751 640 836 Ulpianus
663 752 747 817 libro
771 752 884 837 quinto
910 752 950 817 ad
975 751 1116 816 edietum

98 842 146 926 (P.
166 839 271 928 260⁸).
307 878 344 888 —
380 841 516 917 Quidam
550 844 720 925 parentem
752 863 852 924 usque
885 841 926 905 ad
958 841 1116 906 tritavum

97 933 254 1017 appellari
283 929 389 1013 aiunt,
416 930 597 1014 superiores
625 930 764 994 maiores
787 930 859 995 dici.
905 929 968 994 hoo
992 934 1117 995 veteres

98 1021 300 1085 existimasse
315 1018 515 1102 Pomponius
534 1018 644 1102 refert3
665 1020 720 1082 secl
735 1016 835 1083 Gaius
851 1015 985 1082 Cassius
1004 1040 1117 1084 omnes

37 1134 39 1138 ’
97 1111 130 1174 in
153 1108 318 1173 infinitum
342 1111 494 1190 parentes
519 1106 606 1172 dicit.

187 1229 223 1288 ef.
233 1229 269 1287 D.
280 1223 332 1299 38,
344 1230 395 1302 10,
407 1229 457 1304 10,
468 1229 486 1286 7
507 1227 593 1288 Paul.
630 1222 786 1287 ‘Parentes
804 1245 900 1302 usque
918 1227 957 1286 ad
970 1229 1119 1288 tritavum

98 1318 178 1393 apud
206 1318 357 1376 Romanos
388 1316 510 1391 proprio
542 1316 688 1375 vocabulo
720 1316 926 1393 nominantur,
958 1317 1118 1375 ulteriores

98 1407 150 1483 qui
172 1425 232 1465 non
254 1407 367 1464 habent
390 1405 519 1479 speciale
541 1424 650 1464 nomen
672 1405 801 1464 maiores
825 1399 1041 1480 appellantur?

187 1507 217 1570 4.
241 1505 280 1570 D.
290 1506 361 1589 2,4,
372 1505 424 1586 10,
434 1505 463 1570 9.
502 1504 661 1590 Ulpianus
681 1507 766 1571 libro
785 1506 899 1590 quinto
918 1511 958 1570 ad
973 1506 1118 1573 edietum

98 1593 148 1680 (P.
164 1591 254 1680 262).
279 1631 321 1641 —
345 1593 477 1658 Liberos
501 1641 532 1658 ..
556 1595 729 1659 seeundum
754 1593 916 1678 Cassium,
943 1600 981 1658 ut
1002 1595 1039 1659 in
1064 1617 1118 1679 pa·

98 1685 263 1765 rentibus,
287 1689 320 1746 et
342 1683 428 1746 ultra
450 1682 648 1766 trinepotem
671 1684 855 1768 accipimus.

191 1803 228 1864 of.
247 1801 318 1861 Vat.
341 1801 378 1860 fr.
399 1803 460 1860 321
487 1795 606 1882 (Ulpt)
631 1797 769 1862 ‘Liberos
799 1851 828 1863 ..
857 1804 993 1879 aooipere
1029 1803 1118 1863 debe-

98 1910 166 1951 mus
186 1893 218 1950 et
234 1893 361 1967 nepotes
378 1893 409 1950 et
428 1891 568 1966 deinceps
587 1892 745 1952 ulteriores
769 1893 903 1967 exemplo
922 1887 1119 1967 parentium'.

98 1982 133 2040 D.
153 1983 205 2058 38,
227 1983 277 2057 10,
298 1983 386 2057 10‚7
416 1979 500 2040 Paul.
530 1971 573 2062 (v.
593 1973 698 2062 supra)
713 1975 811 2062 “item
838 1981 926 2040 liberi
953 1999 1050 2057 usque
1080 1981 1119 2039 ad

98 2070 295 2148 trinepotem3
318 2069 401 2127 ultra
423 2069 478 2127 hos
501 2071 683 2144 posteriores
707 2063 872 2130 vocantur'.

399 2246 457 2320 Qut
479 2247 635 2306 arbitrium
656 2250 822 2323 receperint.

189 2358 218 2420 5.
250 2356 290 2419 D.
305 2355 335 2440 4,
351 2357 379 2438 8,
396 2357 447 2441 19,
461 2356 491 2420 2.
538 2356 657 2420 Paulus
685 2356 770 2420 libro
798 2358 896 2420 tertio
926 2356 1051 2421 decimo
1079 2357 1120 2422 ad

99 2445 239 2508 edietum
272 2442 323 2530 (P.
345 2440 434 2530 245).
465 2481 503 2490 -
535 2494 570 2508 ..
602 2445 775 2510 uidendum
808 2447 883 2527 erit,
916 2468 957 2509 an
990 2449 1121 2510 mutare

99 2533 292 2597 sententiam
320 2533 425 2615 possit
452 2531 510 2617 (so.
538 2530 682 2620 arbiter).
724 2537 758 2597 et
790 2533 869 2597 alias
908 2534 1039 2617 quidem
1072 2544 1123 2600 est

100 2620 272 2704 agitatum,
296 2621 324 2684 si
347 2620 470 2685 arbiter
493 2622 588 2686 iussit
611 2622 689 2704 dari,
712 2643 787 2687 mox
811 2623 923 2703 vetuit,
945 2632 1058 2687 utrum
1083 2645 1121 2688 eo

100 2709 187 2792 quod
205 2709 302 2774 iussit
321 2731 363 2773 an
382 2732 419 2774 eo
439 2711 525 2793 quod
545 2711 649 2774 vetuit
668 2711 750 2775 stari
769 2710 911 2776 debeat.
930 2715 964 2775 et
979 2710 1122 2776 Sabinus

101 2797 230 2882 quidem
248 2798 378 2882 putavit
395 2820 501 2883 posse.
534 2796 665 2863 Cassius
685 2800 878 2864 sententiam
898 2800 1051 2884 magistri
1071 2801 1122 2866 sui

145 2891 277 2951 excusat
295 2893 329 2951 et
348 2888 395 2952 ait
412 2885 567 2952 Sabinum
588 2909 651 2951 non
673 2887 711 2952 de
731 2910 769 2952 ea
788 2890 927 2953 sensisse
947 2890 1122 2972 sententia,

101 2997 184 3058 quae
208 2975 379 3040 arbitrium
399 2976 499 3058 finiat,
526 2976 581 3040 sed
605 2976 644 3040 de
663 2977 909 3060 praeparatione
933 2998 1061 3060 oausae,
1085 2985 1122 3043 ut

100 3068 181 3146 puta
210 3065 238 3128 si
265 3065 362 3128 iussit
384 3064 567 3149 litigatores
592 3065 734 3130 calendis
759 3065 884 3148 adesse,
912 3087 989 3129 mox
1012 3065 1122 3131 idibus

99 3152 223 3236 iubeat3
246 3175 323 3217 nam
347 3157 474 3217 mutare
496 3175 569 3218 eum
590 3152 674 3219 diem
694 3175 815 3238 posse.
835 3158 976 3218 ceterum
998 3155 1025 3218 si
1046 3176 1122 3220 con·

100 3241 266 3306 demnavit
284 3243 335 3307 vel
350 3241 501 3321 absolvit,
520 3242 595 3306 dum
612 3243 735 3307 arbiter
749 3263 819 3307 esse
833 3243 974 3326 desierit,
993 3248 1123 3308 mutare

99 3331 296 3395 sententiam
319 3353 385 3394 non
407 3351 513 3414 posse.

189 3442 223 3501 D.
241 3444 270 3513 4,
287 3443 316 3514 8,
331 3443 425 3516 39pr.
466 3441 625 3500 Iavolenus
654 3441 731 3501 libro
759 3442 916 3502 undecimo
945 3461 982 3501 ex
1005 3441 1122 3503 Cassio.

100 3526 196 3590 ‘Idem
210 3577 217 3591 .
233 3529 460 3588 Contumaoiam
473 3530 636 3608 litigatoris
651 3530 764 3588 arbiter
779 3531 886 3606 punire
901 3531 1014 3607 poterit
1028 3551 1121 3606 peon-
