2430 3944
130 163 194 229 356
231 162 265 216 V.
284 160 434 216 NERVAE
454 158 502 213 ΕΤ
521 157 673 214 TRAIANI
691 155 800 212 ΤΕΜΡ.
818 155 915 211 IURIS
936 154 1118 212 CONSULTI

497 339 554 405 Ac
574 338 783 405 exhibendum.

225 451 276 514 71.
295 449 335 514 D.
344 449 395 528 10,
402 448 433 532 4,
441 448 471 531 3,
481 447 532 511 11.
568 444 729 531 Ulpianus
744 445 829 510 libro
844 443 1019 510 vicensimo
1035 456 1150 528 quarto

133 539 174 604 ad
203 539 343 603 edictum
368 535 416 623 (P
432 532 521 621 719).
545 571 588 582 —
692 534 805 599 definit
830 531 984 598 Neratius
1012 533 1151 599 iudicem

132 628 173 693 ad
207 625 423 692 exhibendum
455 624 613 689 hactenus
646 644 852 709 cognoscere,
889 645 930 687 an
962 624 1086 688 iustam
1119 629 1153 687 et

131 716 336 801 probabilem
359 735 492 779 causam
513 712 635 778 habeat
658 712 805 796 actionis,
823 715 957 796 propter
980 733 1078 796 quam
1098 733 1152 776 ex·

131 805 238 870 hiberi
262 804 324 869 sibi
347 801 515 867 desideret.

223 894 273 958 72.
296 892 337 957 Ι).
349 892 400 972 10,
408 891 477 973 4,9‚
486 892 515 956 8.
556 889 717 976 Ulpianus
736 889 820 955 libro
839 888 1015 954 vicensimo
1035 894 1152 974 quarto

133 981 174 1046 ad
198 981 338 1046 edictum
363 979 413 1065 (P.
429 975 517 1065 722).
542 1015 585 1026 -
608 1027 636 1043 ..
659 979 828 1062 utilitates,
852 978 880 1042 si
904 1000 986 1062 quae
1011 977 1152 1043 amissae

133 1074 210 1135 sunt
233 1071 275 1136 ob
297 1070 361 1135 hoc
384 1068 469 1153 quod
492 1089 558 1134 non
581 1066 753 1133 exhibetur
775 1068 827 1132 vel
850 1067 976 1131 tardius
1000 1067 1076 1152 quid
1102 1089 1153 1131 ex-

132 1159 278 1240 hibetur,
301 1156 520 1222 aestimandae
544 1179 564 1221 a
587 1157 690 1222 iudice
715 1160 800 1221 sunt.
846 1161 878 1220 et
901 1155 973 1221 ideo
996 1154 1153 1221 Neratius

133 1248 180 1312 ait
212 1248 389 1313 utilitatem
422 1246 541 1311 actoris
574 1245 683 1310 venire
714 1245 750 1309 in
778 1244 1054 1329 aestimationem,
1085 1267 1153 1310 non

133 1337 246 1421 quanti
274 1358 326 1400 res
355 1335 408 1418 sit,
436 1355 515 1417 puae
541 1335 676 1419 utilitas,
699 1333 819 1419 inquit,
841 1335 997 1400 interdum
1020 1335 1154 1400 minoris

132 1426 192 1491 erit
212 1445 308 1507 picam
330 1444 378 1488 res
400 1425 466 1488 erit.

542 1546 593 1612 De
609 1546 740 1630 peculio.

224 1654 275 1719 73,
299 1653 338 1718 Ι).
350 1653 402 1733 15,
415 1656 442 1737 1,
455 1652 504 1735 11,
515 1653 544 1718 3.
586 1651 747 1737 Ulpianus
768 1653 853 1718 libro
872 1653 1047 1718 vicensimo
1066 1676 1153 1719 nono

135 1744 175 1808 ad
204 1742 346 1807 edictum
375 1741 423 1828 (P.
444 1740 552 1827 852‘1).
579 1778 623 1788 —
651 1740 714 1807 Est
742 1791 771 1807 ..
799 1742 1010 1826 quaestionis,
1042 1763 1083 1806 an
1111 1743 1154 1824 id,

136 1831 221 1917 quod
246 1831 395 1896 dominus
419 1830 519 1895 semel
541 1830 673 1895 deduxit
691 1852 764 1895 cum
784 1832 1018 1915 conveniretur,
1042 1853 1154 1896 rursus

135 1921 164 1985 si
197 1919 420 2004 conveniatur,
453 1919 648 2002 de‘peculio
677 1920 821 1984 eximere·
845 1919 973 2002 debeat,
1006 1941 1049 1984 an
1077 1942 1154 1984 vero

133 2009 236 2074 veluti
261 2009 402 2073 solutum
426 2008 456 2072 ei
478 2008 627 2073 videatur
650 2009 750 2073 semel
773 2009 861 2073 facta
882 2007 1083 2074 deductione.
1122 2013 1155 2073 ct

134 2097 289 2163 Neratius
304 2102 338 2162 et
349 2097 459 2163 Nerva
473 2101 599 2182 putant,
612 2097 691 2161 item
701 2095 848 2162 Iulianus
864 2097 948 2162 libro
964 2097 1154 2162 duodecimo

137 2187 260 2270 scribit,
284 2187 311 2250 si
335 2186 463 2270 quidem
487 2185 625 2250 abstulit
646 2185 709 2251 hoc
732 2186 771 2250 de
794 2187 930 2269 peculio,
951 2208 1018 2251 non
1038 2186 1155 2251 debere

136 2275 262 2359 deduci,
299 2276 326 2338 si
359 2296 435 2339 vero
468 2274 602 2338 eandem
633 2275 829 2358 positionem
861 2275 982 2359 peculii
1013 2275 1155 2359 reliquit,

136 2365 251 2430 debere
276 2385 348 2426 eum
372 2363 536 2428 deducere.

471 2522 615 2605 Dcposc‘ti
637 2524 683 2588 cel
704 2528 820 2590 contra.

227 2630 278 2694 74.
303 2629 341 2693 D.
357 2630 408 2710 16,
423 2630 453 2711 3,
469 2631 498 2711 1,
513 2630 564 2694 21.
605 2628 768 2714 Ulpianus
790 2631 875 2694 libro
898 2630 1091 2714 trigensimo
1116 2631 1156 2695 ad

138 2717 278 2783 edietum
307 2715 356 2804 (P.
377 2716 465 2804 895).
492 2753 533 2764 -
564 2715 654 2805 (Non
680 2721 808 2784 tantum
836 2718 1032 2802 praeteritus
1061 2719 1156 2785 dolus

137 2807 172 2870 in
199 2807 339 2890 depositi
368 2807 494 2871 actione
522 2807 642 2886 veniet,
671 2807 727 2872 sed
755 2808 855 2872 etiam
878 2807 1020 2886 futurus,
1048 2808 1157 2873 idest

137 2899 214 2979 post
236 2895 330 2960 litem
354 2892 593 2983 contestatam.)
635 2896 708 2960 inde
732 2896 845 2961 scribit
863 2896 1029 2980 Neratius,
1053 2898 1081 2961 si
1105 2919 1156 2961 res

138 2983 286 3067 deposita
314 2984 382 3048 sine
412 2983 486 3049 dolo
514 2985 600 3049 malo
629 2986 750 3050 amissa
778 2986 821 3050 sit
849 2988 979 3070 etpost
1002 2985 1157 3050 iudicium

139 3080 309 3158 acceptum
333 3073 575 3158 reciperaretur‚
598 3072 701 3139 nihilo
725 3074 833 3138 minus
856 3079 942 3139 recte
967 3073 1007 3138 ad
1025 3076 1157 3140 restitu-

138 3161 262 3226 tionem
281 3183 371 3226 reum
391 3162 540 3245 compelli
558 3183 618 3226 nec
634 3161 750 3228 debere
765 3163 900 3247 absolvi,
918 3163 982 3227 nisi
997 3165 1156 3229 restituat.

138 3250 224 3314 idem
247 3249 399 3314 Neratius
420 3250 476 3334 ait,
498 3251 646 3333 quamvis
665 3258 742 3315 tunc
760 3256 867 3317 tecum
887 3252 1028 3336 depositi
1048 3257 1156 3317 actum

140 3339 197 3423 sit,
230 3361 303 3403 eum
335 3339 526 3403 restituendi
558 3338 747 3405 facultatem
779 3362 844 3406 non
878 3340 999 3405 habeas
1032 3341 1157 3406 horreis

139 3427 223 3514 forte
242 3427 348 3511 clusis,
367 3430 486 3512 tamen,
506 3427 533 3491 si
552 3431 628 3493 ante
647 3429 949 3494 condemnationem
963 3429 1157 3494 restituendi

139 3515 329 3581 facultatem
362 3515 496 3600 habeas,
529 3516 806 3583 condemnandum
839 3523 872 3584 te
902 3519 966 3582 nisi
994 3519 1157 3602 restituas,
