2430 3944
454 115 478 163 ¹1.
496 106 687 164 PROCULUS
1012 111 1074 176 157

164 272 205 337 73.
230 270 268 338 D.
283 271 314 352 9,
328 272 426 353 2,29,
440 274 468 336 2.
515 270 675 355 Ulpianus
703 273 786 337 libro
813 278 927 339 ootaro
952 274 1074 340 docimo

99 359 262 425 aedictum
280 355 331 446 (P.
340 357 446 446 925⁶).
463 397 501 407 -
524 358 559 426 Si
580 360 672 426 naris
691 365 749 426 tua
767 362 897 445 inpacta
915 362 949 426 in
968 384 1073 428 meam

98 447 214 533 ropham
246 449 400 514 damnum
431 449 512 519 mihi
545 448 645 530 dedit,
679 451 863 534 quaesitum
895 456 959 533 est,
992 474 1073 537 quae

98 539 155 602 sotio
172 537 249 602 mihi
268 541 473 621 competeret.
510 542 542 602 et
561 538 609 602 ait
626 538 789 622 Proculus,
814 540 841 603 si
860 539 894 604 in
911 543 1074 624 potestate

96 630 232 692 nouarum
256 626 328 710 fuit,
349 647 390 692 ne
412 626 446 690 id
470 625 636 711 accideret,
658 630 691 691 et
711 628 806 712 culpa
825 650 935 694 eorum
954 627 1075 693 factum

98 713 133 794 rit,
161 715 228 800 lege
260 715 394 799 Aquilia
425 736 497 780 oum
530 715 639 780 nautis
671 717 847 802 agendum,
878 717 954 801 quia
983 719 1077 800 parvi

98 803 165 868 ulert
191 825 307 868 narem
339 802 545 868 immittendo
577 808 635 868 aut
651 806 863 871 ¹serraculum
893 806 932 870 ad
960 827 1075 870 navem

96 889 205 958 leurdo
229 914 271 957 an
294 897 352 957 tua
374 913 470 957 manu
494 891 645 957 damnum
670 893 804 980 dederis,
826 894 902 978 quia
926 894 1075 960 omnibus

96 977 245 1047 lismodis
273 1002 332 1066 per
357 984 391 1046 te
418 980 537 1046 damno
566 981 710 1066 adficior3
740 982 795 1047 sed
824 985 852 1047 si
880 983 957 1047 fune
980 987 1076 1067 rupto

96 1071 130 1132 rut
139 1090 204 1134 oum
219 1069 346 1135 anullo
359 1073 526 1155 regeretur
539 1071 631 1135 navis
644 1070 846 1155 incurrisset,
860 1093 931 1136 oum
946 1070 1075 1137 domino

96 1158 221 1241 nondum
243 1179 316 1223 non·
335 1179 415 1224 esse.

470 1271 519 1329 De
540 1272 665 1331 triariis.

93 1376 96 1383 ⁴
157 1389 204 1454 74.
240 1388 281 1456 D.
302 1389 546 1473 47,10,11,4.
605 1389 647 1455 Ul
671 1389 764 1454 ianus
801 1389 886 1455 libro
923 1391 1077 1476 quinqua·

97 1476 209 1557 gesimo
237 1478 378 1562 septimo
407 1476 447 1541 ad
476 1476 616 1543 edictum
687 1475 825 1565 ,1334).
851 1515 893 1525 —
921 1478 1077 1544 Proculus

96 1609 115 1627 ..
131 1565 180 1650 ait,
206 1567 235 1631 si
263 1567 298 1631 in
325 1565 388 1632 hoo
416 1568 449 1630 te
478 1567 698 1651 conduxerim,
725 1571 763 1631 ut
788 1567 940 1632 iniuriam
967 1569 1077 1651 facias,

97 1670 143 1718 sun
160 1660 293 1740 utroque
316 1658 467 1720 nostrum
489 1654 680 1720 iniuriarum
704 1656 757 1741 agi
780 1677 886 1740 posse,
910 1657 986 1740 quia
1005 1678 1077 1722 mea

96 1758 162 1822 opera
180 1743 269 1809 faeta
292 1742 336 1808 sit
358 1743 487 1810 iniuria.

155 1832 199 1898 75.
231 1832 315 1900 Ibid.
334 1823 424 1897 55-
444 1832 597 1918 Idemque
621 1832 668 1898 ait
691 1882 724 1898 ..
748 1833 777 1898 si
799 1834 867 1898 filio
892 1855 964 1899 meo
987 1855 1075 1898 man·

44 1966 47 1971 .
97 1912 193 2006 lavero,
215 1926 252 1987 ut
275 1921 337 1987 tibi
359 1920 511 1986 iniuriam
535 1920 643 1987 faciat

406 2097 457 2164 De
478 2100 588 2165 noxali
610 2100 735 2165 ustione.

155 2222 201 2286 76.
233 2221 304 2287 Gai.
322 2222 353 2301 4,
373 2224 423 2288 78.
454 2259 492 2270 -
523 2271 553 2288 ..
585 2223 613 2287 si
644 2223 730 2288 filius
763 2224 848 2306 patri
878 2226 934 2286 aut
963 2245 1074 2287 servus

44 2334 46 2343 ·
96 2299 193 2374 tonino
215 2333 334 2376 noxam
353 2311 560 2394 commiserit,
583 2312 673 2376 nulla
697 2312 782 2378 aetio
805 2312 962 2398 nascitur,
985 2313 1077 2376 nulla

96 2393 154 2459 tuin
177 2399 308 2464 omnino
335 2399 420 2464 inter
446 2422 498 2464 me
526 2404 559 2464 et
585 2421 658 2464 eum
686 2401 797 2484 quiin
821 2405 980 2485 potestate
1005 2424 1077 2466 mea

95 2483 134 2565 ut,
151 2487 302 2573 obligatio
330 2489 421 2553 nasci
442 2491 559 2573 potest.
610 2489 745 2573 ideoque
770 2493 803 2553 et
828 2490 912 2554 siin
937 2491 1077 2555 alienam

97 2577 261 2648 potestatem
280 2576 463 2660 pervenerit
482 2582 538 2642 aut
557 2577 608 2642 sui
625 2578 704 2642 iuris
719 2599 790 2642 esse
805 2579 955 2662 coeperit,
973 2600 1076 2664 neque

96 2674 146 2724 tun
168 2664 236 2747 ipso
263 2686 366 2749 neque
394 2687 466 2731 oum
493 2688 530 2730 eo
556 2666 646 2731 ouius
669 2689 754 2731 nuno
777 2672 811 2730 in
835 2671 995 2750 potestate
1019 2674 1078 2752 est,

96 2747 132 2830 δεῖ
147 2757 259 2834 potest.
304 2754 389 2819 unde
412 2754 591 2839 quaeritur,
619 2755 647 2819 si
671 2756 793 2820 alienus
817 2777 928 2820 servus
952 2757 1077 2822 filiusve

95 2849 181 2904 noram
212 2843 410 2907 commiserit
441 2843 535 2927 mihi,
567 2850 600 2908 et
631 2844 659 2909 is
691 2850 807 2928 postea
838 2845 873 2907 in
904 2866 977 2908 mea
1005 2868 1076 2910 esse

94 2930 205 3011 eoeperit
227 2933 404 3016 potestate,
428 2936 535 2996 utrum
559 2933 731 2998 intercidat
754 2934 839 2998 aotio
864 2955 906 2997 an
930 2935 1078 3017 quiescat

148 3017 286 3084 diversae
314 3020 444 3086 scholae
473 3021 815 3106 auctores,.quamdiu
838 3023 872 3086 in
895 3045 967 3086 mea
990 3028 1078 3106 pote-

95 3103 154 3167 sua
174 3108 223 3190 sit,
246 3109 409 3192 quiescere
432 3110 591 3175 actionem
615 3114 741 3194 putant,
765 3111 839 3196 quia
862 3111 1077 3194 ipsemecum

96 3205 166 3272 agero
186 3217 251 3261 non
273 3220 416 3282 possum,
439 3220 511 3263 oum
530 3220 606 3264 vero
625 3199 739 3263 exierit
758 3201 796 3263 de
816 3222 887 3265 mea
905 3204 1077 3284 potestate,

94 3274 148 3344 luno
168 3305 235 3348 eam
258 3287 453 3352 resuscitari.

157 3372 202 3439 77.
226 3372 337 3460 Gai.4,
349 3376 399 3442 79.
419 3414 461 3424 -
481 3375 562 3442 (lum
586 3425 612 3445 ..
633 3377 721 3441 filius
744 3377 885 3441 familias
910 3399 948 3441 ex
966 3378 1075 3442 noxali

94 3469 164 3523 lausa
179 3463 338 3550 mancipio
357 3465 460 3550 datur,
478 3466 624 3531 diversae
643 3466 773 3531 scholae
792 3471 939 3531 auctores
956 3470 1075 3548 putant
