2430 3944
152 196 220 265 4ιῄ
258 192 290 247 Y.
310 188 458 248 NERVAE
477 186 525 242 ET
543 185 696 242 TRAIANI
714 186 821 242 TEMP.
840 185 937 242 IURIS
955 185 1136 242 CONSULTI

154 360 226 427 liter
252 356 349 439 trpato
372 350 510 419 Stichum
534 351 696 415 tradiderit
719 352 803 432 isque
825 370 846 415 a
869 354 897 414 te
918 351 1030 416 unctus
1051 348 1166 430 fuisset,

150 465 238 531 putu
269 448 298 509 tc
327 461 364 507 m
395 444 570 505 testamento
601 459 689 521 apere
716 438 818 503 Iubeo
849 438 966 521 scribit,
998 440 1076 520 quia
1105 458 1167 504 non

153 534 274 601 ristulum
299 529 384 595 bores
411 529 540 610 dedisse,
569 530 650 609 quod
675 530 720 592 ita
747 529 881 610 dederat,
908 533 945 592 ut
969 527 1080 593 babere
1106 548 1167 592 non

150 621 267 707 pnsum
294 622 324 684 et
348 616 402 682 boc
427 637 532 682 oerum
554 622 639 698 puto.
684 617 738 682 sul
762 616 817 682 boc
843 617 979 698 amplius
1000 618 1050 681 alt
1067 617 1168 682 debere

152 714 194 789 tr,
220 709 408 792 priusquam
444 706 593 769 iudicium
625 706 809 787 accipiatur,
840 706 1023 770 denuntiare
1050 705 1166 783 laudm

152 816 231 867 uuus
252 795 282 861 si
302 794 394 860 aliter
414 795 531 876 saeris,
554 796 658 876 aperti
679 814 717 859 ec
736 799 911 859 testamento
929 799 1098 876 opponetur
1116 793 1168 859 tobi

152 886 218 955 dull
239 884 318 949 mali
339 884 479 964 exceptio.
1140 948 1142 953 ,

241 971 292 1036 34.
317 970 527 1051 D.ibid.§4.
549 1007 594 1017 —
617 969 807 1036 ‘susumus
829 976 858 1035 et
875 969 984 1035 Darna
1006 972 1088 1036 serui
1110 972 1169 1036 mei

150 1064 185 1130 iu
200 1063 347 1144 potestate
368 1080 437 1123 mea
463 1065 554 1124 erunt
571 1081 641 1125 cum
654 1061 782 1143 moriar,
801 1065 865 1124 tum
879 1059 1002 1125 Stiebus
1018 1065 1050 1124 et
1062 1059 1169 1124 Dama

153 1149 241 1217 liberi
267 1154 358 1214 sunto
385 1153 415 1213 et
438 1148 573 1229 fundum
596 1149 686 1213 illum
708 1149 769 1214 subi
790 1148 938 1213 babento.'
985 1149 1014 1213 si
1036 1148 1168 1213 alterum

152 1258 189 1305 ec
215 1237 265 1302 bis
286 1241 360 1319 post
386 1242 598 1302 testamentare
626 1237 745 1318 factum
771 1238 914 1302 dominus
937 1237 1105 1303 alienasset
1125 1237 1169 1302 cel

151 1327 395 1407 manumisisset,
426 1332 571 1391 neutrum
603 1325 732 1391 liberum
761 1327 904 1407 futurum
937 1325 1040 1392 Labeo
1067 1330 1168 1408 putat.

150 1416 204 1482 scd
232 1414 349 1479 Tubero
378 1435 447 1478 eum
477 1416 533 1496 qui
563 1417 761 1480 remansisset
785 1417 821 1479 in
842 1419 1005 1498 potestate,
1039 1415 1167 1480 liberum

149 1503 294 1586 futurum
316 1508 345 1567 et
367 1503 498 1585 lepatum
520 1503 700 1568 babituram
718 1509 819 1586 putat.
863 1504 1032 1569 Tuberonis
1051 1508 1168 1570 seuten-

153 1595 230 1658 tiam
254 1592 407 1656 coluutati
428 1592 564 1673 defundi
585 1594 686 1675 mapis
705 1597 781 1675 puto
803 1593 968 1658 conuenire.

514 1783 562 1843 De
578 1785 693 1858 peculio
716 1785 815 1859 leonto.

242 1899 294 1968 35.
318 1901 356 1966 D.
371 1903 423 1985 33,
439 1903 468 1985 8,
483 1903 525 1967 22
539 1924 586 1986 pr.
629 1901 739 1967 Labeo
762 1903 848 1969 libro
872 1902 1011 1967 seeundo
1030 1903 1167 1988 posteri·

155 2012 247 2054 orum
276 2012 295 2054 a
322 1989 476 2056 Iauoleno
505 1992 767 2074 epitomatorum.
795 2028 838 2038 —
867 1990 1025 2057 Dominus
1048 2013 1167 2057 sermon

154 2084 328 2144 testamento
346 2081 572 2145 manumiserat
588 2085 617 2144 et
629 2081 657 2144 ei
667 2080 821 2162 peculium
836 2081 1006 2162 tuoruum·
1025 2082 1054 2146 is
1067 2094 1168 2147 serum

153 2168 238 2233 mille
260 2188 403 2233 nummos
424 2169 548 2233 domino
571 2169 715 2234 debuerat
735 2175 764 2234 et
786 2190 834 2234 eos
855 2170 958 2234 beredi
980 2170 1078 2234 solvit.
1124 2190 1168 2234 re-

152 2257 264 2338 spondi
300 2278 402 2322 omues
438 2277 491 2322 eas
526 2256 746 2341 (peculiarest)
777 2279 825 2323 res
856 2259 955 2323 deberi
987 2261 1108 2344 orcino,
1142 2259 1169 2324 si

148 2346 318 2427 pecuniam
342 2347 467 2410 orcinus
488 2367 583 2428 quiam
605 2347 749 2411 debuerat
770 2347 910 2412 solvisset.

243 2435 294 2499 36.
324 2433 362 2498 D.
381 2434 456 2498 ibid.
476 2436 541 2514 51.
565 2472 607 2482 -
631 2434 787 2501 Dominus
809 2456 942 2519 surum,
966 2437 1021 2518 qui
1043 2457 1115 2501 eum
1138 2456 1167 2501 eo

153 2523 306 2587 olearium
337 2544 526 2588 communem
557 2524 697 2608 babebat,
735 2529 911 2589 testamento
942 2528 1168 2590 manumiserat

153 2616 182 2674 et
205 2610 365 2693 peculium
397 2613 425 2676 ei
458 2613 620 2695 lepooerat,
652 2614 760 2678 dunde
788 2615 891 2695 ipsum
918 2616 1084 2697 ricarium,
1117 2613 1168 2696 qui

153 2700 325 2764 communis
346 2704 424 2781 erat,
453 2702 639 2766 nominatim
662 2707 691 2766 et
712 2703 774 2784 ipsi
795 2707 824 2766 et
846 2702 970 2767 libertae
992 2723 1070 2768 suae
1092 2704 1167 2786 lepa-

153 2793 246 2852 cerat.
283 2790 427 2870 respondi
433 2795 557 2870 partem
571 2796 717 2872 quartam
733 2791 864 2872 libertae,
882 2792 1035 2872 reliquam
1046 2798 1168 2874 partem

154 2875 337 2961 [quartam]
361 2877 461 2943 liberti
481 2878 640 2958 ficturum
663 2881 746 2961 quod
767 2885 795 2944 et
819 2879 989 2945 Trebatius.

517 3071 564 3129 De
586 3070 678 3144 fundo
701 3072 799 3146 leuato.

243 3189 294 3254 37.
324 3187 361 3252 D.
380 3189 432 3272 35,
453 3190 552 3272 1,40,
574 3191 599 3253 1.
650 3188 741 3254 Idem
775 3188 831 3276 (sc.
861 3189 1050 3278 Iavolenus)
1083 3192 1166 3256 libro

155 3276 295 3341 secundo
333 3299 371 3341 ox
407 3279 642 3362 posterioribus
675 3277 842 3343 Labeonis.
879 3315 917 3325 -
953 3279 1090 3360 Quidam
1124 3282 1166 3345 ita

154 3365 321 3448 lepaoerot:
359 3364 399 3431 ‘si
436 3366 568 3431 Publius
602 3364 761 3432 Cornelius
798 3369 971 3449 impensam
1007 3390 1104 3451 quam
1134 3370 1166 3432 in

152 3455 288 3534 fundum
321 3453 470 3520 Seianum
500 3455 573 3537 feci,
604 3455 707 3521 beredi
738 3476 803 3520 meo
832 3458 960 3540 dederit,
993 3463 1059 3522 tum
1087 3459 1165 3522 beres

154 3564 239 3608 meus
260 3543 371 3609 Publio
390 3542 530 3610 Cornelio
551 3543 685 3624 fundum
701 3541 852 3609 Seianum
870 3545 963 3610 dato'.
1004 3546 1165 3613 Cascellius
