2430 3944
139 172 207 238 226
228 171 275 230 IV.
290 171 507 241 vnsersmru
521 172 594 228 ΤΙΤΙ
608 171 802 229 DOMITIANI
816 173 926 230 Tune.
938 172 1038 230 IURIS
1053 171 1158 231 (1οΝ8.

513 352 557 408 Dc
574 353 631 423 leae
648 351 790 410 Falcidia.

231 463 261 528 8.
286 461 326 527 D.
336 462 389 548 35,
398 463 430 545 2,
438 462 492 527 49.
523 462 615 529 Idem
634 458 693 550 (se.
712 461 846 549 Paulus)
864 461 948 528 libro
969 461 1159 528 duodecimo

143 551 184 617 ad
201 513 434 637 Plautium(P.
453 548 629 639 1188).-
587 548 811 617 —Plautius
849 549 958 631 Servo,
981 574 1079 637 quem
1097 552 1159 617 tibi

140 640 339 744 legaremur,
360 640 498 705 fundum
521 640 639 725 legavi
684 640 860 705 Atilicinus
883 636 994 707 Nerva
1017 638 1158 705 Sabinus

139 729 282 816 primum
309 731 344 794 in
373 750 465 795 servo
493 731 654 794 rationem
682 729 765 814 legis
788 722 951 794 Falcidiae
973 728 1159 794 habendam

141 824 174 884 et
196 822 296 905 quota
318 835 395 902 pars
419 838 459 882 ex
482 839 520 884 eo
545 818 727 902 decederet,
698 821 823 884 team
845 817 1033 903 partemin
1055 815 1158 884 fundo

140 910 250 993 legato
215 906 428 972 tinutilem
454 905 612 992 futuram,
640 869 753 971 deinde
781 924 820 971 er
847 906 980 991 reliquis
1008 907 1159 991 partibus

140 996 233 1062 fundi
259 996 342 1082 legis
366 993 529 1060 Falcidiae
556 996 740 1079 portionem
767 996 984 1080 decessorem,
1012 994 1099 1061 sicut
1121 1016 1160 1061 ex

141 1086 293 1152 omnibus
315 1085 443 1168 legatis.
489 1082 635 1168 (1555155,
664 1084 751 1169 quod
774 1106 868 1149 servo
891 1106 968 1169 pars
990 1085 1064 1168 lege
1087 1084 1159 1149 Fal·

141 1175 226 1241 cidia
244 1173 386 1257 decedat,
407 1173 551 1257 incipere
570 1194 698 1238 servum
716 1173 787 1238 fieri
806 1195 1010 1238 communem
1029 1173 1159 1238 heredis

142 1267 175 1329 et
201 1264 292 1347 legat
277 1261 367 1345 t,arii
393 1262 557 1327 eommuni
584 1264 693 1326 autem
722 1283 815 1327 servo
840 1284 912 1327 eum
935 1263 1084 1348 legatum
1108 1263 1160 1345 sit,

141 1356 248 1418 totum
276 1312 439 1435 pertinere
466 1350 506 1415 ad
530 1352 667 1431 socium,
695 1351 770 1435 quia
792 1348 827 1415 in
851 1373 889 1416 ea
911 1366 1051 1435 persona
1073 1349 1160 1417 55551

141 1443 288 1527 legatum
312 1439 486 1504 consistere
509 1440 628 1524 possit,
652 1460 716 1524 qua
734 1440 859 1504 ratione
879 1441 977 1505 semel
998 1460 1037 1505 ex
1056 1439 1160 1505 fundo

140 1534 266 1613 partem
288 1528 370 1613 legis
394 1526 556 1593 Falcidiae
581 1528 794 1594 decessuram.

436 1712 484 1770 De
499 1713 733 1786 possessionibus
755 1712 864 1786 tacte.

232 1828 275 1896 9?
303 1827 410 1914 1550,
426 1830 538 1913 16,78.
576 1829 698 1895 Ρ55155
716 1830 801 1895 libro
820 1830 917 1896 tertio
936 1830 977 1895 ad
995 1828 1161 1897 Plautium

142 1915 194 2004 (P.
214 1916 389 2004 1088).—
347 1917 582 1984 —Interdum
608 1918 843 2071 proprietatem
871 1941 998 2022 quoque
1024 1921 1162 1985 verbum

141 2007 357 2092 possessionis
390 2008 565 2093 significat,
597 2011 681 2073 sicut
712 2008 746 2071 in
780 2031 817 2074 eo
852 2007 908 2093 qui
934 2009 1161 2093 possessiones

143 2119 217 2162 suas
240 2099 397 2182 legasset
418 2117 609 2180 responsum
633 2101 691 2163 est.

515 2280 563 2339 De
581 2222 659 2340 55555
681 2280 785 2354 leuata.

233 2398 283 2462 10.
307 2396 346 2460 Ι).
362 2397 415 2480 34,
429 2398 459 2478 2,
475 2399 504 2464 8.
544 2396 633 2462 Idem
658 2394 715 2482 (sc.
733 2394 872 2484 Paulus)
897 2397 982 2464 libro
1007 2420 1095 2466 nono
1120 2400 1162 2464 ad

142 2486 308 2551 Plautium
332 2483 382 2573 (P.
402 2485 513 2572 1171).
538 2522 580 2534 -
604 2486 765 2552 Plautius.
805 2487 922 2551 Mulier
949 2488 997 2552 ita
1021 2489 1160 2574 legavit:

142 2575 300 2660 ‘quisquis
320 2574 403 2639 mihi
421 2574 514 2639 heres
533 2574 604 2660 erit,
622 2574 729 2640 Titiae
742 2581 866 2642 vestem
881 2598 988 2641 meam
1002 2579 1163 2643 mundum

143 2670 396 2747 ornamentaque
424 2664 596 2728 muliebria
624 2664 759 2729 damnas
787 2668 857 2730 esto
883 2665 980 2730 dare'.
1027 2663 1162 2732 Cassius

144 2755 203 2837 515,
232 2755 259 2818 51
288 2774 355 2817 non
382 2757 552 2836 appareret
579 2751 655 2838 quid
684 2752 851 2832 sensisset,
883 2776 1012 2819 omnem
1035 2759 1163 2820 vestem

143 2841 319 2906 secundum
342 2842 444 2906 verba
466 2842 655 2906 testamenti
678 2843 822 2927 legatam
845 2842 956 2908 videri.

235 2948 298 3013 11?
322 2948 362 3014 D.
376 2949 429 3032 34,
442 2950 473 3034 2,
489 2951 518 3015 7.
559 2948 679 3013 Paulus
697 2948 781 3014 libro
800 2951 916 3015 octavo
936 2949 977 3014 ad
994 2948 1163 3016 Plautium

144 3034 195 3122 (P.
215 3035 326 3123 1155).
354 3074 396 3084 -
425 3035 460 3102 81
492 3037 540 3102 155
571 3041 658 3102 55555
688 3037 847 3123 legatum:
881 3037 1015 3103 ‘vestem
1044 3062 1162 3122 meam,

145 3130 318 3210 argentum
337 3148 444 3191 meum
463 3126 599 3191 damnas
619 3132 689 3192 asto
707 3125 805 3209 dara',
823 3125 857 3192 id
870 3129 1016 3212 legatum
1029 3125 1162 3212 videri²‚

145 3214 232 3300 quod
250 3215 437 3279 testamenti
455 3217 603 3299 tempore
621 3215 745 3298 fuisset,
764 3216 840 3299 quia
858 3238 1013 3300 praesens
1031 3221 1161 3301 tempus

145 3324 274 3387 semper
287 3304 540 3387 intellegeretur,
558 3305 586 3369 si
601 3304 688 3369 aliud
703 3305 971 3399 comprehensum
985 3327 1053 3372 non
1067 3311 1160 3372 esset.

217 3485 231 3532 1
251 3476 300 3532 Fl.
319 3477 349 3531 in
368 3492 431 3531 eam
448 3495 607 3548 personam.

216 3554 232 3602 2
254 3547 467 3605 saeviretur.
