2430 3944
164 210 233 274 476
269 208 302 263 V.
321 207 471 263 NERVAE
490 207 537 262 ET
557 206 710 263 TRAIANI
727 206 834 264 TEMP.
853 207 952 263 IURIS
970 207 1151 263 CONSULTI

168 373 314 438 domiuus
343 392 436 436 suam
466 392 531 435 reni
561 371 763 436 conduxisset.
803 371 942 452 sequitur
969 391 1054 453 erpo,
1087 376 1179 437 utne

162 463 386 544 possessionem
406 462 528 543 quidem
547 460 659 525 toeator
676 460 843 541 retinuerit,
865 461 991 541 ideoque
1008 457 1178 544 usucapio¹

167 570 231 614 nou
253 551 387 614 duravit.
427 551 463 612 in
485 550 657 612 venditione
678 548 759 612 ideni
776 548 858 612 iuris
876 553 929 629 est,
952 550 1091 630 quadiu
1109 549 1178 614 ton-

172 639 265 719 tione,
288 643 325 701 ut
345 639 456 719 emptio
478 657 553 702 suae
574 638 622 700 rei
643 639 803 701 consistere
824 657 888 700 nou
904 639 1015 718 possit.

665 794 681 859 i

257 902 308 968 33.
341 902 380 965 D.
399 902 455 981 50,
476 901 531 983 17,
552 902 623 966 199.
672 899 762 965 Idem
791 898 849 987 (sa.
876 900 1070 988 Iavolenus)
1097 902 1174 967 libro

167 995 260 1055 sexto
293 990 523 1073 Epistularum.
558 1026 596 1036 —-
631 991 705 1055 Non
734 995 835 1072 potest
869 991 939 1056 doto
975 1011 1095 1077 earere,
1128 992 1176 1073 qni

167 1080 297 1163 imperio
319 1082 519 1162 mapistratus
540 1099 604 1143 non
619 1080 739 1161 paruit.

572 1278 680 1338 Liber
702 1246 773 1338 vu

541 1387 593 1452 De
615 1390 808 1455 testamentis.

257 1503 309 1568 34
342 1502 456 1582 D.,50
478 1505 624 1588 16,116.
673 1503 763 1569 Idem
790 1501 849 1589 (11.
878 1503 1067 1592 Iavolenus)
1098 1506 1173 1570 libro

167 1597 240 1672 sept
241 1591 307 1655 imo
345 1591 578 1674 Epistularum.
617 1629 658 1638 -
692 1592 852 1673 Quisquis
888 1593 967 1657 mihi
1003 1596 1089 1660 atius
1121 1594 1174 1679 fita·

165 1679 287 1762 filiusve
322 1679 480 1745 tuest
438 1678 501 1745 sit'.
535 1681 636 1745 Labeo
671 1703 734 1746 non
763 1683 860 1745 uideri
889 1683 993 1764 [itiam
1025 1683 1173 1764 contineri,

165 1767 319 1833 Proautus
341 1773 456 1834 eontra.
500 1769 578 1832 ruiti
600 1770 701 1834 Labeo
722 1771 841 1834 uidetur
862 1770 1025 1835 uerborum
1045 1773 1172 1856 11911111

169 1859 268 1939 sequi,
292 1857 443 1922 Prorutus
465 1863 594 1922 ruentem
617 1860 765 1923 testantis.

256 1945 441 2029 Respondit:
463 1967 525 2010 non
548 1947 659 2027 dubito,
681 1949 758 2028 quin
776 1948 928 2013 Labeonis
945 1950 1172 2014 sententiarum

169 2038 304 2100 nonsit.

256 2123 308 2188 35.
332 2123 370 2187 D.
381 2124 432 2205 28,
448 2122 477 2201 5,
488 2122 539 2188 65.
572 2122 659 2188 Idem
676 2121 934 2211 (1111111111)
949 2125 1170 2210 libroseptimo

167 2210 399 2295 Epistularum.
427 2248 463 2256 —
490 2211 571 2275 Eius
598 2233 730 2291 sunum,
757 2214 811 2294 qui
833 2219 1059 2295 postmortem
1082 2233 1170 2279 uuam

167 2305 262 2365 natus
281 2302 348 2384 erit,
370 2300 505 2364 heredem
524 2302 647 2364 institui
660 2321 749 2385 posse
765 2302 866 2367 Labeo
882 2303 1059 2384 frequenter
1076 2303 1172 2369 suun

167 2390 258 2469 idque
283 2410 389 2452 uerunt
416 2409 478 2453 esse
499 2391 662 2467 rnauifesto
684 2395 862 2473 orpurneuto
884 2392 1077 2473 comprobat:
1105 2391 1171 2474 qun

167 2497 271 2541 seruus
293 2477 503 2558 hereditarius,
522 2480 709 2559 priusquam
726 2480 856 2543 adeatur
873 2478 1035 2564 hereditas,
1058 2478 1170 2545 institui

166 2564 251 2629 ireres
264 2570 366 2648 potest,
384 2568 525 2647 quamuis
539 2569 566 2631 is
580 2570 750 2631 testamenti
761 2567 838 2648 faeti
852 2573 983 2649 tenopore
997 2569 1117 2634 nultius
1128 2568 1169 2632 sit.

256 2654 308 2718 36.
331 2654 370 2718 D.
386 2656 437 2734 28,
452 2657 481 2737 ἵ),
498 2656 547 2718 11.
590 2655 759 2719 Iavolenus
779 2657 864 2720 libro
884 2656 1025 2739 septimo
1044 2657 1170 2740 Epistu-
1207 2724 1209 2729 ,

166 2740 280 2805 larum.
302 2779 339 2787 —
361 2741 479 2807 ‘Attius
498 2743 592 2822 fundi
610 2742 789 2808 Corneliani
810 2744 895 2809 iteres
916 2751 978 2810 esto
1001 2745 1096 2824 onitin
1117 2747 1169 2808 dno
1207 2788 1209 2831 ;

168 2829 247 2893 Titii
273 2831 359 2896 iltius
386 2833 507 2896 iusntae
532 2832 651 2896 heredes
677 2831 787 2898 sunto?
832 2833 985 2898 iubebunt
1012 2837 1073 2900 duo
1102 2831 1169 2898 Titii
1207 2836 1209 2841 ’

164 2919 331 3001 semissem,
359 2921 466 2985 Attius
492 2923 657 3004 semissem,
684 2923 775 3004 idque
796 2921 929 2987 Proculo
947 2924 1059 3005 ptaoet.
1102 2919 1168 3004 quid

167 3006 224 3071 tibi
246 3009 391 3073 uidetur?

251 3095 437 3179 Respondit:
460 3118 532 3162 oua
553 3102 597 3163 est
618 3098 747 3163 Proenti
769 3099 881 3180 opinio.

577 3255 627 3320 De
649 3258 741 3340 tepat
730 3279 763 3323 13.

254 3362 306 3426 37.
329 3361 368 3425 D.
379 3364 432 3445 31,
441 3362 483 3426 41
494 3385 541 3446 pr
569 3362 658 3426 idem
674 3364 731 3445 (so.
740 3363 928 3448 Iavolenus)
942 3365 1028 3430 libro
1040 3387 1093 3450 sep
1094 3363 1162 3428 timo

162 3448 260 3532 Epist
246 3450 462 3514 11111111.-
487 3449 622 3515 Maeuio
643 3454 738 3532 fundi
753 3458 831 3535 port
831 3475 878 3518 ern
900 3455 1079 3539 dimidiam,
1104 3449 1161 3518 Seio

232 3575 247 3625 1
270 3571 349 3629 Trio.
368 3571 449 3645 longi
465 3573 601 3643 tempatis
618 3573 812 3644 praescriptio.
