2430 3944
107 160 150 224 26
178 159 225 215 Ill.
242 159 318 214 GAII
332 159 479 214 CLAUDII
488 157 624 215 NERON.
636 158 781 214 GALBAE
790 159 898 216 TEMP.
909 159 1006 217 lURIS
1017 160 1100 216 CONl

105 329 206 387 insula
232 329 265 387 in
292 347 351 404 quo
380 328 557 406 cucurrerit,
584 346 663 387 unus
690 328 816 406 quisquc
843 329 965 389 modum
987 330 1100 389 flumini

104 417 227 476 maioris
252 436 412 494 agnoscere
436 417 537 494 debet,
562 421 592 476 et
615 437 681 476 cam
703 418 833 476 insulam
855 418 919 494 ipse
943 417 1000 477 sibi
1026 418 1100 478 vindi

109 505 202 582 cabit,
230 506 315 564 cuius
338 508 451 565 terram
473 507 686 581 tempestative
708 507 952 583 praeoccupavit3
979 508 1100 582 quoniar

107 613 167 653 non
185 595 365 669 possessoris
383 595 576 673 neglegentia
594 596 645 654 sed
664 597 854 670 tempestatis
869 595 1013 655 violentia
1032 616 1100 673 appe

103 687 152 742 ret
174 678 355 760 abreptum'
411 713 414 719 ·

481 766 530 832 De
545 767 745 850 possessione.

194 893 244 956 17.
272 891 312 955 D.
330 892 384 970 41,
403 893 433 973 2,
454 893 481 973 1,
496 889 526 955 5.
571 889 694 954 Paulus
717 891 804 955 libro
828 891 1099 976 quinquagensim

103 984 219 1065 quarto
244 980 284 1044 ad
308 980 451 1044 edictum
475 976 525 1066 (P.
540 976 629 1063 657).
652 1015 696 1027 —
720 980 969 1063 ..adquirimus
991 1002 1100 1064 posses

102 1070 227 1134 sionem
250 1090 309 1153 per
333 1090 461 1132 servum
485 1073 542 1132 aut
559 1068 671 1151 filium,
695 1068 751 1152 qui
769 1069 802 1131 in
820 1072 984 1153 potestate
1004 1074 1063 1153 est,
1088 1092 1100 1134 e

102 1157 232 1241 quidem
256 1179 368 1221 earum
391 1179 512 1238 rerum,
541 1179 621 1240 quas
644 1155 850 1240 peculiariter
873 1162 995 1240 tenent,
1019 1159 1100 1223 etiat

99 1247 303 1330 ignorantes,
336 1247 420 1310 sicut
451 1243 572 1310 Sabino
607 1250 640 1311 et
668 1244 780 1311 Cassio
800 1247 1009 1331 ...placuit,
1042 1248 1099 1331 qui

100 1339 214 1399 nostra
236 1334 407 1399 voluntate
430 1334 665 1420 intellegantur
686 1335 862 1419 possidere,
885 1336 941 1420 qui
959 1335 1005 1400 eis
1023 1358 1100 1419 pecs·

101 1424 181 1488 lium
205 1425 324 1487 habere
348 1424 599 1507 permiserimus.

410 1618 438 1675 2.
467 1614 516 1673 Ad
538 1615 587 1673 ius
610 1615 811 1674 honorarium.

365 1723 416 1789 De
437 1726 507 1789 iare
528 1726 654 1790 domum
676 1726 846 1790 revocandi.

190 1839 240 1904 18.
263 1839 303 1905 D.
317 1838 348 1924 b,
363 1840 392 1920 1,
407 1840 460 1923 24,
471 1841 502 1904 2.
538 1837 628 1903 Idem
644 1838 704 1922 (sc.
720 1836 855 1926 Paulus)
874 1839 958 1905 libro
975 1842 1100 1924 septim·

99 1928 223 1992 decimo
249 1929 289 1992 ad
308 1927 474 1993 Plautium
498 1926 548 2010 (P.
564 1926 687 2013 1231·).
715 1966 752 1975 -
779 1931 852 1992 ..si
875 1929 1060 2013 postulatur
1084 1932 1100 1995 ii

98 2039 167 2081 rem
192 2017 278 2082 actio
302 2017 457 2082 adversus
481 2017 636 2103 legatum,
660 2017 816 2102 numquid
835 2017 942 2081 danda
960 2018 1013 2100 sit,
1038 2040 1100 2103 quo

97 2106 185 2171 niam
206 2129 245 2170 ex
261 2107 427 2191 praesenti
445 2106 649 2191 possessione
668 2105 749 2170 hacc
768 2111 852 2172 actio
872 2106 943 2170 est?
982 2105 1100 2172 Cassiu

96 2195 265 2278 respondit
284 2196 329 2260 sic
348 2195 552 2276 servandum,
570 2199 616 2277 ut,
636 2194 664 2259 si
683 2194 881 2260 subducatur
897 2195 1100 2260 ministeriun

98 2284 136 2367 ei,
160 2306 225 2348 non
250 2285 295 2347 sit
319 2283 522 2348 concedenda
546 2284 641 2365 actio,
665 2284 791 2348 sivero
817 2304 856 2348 ex
880 2284 993 2348 multis
1014 2286 1099 2349 servi

97 2371 136 2436 de
161 2394 225 2436 uno
251 2382 381 2456 agatur,
404 2393 469 2435 non
493 2373 537 2434 sit
561 2372 745 2435 inhibenda.

236 2549 297 2629 Qui
318 2549 383 2612 cisi
401 2568 460 2629 pro
483 2550 574 2612 certis
591 2550 733 2630 personis
755 2570 793 2613 ce
811 2550 975 2631 postulerat.

185 2678 221 2737 D.
243 2680 276 2750 3,
292 2680 358 2754 2,1
392 2678 544 2736 Praetoris
575 2678 668 2736 verba
700 2677 815 2737 dicunt:
849 2673 871 2736 ³.
892 2722 927 2740 ..
955 2680 1008 2754 qui
1039 2681 1100 2740 arti

95 2766 230 2826 ludicrae
251 2767 506 2843 pronuntiandive
530 2784 621 2826 causa
643 2767 676 2824 in
698 2784 837 2825 scaenam
857 2762 1025 2842 prodierit'

187 2887 237 2950 19.
261 2885 299 2950 D.
315 2887 344 2966 3,
359 2887 389 2968 2,
403 2887 481 2969 4pr.
517 2883 679 2970 Ulpianus
699 2886 783 2950 libro
803 2890 894 2950 sexto
915 2887 955 2950 ad
973 2887 1100 2953 edictun

96 2969 145 3058 (P.
160 2971 265 3062 279l’).
292 3012 328 3022 -
355 2975 509 3039 Athletas
534 3023 566 3038 ..
592 2971 730 3038 Sabinus
758 2979 791 3037 et
819 2973 950 3040 Cassius
979 2976 1100 3060 respon

95 3063 211 3127 derunt
243 3064 374 3127 omnino
408 3069 512 3128 artem
543 3062 700 3127 ludicram
732 3085 797 3127 non
830 3063 948 3146 facere3
981 3066 1100 3129 virtuti

95 3152 182 3215 enim
206 3152 313 3236 gratia
335 3153 397 3217 hoc
420 3151 535 3216 facere.

436 3318 483 3376 De
505 3322 615 3392 recepto
639 3319 769 3376 arbitrio.

183 3428 236 3491 20.
268 3425 308 3491 Ι).
327 3429 357 3510 4,
377 3429 407 3512 8,
424 3428 477 3492 40.
523 3426 721 3510 Pomponius
753 3427 839 3493 libro
871 3426 1040 3491 undecimo
1075 3449 1100 3491 a:

94 3514 207 3580 Variis
217 3516 427 3582 Lectionibus
438 3515 487 3601 (P.
498 3514 586 3602 832).
597 3553 639 3565 -—
650 3515 784 3580 Arbiter
794 3516 934 3580 calendis
949 3514 1100 3580 Ianuariis
