2430 3944
154 173 217 238 182
234 172 282 229 111.
292 171 368 228 GAII
377 172 523 230 CLAUDII
532 172 668 230 NFRON.
679 172 1049 230 cnnnnnrnMP.lon1s
1060 172 1162 232 CONS.

150 336 278 417 fuisset,
305 337 487 420 quaesitum
510 341 572 422 est,
596 337 672 420 quia
694 337 787 401 heres
810 337 891 401 furti
914 339 1075 403 actionem
1097 359 1164 403 non

149 425 294 509 haberet,
318 447 360 489 an
382 425 516 509 usucapi
538 425 651 510 possit.
692 422 831 490 Sabinus
854 426 1022 510 respondit
1039 427 1163 491 nullam

151 515 218 578 eius
251 515 298 577 rei
330 514 561 598 usucapionem
594 536 677 598 esse,
716 514 806 578 cuius
836 515 967 579 nomine
998 514 1078 579 furti
1110 515 1165 600 agi

150 603 269 686 possit3
293 622 389 684 agere
409 607 518 667 autem
536 602 615 667 furti
634 625 716 686 eum,
740 603 796 686 qui
813 602 878 667 frui
897 603 1037 687 deberet,
1059 624 1163 688 posse.

241 690 339 765 ‘Quod
362 697 405 755 sic
428 697 632 772 accipiendum
655 700 709 773 est,
732 700 768 756 ut
785 697 968 757 fructuarius
987 698 1102 773 poterit
1118 697 1165 756 uti

150 783 223 860 frui3
252 784 341 844 aliter
368 785 448 844 enim
475 786 563 845 horno
591 785 624 843 in
647 803 737 844 causa
759 804 819 845 non
841 785 1066 861 perduceretur.
1112 787 1165 847 sed

150 873 177 932 si
199 873 299 933 utenti
321 874 383 931 iem
406 876 438 933 et
460 873 573 933 fruenti
590 873 736 933 abductus
754 873 843 933 homo
861 873 965 953 fuerit,
986 876 1165 936 nouaclum

149 962 222 1039 ipse,
246 963 299 1022 sed
323 962 415 1022 etiam
437 963 523 1022 heres
546 962 621 1021 furti
645 981 734 1040 agere
757 956 889 1037 poterit'.

449 1114 501 1180 De
522 1117 672 1200 emptione
692 1118 870 1182 conditione.

238 1223 304 1287 29?
332 1220 372 1286 D.
388 1223 438 1303 18,
455 1222 550 1306 1,41,
572 1225 600 1287 1.
645 1222 789 1288 Iulianus
812 1222 895 1288 libro
920 1225 1016 1289 tertio
1041 1224 1081 1288 ad
1105 1223 1165 1290 Ur·

151 1311 254 1375 seium
267 1310 421 1376 Ferocem
435 1308 485 1398 (P.
500 1311 589 1395 907).
601 1347 646 1358 -
660 1311 806 1376 Mensam
826 1316 961 1397 argente
977 1317 1165 1398 coopertam

127 1398 231 1462 mihi
254 1400 419 1482 ignoranti
438 1421 497 1483 pro
522 1400 627 1464 solida
650 1400 825 1466 vendidisti
842 1401 1037 1486 imprudens.
1074 1403 1166 1466 nulla

150 1492 200 1552 est
224 1488 347 1571 emptio
370 1487 569 1573 pecuniaque
592 1510 630 1554 eo
654 1489 784 1554 nomine
808 1490 885 1554 data
908 1490 1054 1556 condicet
1094 1540 1102 1555 .

238 1576 303 1641 30?
327 1575 366 1641 D.
375 1577 469 1661 40,4,
481 1577 531 1642 19.
563 1576 653 1643 Idem
668 1576 726 1662 (sc.
735 1575 896 1664 Iulianus)
911 1578 996 1644 libro
1011 1580 1110 1644 tertio
1125 1579 1166 1643 ad

152 1663 304 1729 Urseium
324 1664 477 1731 Ferocem
502 1662 552 1751 (P.
565 1662 655 1752 908).
672 1703 714 1712 -
736 1665 873 1742 Quidam
896 1667 1045 1732 heredem
1070 1690 1165 1732 suum

150 1758 337 1837 rogaverat,
359 1758 396 1818 ut
419 1759 548 1818 serium
573 1755 824 1820 manumitteret
865 1754 995 1839 deinde,
1018 1756 1047 1820 si
1070 1757 1164 1822 heres

151 1863 223 1905 eum
241 1863 307 1906 non
325 1843 560 1928 manumiserit,
578 1843 718 1908 liberum
736 1865 810 1908 eum
829 1864 898 1909 esse
916 1843 1057 1909 iusserat
1071 1846 1165 1931 eique

148 1931 323 2014 legaverat.
359 1931 452 1996 heres
477 1953 551 1996 eum
573 1932 771 1996 manumisit.
811 1933 956 2018 plerique
975 1934 1165 1998 existimant

149 2018 234 2083 hunc
267 2041 307 2083 ex
333 2022 528 2085 testamento
556 2019 742 2085 libertatem
770 2023 933 2105 consequi.
987 2023 1165 2088 seeundum

148 2108 211 2172 hoc
233 2108 378 2192 legatum
401 2130 531 2192 quoque
553 2109 583 2172 ei
606 2109 749 2174 debetur.

238 2201 332 2260 Lenel
354 2205 442 2261 notat
464 2197 631 2280 ‘quaeritur
654 2202 806 2280 deservo,
830 2204 882 2280 qui
899 2205 955 2263 hae
972 2204 1042 2281 lege
1060 2205 1164 2281 veniit,
1204 2234 1212 2249 κ

149 2292 185 2349 ut
207 2290 480 2351 manumitteretur.
527 2291 563 2350 cf.
586 2290 622 2351 D.
644 2293 694 2367 18,
716 2294 743 2365 7,
763 2286 805 2352 3’.
841 2295 875 2351 at
901 2293 1014 2368 nescio,
1042 2313 1082 2353 an
1108 2313 1163 2370 pro

149 2378 227 2437 libro
250 2378 297 2436 III
323 2379 424 2454 potius
446 2379 478 2438 II
506 2380 696 2439 scribendum
720 2381 981 2459 fragmentumque
1006 2383 1099 2459 capiti
1127 2383 1164 2443 de

149 2466 433 2527 manumissionibus
456 2468 682 2528 attribuendum
704 2468 751 2528 sit.

482 2604 532 2670 De
554 2605 827 2670 intercessionibus

240 2711 291 2775 31.
315 2709 355 2775 D.
367 2712 418 2788 16,
430 2711 564 2796 1,16pr.
595 2711 686 2775 Idem
702 2709 930 2799 (solulianus)
945 2712 1029 2779 libro
1045 2717 1163 2797 quarto

151 2797 191 2861 ad
205 2796 357 2864 Urseium
371 2798 524 2864 Ferocem
540 2798 589 2884 (P.
604 2797 693 2887 924).
711 2837 748 2848 -
766 2798 799 2864 Si
814 2801 930 2865 mulier
945 2805 1059 2867 contra
1073 2824 1164 2868 sena-

150 2891 202 2950 tus
227 2888 412 2953 consultum
431 2886 637 2952 Velleianum
660 2912 719 2973 pre
743 2911 795 2952 me
817 2889 1053 2955 intercessisset
1075 2891 1163 2956 Titio

151 2997 274 3060 egoque
299 2975 427 3041 mulieri
445 2976 478 3040 id
497 2976 665 3041 solvissem
685 2981 717 3041 et
736 2978 776 3042 ab
796 2999 834 3042 ea
853 2977 958 3042 Titius
977 3001 1050 3044 eam
1068 3002 1164 3063 pecu·

150 3065 238 3127 niam
261 3069 394 3151 peteret,
418 3065 563 3150 exceptio
586 3066 682 3130 huius
707 3070 838 3131 senatus
862 3068 1003 3132 consulti
1025 3090 1093 3134 non
1115 3074 1164 3134 est

150 3152 321 3235 profutura
341 3153 481 3237 mulieri,
503 3175 606 3239 neque
626 3155 713 3220 enim
731 3176 802 3219 eam
821 3156 1006 3241 periclitari,
1027 3179 1070 3221 ne
1089 3180 1162 3223 eam

151 3242 318 3323 pecuniam
343 3244 471 3326 perdat,
495 3264 567 3307 cum
589 3243 655 3307 iam
679 3265 749 3308 earn
773 3243 901 3309 habeat.

240 3335 415 3395 Triboniani
436 3352 546 3395 manus
570 3341 703 3412 apparet.

240 3437 291 3501 32.
319 3435 401 3503 Ibid.
424 3440 488 3518 51.
510 3475 543 3484 -
579 3436 613 3502 Si
642 3439 682 3504 ab
707 3460 745 3503 ea
768 3440 916 3524 muliere,
943 3462 1025 3523 quae
1049 3447 1163 3507 eontra

152 3528 282 3589 senatus
319 3528 502 3592 consultum
535 3527 783 3612 intercessisset,
818 3528 1042 3595 fideiussorem
1074 3552 1162 3596 acce
