2430 3944
340 209 365 259 b.
387 201 597 260 IAVOLLNUS
615 203 764 261 muscus
991 205 1059 271 437

59 365 165 431 Vitium
190 369 319 431 tectorem
341 367 387 432 do.
432 368 462 432 si
484 367 513 433 ic
533 387 598 432 non
618 368 704 451 vicit,
726 370 792 433 tnm
816 365 936 433 Gaium
958 367 1059 435 Plau·

59 455 122 519 ium
141 458 272 521 tutorem
289 454 339 521 cto'
355 456 458 522 Yitius
476 457 596 521 uicerat
612 461 642 520 ct
654 457 781 522 tutelam
791 462 934 540 oessmat,
952 459 1060 526 deiude

59 548 184 609 ornus
214 548 289 610 erat.
342 543 504 611 Trebatius
535 549 628 628 neaot
652 546 696 610 od
720 543 886 611 Plautium
907 548 1062 630 pectinem

59 633 185 716 utebam,
211 632 314 698 Labeo
336 638 457 718 contra,
482 631 635 699 Proculus
656 636 737 716 quod
759 635 867 701 Labeo.
912 656 964 719 eoo
990 636 1060 702 Tre·

59 722 120 892 ostii
141 722 325 788 sententiam
338 721 444 806 probo,
466 724 542 806 quio
564 722 622 788 itia
642 722 734 789 uerba
756 725 800 789 act
816 725 924 790 mortio
943 729 1060 810 mmpue

59 815 229 877 cenentur.

461 940 572 1000 Liber
593 941 644 1000 IX.

465 1059 515 1126 De
534 1060 639 1141 [uitio.

134 1183 209 1248 149.
242 1185 279 1248 D.
299 1185 351 1264 47,
369 1184 391 1248 2
392 1183 517 1268 ,.91pr
570 1184 744 1250 Iavolenus
782 1185 865 1250 libro
901 1205 987 1249 nono
1020 1205 1059 1250 ex

59 1272 279 1338 osterioribus
303 1271 472 1338 Labeonis.
499 1309 536 1320 -
561 1273 656 1338 Fullo
682 1274 800 1339 actione
827 1274 919 1339 locati
893 1275 982 1340 tde
1007 1275 1059 1339 do·

59 1363 129 1427 nino
147 1361 295 1427 liberatus
312 1366 363 1428 est
405 1366 497 1445 nouat
513 1382 583 1426 eum
598 1361 680 1442 furti
696 1367 773 1428 recte
789 1367 932 1428 concrum
949 1362 1065 1428 Labeo

59 1456 118 1515 nm
136 1469 165 1514 ec
159 1449 263 1530 furti
280 1452 395 1533 coisset,
406 1452 594 1533 priusquam
612 1471 650 1516 ea
667 1451 765 1516 tocoto
783 1435 857 1516 cuni
870 1471 903 1517 co
921 1457 1063 1536 aquetur

59 1544 80 1624 t,
102 1543 270 1621 annonam
292 1539 328 1604 de
348 1539 434 1620 ficrto
452 1541 603 1604 iudicaret
589 1544 648 1618 t,ur
671 1540 763 1606 locati
780 1541 898 1606 actione
916 1540 1062 1606 liberatus

60 1633 132 1707 sset,
158 1631 189 1693 et
210 1628 267 1707 fur
293 1628 332 1694 ab
360 1649 392 1692 eo
419 1627 536 1694 absolvi
561 1629 652 1693 debet.
696 1630 777 1711 quod
802 1630 832 1695 si
852 1628 934 1695 unu
956 1649 1062 1695 omum

60 1720 116 1782 :nn
141 1717 313 1796 accidisset,
338 1716 441 1797 furem
463 1718 492 1781 ei
514 1718 713 1782 condemnari
736 1721 877 1800 oportere.
922 1717 995 1784 baec
1016 1719 1062 1784 in

60 1807 137 1885 iroo,
168 1806 316 1887 quoniam
345 1805 426 1886 furti
455 1810 579 1871 catenus
605 1805 693 1872 babet
719 1807 880 1888 actionem,
912 1811 1063 1888 quatenus

60 1895 112 1960 ius
133 1895 265 1959 interest.

136 1983 209 2048 150.
232 1980 271 2047 D.
286 1983 397 2063 ibide
416 1985 441 2048 1.
465 2018 504 2029 -
530 1981 629 2047 Nemo
647 2003 731 2064 opem
748 1989 807 2049 out
823 1984 984 2050 consitium
1002 1986 1062 2049 otii

60 2077 203 2137 moestam
219 2076 327 2154 potest,
351 2073 406 2155 qui
429 2073 493 2154 ibose
513 2071 593 2152 furti
613 2070 751 2154 faciendi
772 2073 935 2138 consitium
956 2093 1063 2156 capere

60 2181 109 2226 ion
126 2165 236 2242 potest.

138 2250 210 2314 151.
246 2249 523 2333 D.49,15‚27.
578 2248 748 2316 Iavolenus
785 2250 871 2315 libro
904 2272 990 2316 nono
1023 2272 1061 2314 ex

60 2337 281 2403 costerioribus
300 2337 471 2403 Labeonis.
492 2374 532 2384 -
551 2337 705 2404 Latrones
727 2339 783 2404 tc‘bi
804 2359 924 2404 savum
946 2340 1061 2420 eripue-

61 2432 128 2493 aut.
157 2431 263 2508 postea
286 2428 314 2493 is
336 2448 440 2493 seruus
462 2428 506 2492 ad
527 2427 700 2493 Germanos
715 2432 911 2510 perueneram
934 2429 1006 2493 inde
1027 2429 1063 2492 in

62 2517 121 2581 eblo
144 2517 232 2581 uictis
252 2514 421 2582 (immanis
442 2536 548 2582 somus
570 2518 713 2581 venierat.
754 2523 868 2601 necant
883 2536 974 2600 posse
990 2537 1063 2582 uou-

61 2606 116 2687 opi
135 2625 205 2669 eum
223 2604 261 2669 ab
279 2609 410 2687 emptore
428 2605 531 2669 Labeo
550 2603 663 2686 Ofilius
679 2604 848 2689 Trebatius,
865 2607 940 2688 quia
957 2627 1063 2671 oerum

60 2698 123 2759 sset
148 2714 219 2758 enm
243 2694 419 2776 mbreptum
446 2713 521 2775 ceso,
547 2714 601 2758 neo
622 2695 704 2775 quod
722 2692 856 2760 bostium
876 2695 987 2776 sunsei
1008 2700 1065 2760 aut

61 2783 239 2848 osttiminio
260 2783 397 2866 reducet,
419 2784 448 2847 ei
469 2783 516 2847 rei
537 2783 749 2864 impedimento
772 2803 841 2850 esse.

408 2959 457 3024 De
479 2960 540 3042 leae
563 2960 702 3041 Aquilia.

141 3083 212 3149 152.
236 3083 274 3150 D.
287 3084 337 3168 19,
353 3085 382 3167 2,
397 3081 450 3149 57.
487 3082 660 3148 Iavolenus
676 3083 759 3150 libro
774 3107 860 3151 nono
875 3107 915 3149 ex
929 3086 1063 3170 posteri-

61 3174 161 3238 ›ribus
190 3171 358 3238 Labeonis.
388 3209 430 3218 -
464 3172 526 3253 Qui
556 3174 680 3237 mmmm
709 3173 848 3254 babebat,
880 3194 988 3239 aream
1015 3174 1063 3237 in-

60 3267 188 3329 unctam
215 3263 244 3326 ei
271 3262 376 3326 domui
403 3262 501 3326 vicino
519 3263 666 3343 proximo
689 3262 847 3328 locaverat.
893 3264 922 3327 is
944 3263 1064 3327 oioinus

60 3373 117 3418 um
150 3351 326 3434 aedificaret
355 3352 390 3414 iu
421 3370 489 3429 suo,
523 3355 634 3414 terram
665 3343 795 3415 ineam
822 3371 929 3416 aream
955 3347 1064 3414 iuxta¹

61 3462 142 3524 mam
172 3439 378 3520 fundamenta
404 3439 600 3505 caementicio
627 3439 768 3506 locatorio
794 3444 884 3505 erant
910 3439 1063 3523 cmoessit,

120 3584 134 3633 1
155 3579 202 3634 Fe.
223 3577 352 3649 amplius.
