2430 3944
377 162 404 212 t.
424 157 454 213 C.
469 156 615 213 CASSIUS
632 156 817 213 LONGINUS
1063 160 1105 224 59

105 325 221 388 curator
252 321 323 386 fieri
350 324 469 405 potest.
516 323 548 384 et
571 317 703 386 Cassius
731 321 845 385 scribit
871 322 1036 387 neminem
1058 323 1106 386 in-

106 411 194 476 ritum
217 409 400 496 cogendum
423 409 493 474 fieri
515 408 675 473 bonorum
698 413 887 475 curatorem.

181 499 234 565 89.
266 499 306 564 D.
328 498 406 562 ibid.
429 499 449 578 ξ
470 497 500 562 5.
526 533 564 544 -
591 495 626 562 Si
652 500 719 562 tres
743 502 906 564 curatores
929 499 1051 564 fuerint
1073 504 1107 565 et

106 609 176 653 unus
192 610 232 652 ex
248 587 301 652 his
317 586 405 652 nihil
425 585 581 672 attigerit,
600 607 641 649 an
659 586 693 648 in
712 607 796 670 eum,
815 587 870 670 qui
888 587 972 652 nihil
985 589 1106 673 tetigit,

106 675 177 742 actio
200 675 306 741 danda
330 675 403 741 est?
449 679 481 740 et
504 673 636 740 Cassius
659 675 825 740 existimat
848 675 979 740 modum
1003 678 1105 741 actori

105 785 160 829 non
191 764 309 830 debere
347 763 502 830 constitui
533 783 693 847 posseque
726 785 799 828 enm
831 785 905 829 cum
937 785 1001 847 quo
1033 766 1106 830 vult

105 853 237 940 experiri.

510 948 561 1014 De
579 945 687 1030 sartis.

431 1079 478 1138 De
498 1080 579 1152 furto
600 1080 763 1152 maroifesto.

180 1199 232 1266 90.
253 1199 294 1264 Ι).
307 1199 361 1283 47,
374 1199 406 1280 2,
420 1198 495 1283 5pr.
540 1195 700 1280 Ulpianus
723 1197 808 1262 libro
834 1198 1104 1284 quadragensimo

104 1289 197 1373 primo
224 1289 265 1354 ad
293 1287 448 1353 Sabinum
477 1283 528 1373 (P.
545 1282 673 1370 28751’).
697 1321 740 1332 -
770 1283 844 1352 Sive
863 1288 945 1354 ..in
973 1288 1103 1374 publico

105 1377 164 1442 sive
192 1377 226 1441 in
256 1378 386 1461 privato
418 1374 691 1459 deprehendatur,
723 1378 897 1459 antequam
927 1376 968 1440 ad
995 1377 1103 1441 locum

105 1464 288 1531 destinatum
320 1486 389 1529 rem
420 1464 592 1549 perferret,
622 1464 656 1527 in
689 1484 728 1528 ea
760 1485 856 1528 cansa
888 1469 951 1548 est,
983 1469 1020 1530 ut
1050 1465 1104 1530 lur

105 1553 281 1619 manifestus
309 1553 366 1637 sit,
398 1553 426 1618 si
452 1574 525 1618 cum
552 1573 588 1616 re
616 1552 737 1616 furtiva
764 1551 1037 1637 deprehendatur,
1071 1558 1103 1620 et

104 1642 144 1706 ita
163 1640 291 1707 Cassius
315 1642 453 1726 scripsit

433 1800 483 1866 De
504 1802 618 1866 damno
640 1800 760 1882 infecte.

180 1925 228 1990 91.
262 1924 301 1989 D.
325 1925 377 2010 39,
400 1926 430 2007 2,
454 1925 505 1989 10.
559 1923 680 1989 Paulus
714 1925 798 1989 libro
832 1925 1100 2010 quadragensimo

106 2016 203 2079 octavo
230 2014 270 2078 ad
300 2014 440 2078 edictum
468 2011 518 2100 (P.
538 2011 605 2101 62).
629 2049 671 2059 -
696 2012 849 2089 Quamvis
876 2013 998 2077 alienus
1023 2035 1100 2078 usus
1196 2020 1199 2025 ’

105 2099 213 2166 fruetus
244 2102 301 2186 sit,
334 2101 498 2167 dominum
528 2101 771 2185 repromittere1
799 2104 948 2186 oportere
976 2098 1035 2185 (sc.
1062 2101 1100 2166 de

104 2188 206 2256 damno
228 2189 363 2276 infecto)
387 2189 519 2256 Cassius
544 2192 597 2255 ait.

460 2367 510 2433 De
532 2369 726 2433 condictione.

178 2483 227 2548 92.
259 2483 298 2549 D.
320 2485 371 2566 13,
389 2484 419 2566 3,
437 2484 467 2547 4.
519 2480 619 2547 Gaius
651 2482 734 2548 libro
766 2505 852 2549 nono
886 2483 926 2547 ad
958 2483 1099 2548 edictum

98 2572 284 2653 provinciale
313 2569 362 2659 (P.
382 2570 471 2656 205).
498 2607 543 2618 -
571 2570 606 2637 si
633 2593 722 2635 merx
750 2573 872 2657 aliqua,
900 2594 982 2656 quae
1009 2577 1098 2637 certo

99 2658 142 2722 die
162 2661 229 2724 dari
252 2662 405 2740 debebat,
433 2661 537 2745 petita
561 2660 618 2743 sit,
644 2659 745 2724 veluti
769 2661 879 2724 vinum
904 2662 1010 2725 oleum
1033 2659 1099 2725 fru-

99 2754 244 2829 mentum,
269 2751 355 2815 tanti
376 2751 470 2815 litem
494 2747 727 2813 aestimandam
751 2746 881 2812 Cassius
906 2748 961 2826 ait,
984 2749 1099 2832 quanti

98 2835 203 2901 luisset
230 2860 267 2903 eo
297 2839 362 2922 die,
389 2861 452 2923 quo
481 2837 550 2902 dari
578 2837 702 2920 debuit3
730 2837 758 2900 si
781 2836 819 2900 de
842 2836 893 2900 die
916 2837 997 2901 nihil
1021 2859 1098 2902 con-

96 2926 186 3009 venit,
206 2926 320 3011 quanti
338 2933 424 3013 tunc,
443 2948 515 2991 cum
534 2925 687 2990 iudicium
708 2924 914 3010 acciperetur.
950 2925 1097 3009 idemque

95 3012 170 3079 iuris
193 3016 226 3079 in
249 3016 321 3081 loco
342 3037 423 3098 esse,
445 3018 483 3078 ut
500 3015 640 3097 primum
660 3014 844 3079 aestimatio
864 3020 1009 3079 sumatur
1028 3016 1097 3078 eius

94 3099 163 3186 loci,
197 3126 260 3188 quo
289 3103 359 3168 dan'
386 3103 508 3185 debuit,
541 3102 569 3166 si
597 3103 635 3166 de
662 3102 735 3167 loco
763 3102 845 3167 nihil
873 3105 1040 3184 convenit,
1067 3103 1096 3165 is

93 3189 178 3256 loeus
202 3197 381 3277 spectetur,
404 3213 466 3275 quo
490 3194 662 3273 peteretur.

182 3280 233 3347 93.
264 3279 304 3345 D.
327 3280 383 3362 45,
406 3281 441 3361 3,
464 3280 515 3344 39.
568 3278 658 3342 Idem
686 3276 743 3362 (so.
770 3275 981 3364 Pomponius)
1013 3279 1096 3341 libro

93 3368 262 3435 vicensimo
291 3370 429 3434 secundo
454 3369 493 3432 ad
518 3366 672 3442 Quintum
696 3366 839 3431 Mucium
864 3365 914 3451 (P.
937 3363 1025 3450 285).
1056 3401 1093 3411 -

159 3531 172 3578 1
194 3525 272 3582 Hor.
290 3524 462 3596 promittere.
