2430 3944
437 207 460 257 l.
479 199 668 256 Puouunus
996 202 1058 268 159

88 365 201 448 capturus
218 385 277 450 pro
297 367 401 448 parte,
419 364 504 447 quod
522 362 744 447 impenderim,
762 364 879 430 iudicio
897 366 1062 432 societatis

85 457 123 516 sut
142 453 295 518 communi
322 452 498 517 dividundo
616 456 649 517 et
676 457 727 517 est
752 453 849 537 plane
877 458 1063 520 nostrorum

84 544 293 625 praeceptorum
324 541 407 606 haec
437 542 612 625 sententia,
646 544 683 606 ut
715 542 882 608 credamus
912 543 1062 608 inutilem

83 649 129 693 csse
154 630 260 694 damni
289 628 401 695 infecti
429 629 684 716 stipulationem,
716 651 779 718 quo
807 651 884 696 casu
911 632 1064 698 damnum

85 716 264 785 allectione
288 718 400 783 sarciri
422 717 535 802 possit

141 806 202 872 81?
230 806 351 872 Damni
376 807 489 875 infecti
511 807 756 892 stipulationem
780 829 817 874 eo
836 830 965 894 quoque
987 830 1064 874 casu

85 893 163 961 atlon
189 917 275 978 esse,
303 916 367 982 quo
396 895 460 962 alia
484 897 610 963 actione
639 895 791 961 damnum
816 897 928 961 sarciri
951 899 1064 982 possit,

83 978 200 1160 Ptgpglps
224 985 353 1051 videtur
376 984 587 1051 existimasse.
628 979 667 1050 cf.
685 984 725 1051 D.
740 986 797 1071 39,
811 986 846 1069 2,
861 987 906 1052 32
928 982 1061 1072 (v.11,1

82 1091 101 1154 p
173 1125 179 1138 .

424 1141 475 1210 De
496 1145 690 1211 condictione.

140 1250 186 1316 82.
224 1247 263 1315 D.
285 1252 335 1333 12,
356 1252 504 1330 1,11,1.
559 1250 650 1316 Idem
688 1249 746 1338 (sc.
769 1251 947 1337 Ulpianus)
979 1252 1064 1317 libro

85 1335 225 1405 leonino
245 1343 337 1405 sexto
356 1339 397 1404 ad
416 1339 555 1406 edictum
574 1338 624 1428 (P.
635 1338 739 1428 laub).
756 1377 798 1388 -
814 1338 849 1406 Si
867 1341 929 1406 tibi
948 1340 1064 1406 dedero

82 1421 158 1495 decem
184 1430 244 1512 sio,
264 1433 315 1515 ,ut
339 1449 457 1494 novem
485 1428 616 1514 debeas,
644 1429 801 1494 Proculus
829 1431 890 1513 ait,
998 1452 1065 1495 non

83 1514 189 1599 mplius
221 1519 255 1580 te
288 1517 360 1600 ipso
392 1516 461 1582 iure
494 1517 610 1582 debere
641 1540 738 1602 quam
769 1540 895 1584 novem.
948 1518 1003 1583 sed
1036 1519 1065 1583 si

82 1598 180 1688 dedero,
212 1610 250 1670 ut
281 1605 429 1671 undecim
457 1604 589 1691 debeas,
619 1610 715 1690 putat
741 1606 897 1673 Proculus
926 1608 1065 1690 amplius

82 1708 147 1772 quem
169 1692 278 1758 decern
304 1694 430 1758 condici
452 1715 518 1759 non
541 1716 645 1779 pone.

141 1782 188 1847 83
213 1779 252 1848 D.
269 1782 320 1862 12,
331 1783 360 1867 1,
370 1784 400 1863 9,
410 1782 439 1848 9.
484 1781 645 1866 Ulpianus
667 1783 752 1848 libro
776 1784 950 1849 vicensimo
975 1789 1066 1850 sexto

81 1865 265 1936 udedictum
299 1869 348 1954 (P.
374 1867 477 1957 laub).
508 1908 552 1919 -
584 1871 731 1956 Deposui
763 1871 848 1956 apud
880 1877 912 1937 te
946 1873 1066 1957 decem,

80 1960 163 2035 postea
188 1959 322 2043 permisi
349 1959 411 2024 tibi
438 1959 500 2024 uti:
527 1959 636 2026 Nerva
663 1961 819 2026 Proculus
848 1961 947 2025 etiam
976 1966 1067 2025 ante-

81 2063 148 2126 quam
180 2052 385 2127 moveantur,
422 2049 589 2114 condicere
625 2051 718 2133 quasi
751 2054 864 2114 mutua
897 2050 958 2113 tibi
989 2049 1066 2114 haec

81 2149 147 2211 posse
169 2136 265 2221 <me>
289 2137 389 2202 aiunt.

142 2225 189 2290 84.
213 2225 254 2290 Ι).
269 2226 319 2310 12,
329 2228 360 2306 4,
370 2225 400 2305 3,
410 2227 440 2292 3.
486 2223 644 2310 Ulpianus
666 2226 751 2290 libro
774 2225 950 2291 vicensimo
976 2229 1067 2290 sexto

82 2307 245 2379 adedictum
261 2311 311 2401 (P.
323 2311 479 2401 77212).-
494 2313 577 2390 Quid
593 2315 620 2378 si
634 2315 681 2379 ita
696 2314 776 2397 dedi,
791 2319 828 2378 ut
841 2314 930 2379 intra
944 2318 1067 2379 certum

81 2397 177 2485 tenpus
200 2402 414 2482 manumittas
436 2400 495 2489 (sc.
510 2399 693 2488 Stichum?
730 2404 758 2467 si
776 2403 919 2468 nondum
938 2408 1067 2487 tempus

83 2483 228 2570 praeteriit,
246 2490 422 2555 inhibenda
442 2492 504 2555 erit
522 2492 683 2576 repetitio,
701 2492 764 2556 nisi
784 2492 961 2576 paeniteat,
983 2492 1067 2575 quod

83 2572 281 2664 ipraeteriit,
304 2580 429 2645 condici
447 2581 576 2665 poterit.
614 2581 669 2644 sed
689 2580 716 2644 si
737 2578 866 2644 Stichus
887 2581 1069 2661 decesserit,

83 2680 108 2726 u
130 2668 228 2752 repeti
260 2668 344 2754 quod
373 2669 483 2733 datum
511 2673 561 2734 eet
586 2669 713 2753 possit?
763 2668 918 2733 Proculus
948 2670 1007 2753 ait,
1040 2669 1069 2733 si

82 2757 133 2831 'post
150 2756 180 2821 id
204 2756 363 2841 temporis
387 2757 569 2842 decesserit,
592 2778 655 2840 quo
675 2758 861 2822 manumitti
879 2757 997 2841 potuit,
1020 2780 1068 2821 re·

85 2842 243 2919 petitionem
268 2867 351 2930 esse,
374 2847 403 2910 si
426 2847 546 2930 minus,
570 2867 705 2912 cessare.

149 2934 197 2999 85.
223 2933 304 2999 Ibid.
320 2937 340 3016 ξ
354 2934 385 2999 4.
402 2972 440 2982 -
458 2933 542 3010 Quin
566 2936 664 2999 immo
689 2938 722 2999 et
746 2935 775 2998 si
798 2934 880 2998 nihil
906 2934 967 2999 tibi
987 2933 1067 3015 dedi,

87 3017 110 3076 tl
122 3023 364 3106 manumitteres,
384 3022 550 3108 placuerat
569 3028 688 3106 tamen,
707 3027 744 3088 ut
763 3023 882 3108 darem,
901 3024 988 3087 ultro
1007 3023 1068 3087 tibi

88 3113 234 3201 conpetere
263 3113 439 3196 actionem,
466 3134 547 3197 quae
575 3134 615 3176 ex
642 3113 703 3177 hoc
732 3115 900 3177 contractu
924 3112 1070 3176 nascitur

89 3184 118 3270 [ld
135 3202 176 3262 est
197 3199 470 3281 condictioneml]
495 3200 645 3265 defuncto
671 3222 796 3285 quoque
819 3222 865 3265 eo.

336 3358 387 3425 De
409 3360 570 3425 amborum
592 3360 781 3443 obliputione.

150 3463 195 3529 86.
222 3464 259 3531 Ι).
273 3466 327 3548 45,
341 3467 371 3548 2,
387 3467 486 3551 12pr.
533 3465 709 3531 Venuleius
735 3466 819 3530 libro
844 3465 986 3530 secundo
1006 3461 1069 3525 Sti-

92 3545 254 3622 putationum
277 3552 326 3640 (P.
341 3552 409 3642 57).
434 3593 476 3602 -
501 3553 536 3620 Si
564 3577 602 3619 ex
630 3554 769 3636 duobus,
797 3555 852 3638 qui
877 3552 1071 3636 promissuri
