2430 3944
115 115 181 178 522
483 111 763 168 ADDITAMENTA.

117 300 209 342 servo
243 298 315 341 meo
348 277 398 340 vel
432 298 512 359 pure
541 277 593 341 vel
627 275 686 340 sub
719 275 907 341 condicione
941 277 1054 341 eadem
1079 299 1122 341 res

115 367 227 450 legata
256 371 305 430 est
333 385 457 450 egoque
485 366 630 450 legatum
660 365 746 448 quod
770 364 851 429 mihi
875 365 987 429 datum
1012 371 1063 431 est
1085 388 1123 430 re·

116 454 256 538 pudiem,
289 453 403 518 deinde
428 454 629 536 [condicione
659 455 829 535 existente]
861 454 895 518 id
923 455 1011 539 quod
1040 477 1123 519 seruo

115 565 187 608 meo
220 544 365 627 legatum
398 549 456 624 est,
489 543 604 607 vellem
637 542 678 606 ad
711 564 763 606 me
796 542 976 627 pertinere,
1006 549 1122 627 partem

116 632 217 717 legati
241 632 374 696 deficere
398 653 589 715 responsum
613 635 671 695 est.

463 800 513 865 De
534 801 784 882 fideicommissis.

207 915 270 979 17?
295 914 333 980 D.
352 916 405 996 31,
425 915 475 998 70,
494 916 525 979 2.
547 914 637 979 Idem
661 912 719 1001 (sc.
742 911 960 1000 Papinianus)
981 915 1066 981 libro
1088 915 1123 981 vi-

115 1005 235 1069 cesimo
269 1002 509 1079 Quaestionum.
545 1040 582 1051 —
618 1003 701 1069 Cum
735 1003 867 1088 quidam
900 1004 969 1068 filio
1003 1025 1062 1069 suo
1093 1025 1123 1068 ex

115 1097 209 1177 parte
248 1092 365 1156 herede
397 1092 549 1157 instituto
581 1098 734 1176 patruum
766 1093 836 1156 eius
874 1093 1067 1158 coheredem
1100 1091 1122 1156 ei

116 1181 259 1246 dedisset
287 1184 319 1245 et
346 1182 387 1245 ab
413 1202 451 1247 eo
482 1181 626 1266 petisset,
654 1185 690 1246 ut
714 1181 818 1246 filium
842 1202 938 1245 suum
963 1203 1023 1265 pro
1046 1181 1122 1246 virili

115 1272 267 1354 portione
285 1269 361 1333 filiis
381 1270 448 1334 suis
470 1269 660 1336 coheredem
683 1270 814 1353 faceret,
834 1271 862 1333 si
876 1270 1009 1353 quidem
1028 1271 1122 1335 minua

115 1362 202 1422 esset
225 1360 259 1421 in
281 1358 368 1421 virili
392 1360 551 1442 portione,
574 1381 671 1443 quam
693 1359 804 1422 fratris
823 1357 990 1424 hereditas
1009 1359 1122 1440 habuit,

116 1447 197 1510 nihil
221 1446 359 1529 amplius
379 1447 447 1530 peti
465 1468 571 1530 posse,
591 1448 676 1531 quod
696 1448 724 1512 si
743 1449 826 1532 plus,
841 1447 941 1511 etiam
961 1447 1123 1526 fructuum,

116 1557 196 1619 quos
228 1540 364 1618 patruus
396 1537 541 1619 percepit
572 1538 639 1619 vel,
675 1558 749 1601 eum
780 1539 946 1619 percipere
981 1536 1123 1621 potuerit,

116 1623 190 1688 dolo
218 1645 282 1688 non
311 1623 410 1709 cepit,
442 1625 624 1689 habendam
654 1647 724 1690 esse
752 1625 912 1690 rationem
941 1646 1121 1710 responsum

114 1715 174 1796 est,
197 1733 263 1776 non
284 1734 374 1777 secus
394 1735 491 1798 quam
512 1715 538 1777 si
559 1720 688 1779 centum
707 1713 839 1778 milibus
858 1715 980 1798 legatis
999 1719 1122 1801 rogetur

115 1804 195 1884 post
218 1805 347 1885 tempus
371 1803 528 1867 maiorem
553 1803 771 1886 quantitatem
795 1803 974 1868 restituere.

209 1889 270 1954 18?
295 1890 334 1953 D.
358 1892 410 1975 32,
437 1891 486 1970 11,
510 1893 539 1956 3.
570 1890 727 1974 Ulpianus
751 1891 836 1956 libro
861 1893 1005 1958 secundo
1028 1891 1122 1957 Fidei·

115 1979 371 2043 commissorum.
402 2016 443 2025 —
469 1978 550 2044 Cum
583 1983 669 2044 esset
697 1981 769 2064 quis
798 1984 934 2064 rogatus
964 1980 1122 2047 restituere

115 2068 297 2149 portionem
331 2073 464 2152 accepta
501 2073 589 2133 certa
621 2069 818 2154 quantitate,
854 2090 1048 2153 responsum
1084 2072 1122 2133 est

115 2158 200 2220 ultro
229 2163 337 2241 petere
361 2158 467 2241 ipsum
491 2157 776 2222 fideicommissum
805 2158 845 2222 ab
878 2158 999 2223 herede
1031 2178 1121 2243 posse.

448 2325 498 2390 De
521 2326 655 2391 libertate
677 2297 792 2392 relicto.

207 2440 257 2503 19.
292 2441 329 2504 Ι).
362 2442 418 2523 28,
451 2441 485 2524 5,
520 2442 599 2525 8pr.
631 2441 722 2507 Idem
760 2439 817 2528 (so.
850 2440 1014 2529 Iulianus)
1050 2443 1119 2508 libro

115 2529 258 2593 secundo
283 2531 323 2593 ad
347 2528 497 2595 Urseium
521 2529 681 2594 Ferocem.
707 2567 744 2577 -—
770 2530 845 2594 Duo
870 2532 951 2595 socii
975 2531 1120 2615 quendam

6 2645 8 2648 ·
114 2638 246 2679 servum
288 2640 491 2682 communem
537 2623 735 2684 testamento
776 2620 864 2684 facto
906 2620 1057 2685 heredem
1095 2621 1119 2682 et

115 2705 254 2769 liberum
287 2728 357 2770 esse
388 2708 565 2788 iusserunt,
599 2708 692 2772 ruina
728 2708 825 2772 simul
863 2710 1013 2791 oppressi
1047 2707 1118 2792 peri·

114 2796 217 2858 erant.
254 2795 398 2879 plerique
438 2796 676 2879 responderunt
703 2796 765 2862 hoc
793 2819 870 2861 casu
900 2797 1028 2863 duobus
1050 2796 1117 2862 oroi·

113 2904 191 2946 num
216 2882 366 2947 heredem
391 2885 537 2948 existere.

204 2973 256 3036 20.
290 2972 328 3037 D.
360 2974 418 3051 40,
454 2974 491 3055 4,
527 2975 604 3057 9pr.
634 2973 795 3058 Ulpianus
833 2974 919 3040 libro
957 2973 1116 3041 vicensimo

114 3064 230 3143 quarto
263 3061 303 3125 ad
337 3060 503 3127 Sabinum.
536 3100 578 3108 —
612 3061 646 3127 Si
679 3064 750 3148 quis
781 3063 828 3127 ita
855 3064 987 3149 legatus
1014 3065 1066 3147 sit,
1089 3061 1116 3124 ut

114 3151 379 3229 manumittatur,
413 3151 441 3214 si
472 3153 690 3216 manumissus
717 3173 784 3216 non
812 3151 924 3236 fuerit,
952 3152 1033 3218 liber
1058 3167 1114 3215 ease

113 3237 221 3302 iussus
249 3236 308 3303 sill
337 3240 428 3323 eique
453 3240 591 3323 legetur:
622 3247 655 3304 et
680 3240 867 3305 libertatem
892 3247 1068 3326 competere
1088 3237 1112 3299 et

113 3324 260 3408 legatum
283 3328 392 3392 deberi
417 3349 511 3411 saepe
535 3351 729 3411 responsum
753 3333 813 3395 est.

185 3487 200 3534 1
225 3482 273 3538 Fl.
293 3485 343 3539 est.
