2430 3944
148 185 213 250 340
249 184 282 240 V.
301 183 451 240 NERVAE
469 183 516 239 ET
536 182 690 238 'PRAIANI
707 182 813 240 ΤΕΜΡ.
831 181 929 238 IURIS
949 182 1130 239 CONSULTI

154 347 359 414 adcrescendi
381 361 448 412 non
472 347 556 432 perit
577 368 638 411 neo
661 347 699 428 ei,
723 346 808 431 apud
827 368 921 430 quem
940 346 1162 412 consolidatus

152 441 212 522 est,
235 458 338 521 neque
362 436 402 501 ab
427 457 475 520 eo,
494 435 624 520 etipse,
644 435 882 520 quibusmodis
902 436 1068 500 amitteret
1086 441 1162 500 ante

150 525 448 609 consolidationem,
469 523 585 588 iisdem
608 528 641 589 et
662 544 747 589 nunc
769 524 842 608 ipso
861 523 989 609 quidem
1007 525 1077 589 iure
1096 546 1163 589 uon

151 615 294 700 amittet,
326 614 381 677 sed
413 616 544 696 praetor
577 616 706 678 secutus
738 613 918 697 exemplum
946 614 1026 678 iuris
1055 613 1163 678 civilis

150 703 264 769 utilem
288 703 448 768 actionem
472 700 564 766 dabit
585 701 772 767 fructuario.
809 708 842 766 et
864 701 913 767 ita
930 701 1007 786 <et>
1024 700 1162 766 Neratio

150 796 184 857 et
206 792 355 858 Aristoni
376 790 513 856 videtur.

241 897 285 965 8¹³.
315 897 352 962 D.
374 898 402 979 7,
420 898 450 978 2,
465 897 495 978 3,
510 896 539 960 2.
583 895 744 980 Ulpianus
767 896 851 960 libro
876 897 1013 980 septimo
1036 895 1162 961 decimo

152 988 192 1052 ad
223 985 379 1052 Sabinum
412 981 460 1071 (P.
480 981 594 1071 2566).
623 1020 661 1032 -
691 983 766 1049 Non
799 985 905 1049 solum
925 1035 953 1050 ..
974 985 1002 1049 si
1035 983 1160 1049 duobus

150 1098 228 1141 usus
251 1076 376 1140 fructus
399 1075 536 1158 legetur,
559 1078 609 1138 est
632 1075 682 1138 ius
707 1072 920 1157 adcrescandi,
942 1095 1056 1138 verum
1079 1078 1112 1136 et
1135 1075 1163 1137 si

152 1165 247 1229 alteri
279 1185 356 1228 usus
388 1162 526 1246 fructus,
560 1162 655 1227 altari
686 1161 803 1226 fundus
835 1163 962 1247 legatus
991 1165 1053 1244 est,
1086 1184 1163 1225 nam

152 1254 323 1318 amittente
341 1273 435 1315 usum
454 1251 593 1316 fructum
614 1251 727 1335 altero,
745 1251 797 1316 cui
816 1255 887 1316 erat
900 1252 1037 1337 legatus,
1056 1252 1163 1334 magis

151 1344 221 1406 iure
250 1340 455 1406 adcresceudi
484 1339 525 1404 ad
553 1340 691 1405 alterum
720 1339 863 1423 pertinet
890 1361 986 1425 quam
1014 1339 1098 1403 redit
1122 1340 1163 1403 ad

152 1431 393 1515 proprietatem.
443 1449 502 1493 nec
534 1450 668 1511 novum3
701 1450 777 1492 nam
809 1434 842 1493 et
874 1431 902 1492 si
930 1427 1054 1493 duobus
1082 1450 1161 1492 usus

152 1518 275 1584 fructus
302 1517 428 1602 legetur
455 1522 488 1602 et
515 1517 599 1600 apud
624 1518 761 1581 alterum
785 1517 829 1581 sit
851 1517 1085 1599 consolidatus,
1113 1517 1165 1581 ius

153 1607 359 1672 adcrescendi
385 1628 456 1671 non
481 1607 566 1688 parit
592 1627 696 1690 neque
724 1605 767 1688 ei,
796 1606 881 1689 apud
908 1628 1001 1690 quem
1025 1606 1163 1670 consoli-

153 1696 248 1760 datus
267 1700 326 1778 est,
344 1716 447 1778 neque
466 1695 507 1758 ab
526 1716 574 1778 eo,
596 1699 628 1758 et
647 1695 726 1780 ipsc,
745 1694 861 1778 quibus
880 1694 983 1759 modis
998 1695 1166 1758 amitteret

153 1787 229 1849 ante
257 1783 559 1866 consolidationem,
586 1782 689 1847 isdem
712 1787 745 1847 et
766 1804 851 1848 nunc
875 1783 1014 1848 amittet.
1058 1786 1093 1847 et
1117 1783 1165 1846 ita

153 1878 186 1938 et
207 1870 342 1937 Neratio
367 1875 400 1936 et
422 1872 569 1938 Aristoni
592 1872 728 1936 videtur.

243 1980 272 2044 9.
290 1977 365 2043 Vat.
375 1978 418 2043 85
433 1975 522 2062 (Ulp.
537 1977 576 2043 ad
592 1976 692 2064 sau).
702 2015 743 2025 —
758 1977 793 2044 Si
807 2026 833 2043 ..
847 2000 905 2062 per
923 1978 1164 2042 damnationem

153 2090 231 2133 usus
255 2069 378 2132 fructus
401 2067 541 2153 legetur,
562 2067 612 2130 ius
642 2067 846 2132 aderescendi
869 2070 976 2133 cessat
994 2115 1002 2131 .
1017 2117 1023 2130 .
1039 2117 1060 2151 .,
1087 2088 1165 2150 quo-

153 2158 243 2222 niam
273 2157 438 2220 damnatio
465 2159 574 2240 partes
607 2155 694 2220 facit.
745 2155 879 2241 proinde
908 2156 936 2219 si
965 2155 1013 2219 rei
1041 2154 1167 2219 alienae

153 2268 231 2310 usus
250 2245 374 2310 fructus
393 2245 520 2328 legetur
538 2248 571 2308 et
590 2265 628 2308 ex
648 2242 835 2309 Neroniano
855 2244 1062 2310 confirmetur
1079 2244 1176 2328 lega.

153 2339 233 2418 tum,
257 2335 324 2398 sine
348 2333 445 2398 dubio
471 2333 641 2397 dicendum
665 2337 715 2398 est
736 2333 786 2397 ius
806 2332 1009 2397 adcrescendi
1028 2353 1167 2414 cessare,

155 2424 183 2488 si
210 2424 307 2488 modo
334 2425 410 2507 post
437 2421 647 2487 constitutum
670 2444 764 2486 usum
787 2421 927 2487 fructum
950 2421 1047 2485 fuerit
1070 2421 1168 2485 amis-

155 2534 209 2577 sus
324 2533 366 2574 an
387 2513 498 2574 tamen
521 2511 556 2573 in
576 2507 776 2592 Neroniano,
805 2511 956 2594 quoniam
983 2510 1168 2593 exemplum

154 2600 383 2665 vindicationis
415 2599 593 2682 sequimur,
625 2599 741 2665 debeat
774 2598 836 2663 diei
864 2600 976 2663 utilem
1005 2600 1168 2663 actionem

155 2688 274 2752 amisso
304 2711 365 2752 usu
399 2686 506 2752 fructu
537 2688 577 2753 ab
611 2689 713 2753 altero
744 2687 838 2751 alteri
869 2687 1020 2766 dandam,
1055 2689 1168 2771 quaeri

154 2782 271 2860 potest.
317 2779 350 2840 et
373 2779 452 2858 puto
476 2776 650 2841 secundum
673 2773 844 2841 Neratium
869 2775 1113 2840 admittendum.

416 2976 464 3035 De
485 2977 574 3050 fundi
596 2979 783 3036 instrumento
805 2977 906 3051 tepula.

248 3094 296 3159 10.
324 3093 364 3159 D.
378 3096 431 3178 33,
448 3096 477 3175 7,
493 3097 544 3174 12,
558 3096 588 3159 4.
630 3094 789 3179 Ulpianus
817 3095 901 3159 libro
925 3095 1100 3160 vicensimo
1127 3097 1168 3161 ad

157 3180 312 3247 Sabinum
345 3182 393 3268 (P.
413 3184 524 3267 2609).
553 3221 595 3230 -
628 3182 827 3249 saltuarium
846 3233 875 3247 ..
894 3182 1003 3249 Labeo
1036 3184 1168 3267 quidem

155 3275 250 3356 putat
278 3293 349 3337 eum
379 3272 507 3336 demum
530 3273 688 3337 contineri
711 3269 770 3359 (se.
793 3272 1008 3336 instrumento
1032 3273 1169 3359 legato),

157 3362 213 3445 qui
244 3361 405 3426 fructuum
438 3361 667 3426 servandorum
700 3360 805 3446 gratia
837 3364 971 3444 paratus
1005 3361 1061 3445 sit,
1094 3383 1168 3426 eum

156 3471 235 3532 non,
264 3449 318 3534 qui
347 3449 460 3514 finium
489 3449 768 3515 custodiendorum
797 3471 908 3533 causa;
936 3449 992 3514 sed
1015 3448 1168 3516 Neratius

157 3539 255 3602 etiam
278 3538 373 3603 huno.
