2430 3944
460 188 486 237 3.
503 180 665 237 Minicius
914 228 917 231 .
1002 184 1065 248 2¹11

61 340 149 428 seqm
176 342 348 428 demebat,
375 342 473 427 quia>
500 365 538 407 ex
565 345 611 408 eis
639 344 725 408 inter
753 366 833 430 quos
856 367 923 410 non
945 351 997 412 est
1017 368 1068 412 co·

58 433 205 516 nubium,
235 433 290 516 qui
311 431 468 515 nascitur,
491 432 560 496 inre
582 434 728 517 gentium
749 433 864 498 matris
887 435 1068 501 condicioni

59 522 189 588 accedit
235 543 300 606 qna
325 526 420 605 parte
441 523 555 586 autem.
572 521 663 586 iubet
684 522 737 586 lex
764 543 806 586 cx
827 523 896 586 cive
918 522 1067 591 Romano

59 616 89 675 st
117 610 295 696 peregrina
324 609 531 694 peregrinum
564 610 668 694 nasci,
699 631 898 694 supervacua
929 612 1068 697 videtur3
1188 652 1191 657 ·

58 721 136 765 nam
168 702 204 764 ct
237 703 364 764 remota
400 718 438 761 ea
474 697 546 782 lege
582 698 644 763 hoc
676 699 787 782 utique
818 698 890 764 iure
921 700 1067 782 gentium

57 787 202 855 summ
229 790 309 852 erat
353 786 433 851 adeo
461 791 570 850 autem
596 787 659 851 hoc
685 787 737 851 ita
761 791 826 870 est,
853 793 890 853 ut
913 787 976 871 <ex
998 789 1068 854 ciue

58 874 203 941 Romano
240 879 273 940 et
303 874 420 941 Latina
456 873 512 957 qui
543 876 699 957 nascitur,
735 873 871 943 tatinus
901 881 1064 962 nascatur,

60 985 257 1050 quamquem·
280 962 321 1028 aii
348 984 403 1031 eos
431 964 487 1046 qui
513 963 608 1028 hodic
630 961 746 1028 Latini
764 965 984 1048 appellantur,
1012 966 1067 1030 lux

58 1051 190 1118 Minicia
217 1073 286 1118 non-
310 1051 464 1136 pertinet3
493 1072 569 1116 nam
596 1052 911 1135 comprehenduntur
939 1054 1068 1138 quidem

59 1140 300 1226 peregrinorum
336 1139 553 1224 appellatione
589 1140 624 1204 in
660 1162 698 1205 ea
733 1141 805 1225 lege
841 1144 930 1226 non>
962 1143 1067 1208 solum

60 1233 184 1294 exterae
204 1229 353 1294 nationes
372 1233 404 1291 et
423 1231 545 1313 gentos,
569 1229 624 1292 sed
643 1229 741 1293 etiam
761 1231 817 1314 qui
834 1228 944 1294 Latini
962 1232 1068 1296 nomi·

59 1321 191 1402 nantur3
223 1317 279 1386 sed
310 1317 352 1384 ad
379 1316 459 1384 alios
487 1315 620 1384 Latinos
648 1317 803 1402 pertinet,
835 1321 890 1403 qui
917 1319 1067 1403 proprios

60 1407 194 1493 populos
217 1403 427 1492 propriasque
451 1404 598 1473 civitates
621 1405 787 1474 hebebant
809 1411 843 1473 ct
862 1412 954 1473 erant
976 1429 1066 1492 pere-

60 1515 413 1666 mimilllpliilaiiirlib.
432 1581 513 1666 sing.
536 1581 733 1667 Regularum
758 1582 788 1666 5,
803 1583 832 1649 8.
855 1620 898 1631 -
921 1583 1067 1666 Conubio

61 1670 289 1736 interveniente
324 1670 419 1735 liberi
457 1691 583 1754 semper
614 1675 739 1754 patrem
773 1678 965 1757 sequuntur,
1000 1695 1068 1738 non

52 1759 294 1825 interveniente
321 1757 466 1835 conubio
483 1759 595 1825 matris
619 1758 800 1828 condicioni
824 1761 993 1846 accedunt,
1016 1784 1067 1825 cx·

63 1851 152 1932 cepto
175 1869 214 1913 eo
239 1847 295 1933 qui
318 1868 358 1911 ex
379 1848 552 1932 peregrino
577 1849 609 1910 et
628 1847 696 1912 cive
714 1847 864 1917 Romana
880 1850 1068 1937 peregrinus

62 1937 210 2018 nascitur,
234 1935 387 2020 quoniam
410 1935 461 1999 lex
483 1932 636 2000 Minicio²
658 1956 701 2001 ex
720 1936 876 2002 alterutro
897 1938 1068 2023 peregrino

63 2028 173 2089 natum
198 2023 366 2089 deterioris
389 2024 532 2107 parentis
556 2023 776 2088 condicionem
799 2026 888 2109 sequi
911 2027 1007 2091 iubet.

146 2135 302 2194 Minicium
330 2135 406 2193 banc
438 2134 536 2210 legem
568 2134 648 2211 quod
674 2134 708 2195 L.
736 2135 856 2195 Minicio
885 2136 988 2199 Natali
1016 2137 1067 2194 ab·

62 2224 232 2296 iudicemus,
255 2241 328 2282 cum-
345 2223 394 2283 vel
416 2222 472 2281 sub
490 2222 591 2282 Nerva
610 2223 744 2300 principe
762 2223 845 2299 leges
862 2228 984 2300 rogatas
1002 2242 1068 2283 esse

61 2314 198 2372 nudatur
217 2305 269 2394 (D.
283 2314 334 2387 47,
350 2313 401 2387 21,
417 2313 445 2388 3,
462 2315 488 2370 1.
507 2311 648 2371 Karlowa
664 2312 720 2388 Ip.
738 2305 826 2392 624),
848 2313 964 2372 nullam
981 2312 1067 2372 video

61 2402 204 2462 rationem
230 2399 375 2460 idoneam.
420 2400 505 2458 cuius
531 2399 846 2478 legis‘argumentum
874 2401 913 2460 ad
940 2401 1065 2460 eandem

61 2491 120 2550 fore
153 2491 282 2548 aetatem
314 2488 425 2547 referre
456 2487 540 2565 licet,
572 2487 686 2547 scilicet
718 2490 756 2549 ad
787 2490 818 2551 id
844 2494 976 2567 tompus,
1008 2484 1067 2566 quo

62 2583 91 2637 ct
113 2577 266 2638 veteranis
293 2576 471 2654 quibusdam
493 2576 708 2652 principalibus
731 2577 995 2637 constitutionibus
1018 2597 1066 2638 co-

61 2666 184 2726 nubium
212 2685 280 2725 cum
305 2665 353 2723 his
376 2664 491 2724 Latinis
518 2664 733 2742 peregrinisvo,
762 2684 836 2741 quas
859 2667 972 2741 primas
998 2669 1068 2742 post

63 2755 232 2814 mintionem
258 2771 366 2812 uxores
393 2753 545 2831 duxerint,
573 2753 694 2813 concedi
722 2746 800 2834 (Gai.
816 2757 844 2832 1,
860 2746 918 2833 57)
946 2759 977 2814 et
1003 2774 1069 2831 per·

62 2842 171 2920 sgrinis
208 2841 381 2902 civitatibus
418 2840 596 2917 quibusdam
628 2841 709 2900 Latii
744 2843 791 2901 ius
827 2843 876 2903 vel
908 2863 926 2902 a
956 2843 1068 2919 populo

63 2930 194 2991 Romano
212 2929 262 2990 vel
276 2948 294 2987 a
308 2932 414 2988 senatu
427 2931 476 2988 vel
490 2949 508 2988 a
522 2928 648 2989 Caesare
662 2930 727 2988 dari
742 2931 857 2990 solebat
872 2923 950 3012 (Gai.
963 2935 990 3008 1,
1002 2924 1067 3010 95).

63 3019 199 3079 Minicius
231 3021 332 3077 autem
359 3017 491 3090 Natalis,
529 3019 580 3094 qui
617 3036 652 3076 ex
687 3021 815 3096 utroque
848 3019 926 3078 bello
959 3019 1068 3093 Dacico

64 3106 146 3167 ionis
164 3106 346 3167 militaribus
369 3110 493 3166 ornatus
515 3106 655 3183 redierat,
675 3105 787 3166 Romae
810 3108 847 3167 do
869 3107 1068 3166 matrimoniis

63 3195 287 3272 peregrinorum
327 3213 394 3253 cum
430 3195 544 3254 civibus
580 3194 720 3254 Romanis
756 3215 816 3255 non
851 3195 1068 3256 interveniente

132 3334 148 3382 1
172 3327 201 3382 0.
221 3327 342 3395 Menum,
365 3343 435 3396 quae
458 3326 542 3383 lectio
566 3329 696 3384 antesin
715 3327 887 3383 editionibus
905 3329 1017 3398 prolate
1035 3344 1069 3381 ex

64 3414 95 3453 eo
113 3399 225 3455 demum
243 3400 381 3468 tempore,
401 3416 456 3466 quo
476 3397 650 3455 Studemund
668 3399 698 3453 in
717 3398 781 3454 Gaii
801 3399 896 3454 codice
915 3399 1069 3454 Veronensi

65 3475 135 3595 {lagi
147 3469 247 3597 ἔξω
265 3469 407 3524 Minicium
430 3470 565 3536 restituit,
589 3469 663 3539 apud
681 3470 833 3540 Ulpianum
851 3486 962 3538 quoque
977 3484 1068 3523 emen·
