2430 3944
442 205 466 257 ὁ.
490 199 608 256 murus
625 200 759 257 ARISTO
1038 203 1103 268 393

86 340 167 430 nani
187 365 215 428 si
235 363 315 448 quis,
335 363 448 450 inquit,
467 363 603 429 fundum
622 363 704 429 mihi
722 364 900 430 vendiderit
919 369 951 430 et
968 366 1105 431 necdum

89 453 266 518 tradiderit
288 456 322 517 et
343 453 482 536 vicinus,
506 475 579 517 cum
603 475 683 536 opus
706 452 810 518 facere
834 453 930 518 vellet
953 458 985 518 et
1008 456 1105 521 sciret

87 564 143 606 me
176 541 292 607 emisse
325 545 357 606 et
387 542 424 606 in
454 540 554 606 fundo
583 541 719 626 morari,
750 542 831 607 mibi
859 542 1103 627 denuntiaverit,

87 651 162 695 esse
190 653 263 695 eum
286 633 394 694 tutum
417 630 576 715 futurum,
606 631 690 715 quod
714 630 754 696 ad
779 631 995 716 suspicionem
1019 632 1104 697 clam

86 718 170 785 facti
194 718 301 803 operis
324 719 511 804 pertineret.

438 879 488 945 Dc
505 881 619 945 domm
641 880 758 960 inferto.

180 986 233 1050 64.
270 984 310 1051 Ι).
334 986 386 1071 39,
409 987 439 1070 2,
463 987 515 1052 28.
569 986 731 1070 Ulpianus
763 985 847 1052 libro
880 987 1103 1072 octogensimo

87 1075 198 1159 primo
228 1074 267 1139 ad
297 1075 436 1141 edictum
465 1071 514 1162 (P.
536 1072 645 1162 1755).
670 1111 710 1122 -
739 1073 778 1140 In
805 1075 866 1140 hac
894 1075 1105 1160 stipulatione

88 1163 192 1244 venit,
215 1164 327 1247 quanti
351 1186 390 1228 ea
412 1185 463 1229 res
486 1164 554 1228 erit.
596 1169 628 1228 et
646 1164 717 1229 idco
737 1161 869 1229 Cassius
889 1163 1003 1229 scribit
1022 1187 1104 1249 eum,

89 1251 148 1336 qui
182 1250 291 1316 damni
322 1252 435 1317 infecti
467 1252 642 1337 stipulatus
671 1254 733 1337 est,
766 1253 794 1318 si
822 1257 955 1338 propter
982 1257 1105 1318 metum

87 1341 207 1404 ruinae
231 1362 270 1405 ea
293 1341 450 1426 aedificia,
481 1363 616 1426 quorum
638 1340 769 1407 nomine
793 1341 856 1406 sibi
878 1341 977 1427 cavit,
1003 1340 1104 1426 fulsit,

89 1428 257 1513 impensas
277 1429 344 1494 eius
363 1431 410 1494 rei
429 1452 467 1494 ex
482 1430 639 1514 stipulatu
653 1431 805 1514 consequi
821 1452 923 1514 posse.
954 1431 1106 1515 idemque

88 1517 171 1582 iuris
196 1539 274 1603 esse,
300 1540 372 1584 curn
395 1521 528 1604 propter
551 1518 665 1584 vitium
690 1519 869 1584 communis
892 1520 1026 1603 parietis
1050 1521 1105 1604 qui

90 1605 184 1672 cavit
207 1606 270 1671 sibi
293 1606 401 1672 damni
424 1607 545 1693 infecti,
569 1628 702 1673 onerum
725 1629 835 1673 eorum
858 1608 1105 1674 relevandorum

90 1695 211 1780 gratia,
229 1717 312 1780 quae
330 1695 365 1761 in
383 1696 538 1780 parietem
553 1696 755 1779 incumbunt,
773 1696 917 1762 aedificia
931 1719 989 1762 sua
1003 1696 1105 1766 fulsit.
1127 1766 1134 1775 ἢ

89 1784 127 1847 in
152 1784 265 1848 eadem
288 1806 385 1849 causa
409 1790 458 1849 est
482 1785 710 1849 detrimentum
729 1806 857 1869 quoque
875 1789 1009 1869 propter
1027 1787 1105 1851 emi-

91 1873 275 1956 grationem
302 1872 547 1958 inquilinorum,
576 1874 661 1958 quod
689 1894 728 1937 ex
755 1874 842 1939 iusto
870 1878 959 1938 metu
981 1873 1104 1940 factum

92 1962 154 2025 est.
191 1957 306 2026 Aristo
331 1965 439 2026 autem
453 2011 461 2026 .
476 2011 484 2026 .
499 2012 505 2026 .
522 1961 628 2045 adicit,
652 1961 748 2026 sicuti
771 1961 825 2026 hic
844 1962 945 2046 exigit
964 1961 1104 2045 Cassius,

90 2051 129 2113 ut
154 2049 181 2114 si
204 2048 287 2135 <iis>
311 2051 415 2116 iustus
439 2054 544 2115 metus
568 2050 732 2136 migrandi
755 2071 886 2115 oausam
909 2050 1105 2134 praebuerit,

89 2138 140 2202 ita
157 2138 194 2202 in
213 2139 281 2203 eius
301 2161 472 2223 personam
492 2139 547 2224 qui
565 2139 658 2203 fulsit
672 2138 784 2205 eadem
800 2137 947 2204 Cassium
961 2137 1105 2203 adicere¹

90 2226 256 2311 debuisse,
280 2229 308 2292 si
331 2228 418 2293 iusto
442 2233 532 2294 metu
554 2228 667 2294 ruinae
690 2226 804 2293 fulcire
827 2230 958 2293 coactus
982 2230 1040 2293 est.

475 2411 526 2470 IV.
551 2453 603 2472 ...
621 2411 723 2470 liber.

181 2533 272 2594 Liber
299 2533 464 2611 Aristonis,
494 2555 584 2612 quem
612 2533 727 2594 Gellius
756 2527 798 2615 (v.
822 2526 915 2615 infra)
945 2533 1103 2614 significat,

89 2623 233 2682 similiter
278 2626 368 2699 atque
411 2623 513 2682 Sabini
555 2623 631 2683 liber
672 2622 709 2681 de
749 2623 840 2682 furtis
882 2641 970 2700 quem
1013 2642 1104 2699 supra

87 2711 172 2770 idem
195 2710 311 2772 Gellius
339 2712 457 2788 laudat,
484 2712 638 2788 proprium
661 2712 838 2788 opusculum
859 2711 979 2771 videtur
1002 2712 1104 2790 fuisse,

89 2799 230 2877 quamvis
267 2801 376 2860 titulus
412 2820 472 2860 non
504 2801 639 2860 addatur.
693 2801 870 2861 Mommseni
902 2801 1105 2860 coniecturam

89 2908 118 2965 p.
139 2890 205 2948 475
234 2890 414 2964 suspicantis
445 2888 575 2949 Gellium
601 2888 752 2949 Aristonis
779 2892 866 2949 notas
894 2888 933 2947 ad
960 2889 1104 2949 Sabinum
1175 2920 1176 2925 1

89 2977 250 3055 respicere,
272 2977 410 3055 Krueger
433 2998 460 3053 p.
482 2980 545 3038 164
569 2999 597 3037 n.
617 2980 677 3038 151
703 2977 753 3038 vix
775 2977 959 3054 probandam
982 2978 1103 3037 iudicat.

182 3059 462 3146 Ge11.11,18,16.
486 3099 530 3107 -
553 3061 731 3126 ..memini
755 3062 863 3147 legere
886 3083 937 3125 me
960 3061 996 3125 in
1019 3061 1102 3126 libro

89 3149 257 3214 Aristonis
280 3151 501 3234 iureconsulti,
522 3150 765 3235 hautquaquam
784 3149 904 3214 indocti
923 3149 994 3233 uiri,
1018 3149 1103 3232 apud

89 3242 217 3305 veteres
228 3236 419 3324 Aegyptios,
433 3239 517 3324 quod
529 3259 629 3322 genus
644 3239 811 3304 bominum
826 3241 956 3303 constat
970 3237 1045 3302 etin
1056 3259 1105 3300 ar-

89 3327 180 3392 tibus
196 3327 390 3409 reperiendis
404 3328 551 3393 sollertes
562 3328 707 3392 extitisse
718 3331 750 3392 et
760 3328 793 3392 in
803 3325 988 3412 cognitione
998 3347 1105 3390 rerum

90 3415 278 3502 indaganda
297 3435 442 3502 sagaces,
459 3415 547 3480 furta
562 3416 670 3481 omnia
683 3416 783 3482 fuisse
797 3416 888 3481 licita
902 3419 935 3479 et
949 3413 1104 3497 inpunita.

166 3578 180 3626 1
201 3571 248 3628 Π.
268 3571 369 3628 dicere.
