2430 3944
157 162 223 227 334
259 162 292 218 V.
311 161 460 217 NERVAE
479 161 525 218 ΕΤ
544 160 697 217 TRAIANI
714 160 823 218 TEMP.
841 161 937 219 Iulus
958 160 1137 219 CONSULTI

156 333 195 392 ad
219 332 284 391 eius
306 332 529 410 Responsuram
551 331 644 391 libros
666 331 826 406 pertinere.
872 332 911 391 ad
939 350 1028 409 quam
1056 332 1171 392 666166·

154 425 256 480 turam
293 419 523 480 confirmandam
560 439 742 497 quamquam
773 419 844 479 addi
875 423 984 498 potest,
1019 421 1050 479 in
1082 420 1173 480 Pauli

153 509 332 587 fragmentis
355 508 417 568 illis
436 527 614 584 responsum
632 501 749 586 quoque
767 508 886 568 Neratii
903 509 1031 570 inveniri
1050 502 1101 589 (D.
1117 511 1172 587 47,

156 601 205 672 19,
227 591 270 679 6),
299 601 329 658 61
356 597 437 657 idem
464 597 526 657 fere
555 598 635 675 qnod
658 597 816 657 Neratium
843 598 1031 675 respondisse
1055 598 1172 658 Paulus

153 682 189 746 D.
208 689 260 764 41,
281 687 309 765 3,
330 689 348 746 8
377 685 479 755 refert,
506 686 584 747 libro
612 687 660 746 ΙΠ
688 686 726 745 ad
753 686 913 747 Neratium
944 687 980 747 D.
1000 688 1053 765 41,
1078 689 1107 766 3,
1127 689 1170 747 47

152 776 242 853 tradi,
266 778 367 834 tamen
388 775 457 852 plus
480 775 677 835 dubitationis
699 777 842 852 remanet,
871 794 962 852 quam
989 779 1024 835 ut
1052 775 1172 836 Neratii

155 865 329 943 fragmentis
348 864 570 940 Responsorum
592 864 678 924 libris
696 864 863 925 tribuendis
884 883 919 925 ea
937 864 1046 924 addere
1065 865 1168 943 116661,

152 972 228 1030 6666
252 972 287 1012 ex
309 952 398 1013 Pauli
420 952 467 1011 his
490 951 576 1012 libris
598 953 701 1029 quaeri
723 971 793 1027 poss
834 955 856 1012 t.

241 1042 286 1101 De
317 1042 382 1100 iure
414 1041 552 1117 inprimis
584 1042 665 1102 civili
696 1041 855 1101 Neratium
889 1041 999 1102 dixisse
1032 1046 1170 1119 apparet.

152 1130 233 1208 quod
251 1130 288 1190 de
305 1129 423 1206 peculio
441 1130 590 1205 quaedam
607 1130 731 1207 addidit,
749 1131 781 1190 in
799 1149 834 1191 eo
850 1129 1026 1191 Iauolenum
1045 1135 1169 1191 seoutus

151 1219 285 1294 videtur,
316 1237 405 1295 quem
432 1217 510 1279 libro
533 1218 593 1279 XII
620 1239 656 1279 ex
679 1217 782 1279 Cassio
812 1219 848 1278 de
876 1219 993 1297 peculio
1022 1222 1053 1279 et
1076 1219 1113 1278 de
1136 1218 1170 1278 16

152 1327 216 1367 rem
248 1325 333 1368 verso
366 1306 475 1367 dixisse
503 1308 640 1367 vidimus.
691 1309 826 1384 priorum
857 1308 934 1368 iuris
961 1308 1170 1370 consultorum

152 1396 317 1456 sententias
344 1414 363 1453 a
389 1395 513 1456 Neratio
541 1398 675 1473 prolatas
703 1397 878 1456 Triboniani
901 1396 1021 1456 adiutor
1044 1396 1167 1457 videtur

151 1486 294 1545 abiecisse
318 1476 368 1566 (D.
384 1486 435 1559 45,
452 1487 480 1561 1,
496 1487 610 1562 140pr.
646 1479 702 1544 ‘De
721 1486 778 1545 hae
797 1485 992 1562 stipulatione
1013 1527 1064 1545 ...
1088 1485 1169 1562 apud

151 1577 267 1634 veteres
290 1573 408 1632 varium
430 1573 498 1634 fuit.
521 1574 646 1633 Paulus:
670 1574 722 1633 sed
745 1574 845 1634 verius
869 1576 915 1632 est
929 1620 936 1633 .
952 1620 959 1633 .
974 1566 1018 1655 .').

239 1661 276 1721 In
294 1660 383 1721 Pauli
405 1661 583 1740 fragmentis
607 1680 675 1721 oum
693 1681 729 1721 ea
747 1682 824 1740 quae
844 1663 883 1721 ad
900 1662 1059 1723 Neratium
1078 1666 1169 1722 nota·

150 1751 208 1827 vit,
243 1749 362 1827 saepius
393 1750 504 1810 diserte
537 1751 732 1830 designentur
762 1742 960 1833 (quibusdam
992 1752 1168 1827 praemissis

150 1840 263 1918 legitur
286 1833 421 1898 ‘Paulus'
444 1838 477 1899 P.
494 1842 588 1900 1029.
610 1841 819 1900 10301033.
843 1842 1168 1900 103410301037.

153 1930 246 1989 1040.
264 1930 357 1989 1043.
375 1930 469 1988 1048.
506 1921 631 1988 ‘Paulus
646 1923 743 1989 notat'
757 1928 788 1988 P.
807 1931 901 1989 1040.
940 1921 1107 1988 ‘Neratius'
1121 1976 1128 1989 .
1142 1977 1168 1990 ..

151 2010 286 2077 ‘Paulus'
310 2016 342 2077 P.
368 2010 478 2097 1023),
500 2036 594 2076 unum
617 2019 823 2094 fragmentum
846 2017 931 2075 Pauli
954 2019 1168 2078 tantummodo

149 2109 253 2166 notam
268 2105 406 2165 exhibere
417 2105 525 2164 dieitur
539 2098 587 2187 (P.
600 2100 709 2186 1024).
725 2106 761 2166 de
771 2106 878 2165 ceteris
889 2106 1067 2182 fragmentis
1078 2106 1168 2166 dubi·

150 2195 210 2254 tari
232 2197 342 2271 potest,
365 2198 466 2253 utrum
487 2193 605 2254 Neratii
629 2213 667 2253 an
685 2194 774 2254 Pauli
798 2195 978 2254 sententiam
996 2194 1167 2256 exhibeant.

150 2303 279 2360 quorum
306 2282 546 2361 fragmentorum
572 2285 631 2342 duo
661 2302 773 2360 genera
795 2287 875 2360 sunt,
898 2284 1028 2342 alterum
1050 2301 1168 2363 eorum,

151 2391 226 2448 6666
241 2389 332 2429 unam
346 2372 526 2431 sententiam
540 2374 711 2448 separatam
725 2372 879 2432 continent
893 2364 950 2453 (ex.
966 2392 1010 2448 gr.
1021 2371 1053 2431 P.
1067 2374 1167 2433 1020.

152 2463 246 2520 1022.
272 2453 385 2540 1025),
417 2460 546 2519 alterum
579 2479 694 2535 eorum,
726 2461 834 2537 quibus
864 2462 966 2536 plures
995 2462 1167 2521 sententiae

149 2549 323 2609 6661666166
342 2549 387 2606 ita
404 2548 608 2626 proferuntur,
625 2551 662 2609 ut
680 2550 711 2608 in
728 2549 827 2626 priore
846 2553 933 2622 parte
948 2548 1036 2609 Pauli
1052 2568 1167 2610 nomen

149 2638 281 2713 positum
296 2637 336 2696 sit
351 2629 396 2716 (P.
409 2639 493 2697 1027
508 2637 605 2713 1135,
618 2637 960 2716 1,90pr....Paulus:
984 2635 1166 2712 ...§1...

149 2727 181 2785 P.
199 2728 283 2786 1046
304 2726 339 2786 D.
355 2727 406 2803 45,
423 2730 450 2804 1,
467 2718 1109 2807 140pr...§1...Paulus...§2...):
1134 2728 1168 2786 in

149 2816 195 2872 his
229 2814 317 2900 Pauli
347 2833 457 2875 nomen
488 2815 527 2874 ad
559 2835 624 2875 eam
655 2819 774 2875 tantum
806 2816 999 2891 sententiam,
1037 2816 1087 2874 661
1121 2816 1166 2875 di-

149 2907 229 2962 serte
253 2903 403 2963 adiectum
427 2908 487 2977 est,
516 2908 653 2981 spectare
676 2906 750 2964 satis
773 2907 907 2981 apparet.
953 2906 986 2963 at
1007 2922 1103 2981 neque
1130 2924 1167 2964 ea

148 2992 328 3069 fragmenta,
350 2991 383 3051 in
405 2991 513 3070 quibus
537 2992 624 3052 Pauli
647 3012 755 3054 nomen
778 2994 870 3071 deest,
893 3011 990 3069 neque
1012 2994 1165 3069 fragmen-

148 3084 247 3141 torum
265 3085 377 3160 partes,
396 3080 435 3139 ad
452 3100 529 3159 quas
547 3081 635 3141 Pauli
652 3100 761 3141 nomen
780 3083 926 3142 insertum
944 3100 1003 3141 non
1022 3081 1165 3160 pertinet,

147 3169 214 3230 ideo
237 3169 360 3230 Neratio
384 3168 593 3230 attribuendae
615 3173 693 3247 sunt,
711 3171 802 3230 immo
821 3171 905 3230 Pauli
926 3170 1067 3230 videntur
1086 3188 1164 3230 6666.

149 3259 221 3336 6616
248 3258 339 3318 etiam
369 3258 454 3318 Pauli
482 3258 578 3318 oratio
601 3277 815 3337 nonnunquam
838 3260 1020 3338 agnoscitur,
1048 3277 1092 3319 ex.
1118 3280 1164 3338 gr.

148 3349 351 3426 fragmentum
372 3345 405 3405 P.
422 3348 505 3406 1021
527 3347 562 3405 D.
580 3351 608 3424 7,
624 3349 651 3421 5,
663 3351 697 3408 4:
716 3342 799 3426 ‘ergo
819 3348 917 3408 cautio
937 3348 1030 3408 etiam
1049 3348 1087 3407 ab
1103 3348 1164 3408 boo

149 3435 295 3514 exigenda
313 3427 383 3495 erit'
402 3434 450 3494 vel
464 3434 531 3497 ideo
544 3435 638 3497 Paulo
654 3436 881 3496 attribuendum
894 3435 1023 3515 videtur,
1037 3436 1116 3513 quod
1131 3437 1165 3495 16

148 3525 215 3584 aliis
231 3523 407 3600 fragmentis
420 3525 494 3583 baeo
507 3526 661 3602 leguntur:
676 3519 814 3586 ‘Paulust
830 3545 902 3604 ergo
912 3572 919 3587 .
931 3573 937 3586 .
950 3526 1046 3586 ,idem
1063 3525 1163 3584 dioen-
