<?xml version="1.0" encoding="UTF-8"?>
<!DOCTYPE html PUBLIC "-//W3C//DTD XHTML 1.0 Transitional//EN"
    "http://www.w3.org/TR/xhtml1/DTD/xhtml1-transitional.dtd">
<html xmlns="http://www.w3.org/1999/xhtml" xml:lang="en" lang="en">
 <head>
  <title>
</title>
<meta http-equiv="Content-Type" content="text/html;charset=utf-8" />
  <meta name='ocr-system' content='tesseract 3.04.00' />
  <meta name='ocr-capabilities' content='ocr_page ocr_carea ocr_par ocr_line ocrx_word'/>
</head>
<body>
  <div class='ocr_page' id='page_1' title='image "./iurisprudentiae02bremgoog_0256.png"; bbox 0 0 2430 3944; ppageno 0'>
   <div class='ocr_carea' id='block_1_1' title="bbox 442 170 1063 236">
    <p class='ocr_par' dir='ltr' id='par_1_1' title="bbox 442 170 1063 236">
     <span class='ocr_line' id='line_1_1' title="bbox 442 170 1063 236; baseline -0.002 -10"><span class='ocrx_word' id='word_1_1' title='bbox 442 178 469 226; x_wconf 92' lang='lat'>4.</span> <span class='ocrx_word' id='word_1_2' title='bbox 487 170 668 227; x_wconf 81' lang='lat' dir='ltr'>PLAUTIUS</span> <span class='ocrx_word' id='word_1_3' title='bbox 997 172 1063 236; x_wconf 77' lang='grc'>223</span> 
     </span>
    </p>
   </div>
   <div class='ocr_carea' id='block_1_2' title="bbox 10 333 1071 2988">
    <p class='ocr_par' dir='ltr' id='par_1_2' title="bbox 40 333 1068 510">
     <span class='ocr_line' id='line_1_2' title="bbox 42 333 1068 425; baseline -0.003 -22"><span class='ocrx_word' id='word_1_4' title='bbox 42 337 92 425; x_wconf 91' lang='lat' dir='ltr'>(D.</span> <span class='ocrx_word' id='word_1_5' title='bbox 109 344 162 415; x_wconf 89' lang='lat'>18,</span> <span class='ocrx_word' id='word_1_6' title='bbox 178 345 210 410; x_wconf 86' lang='grc'>2,</span> <span class='ocrx_word' id='word_1_7' title='bbox 226 345 277 403; x_wconf 89' lang='grc'>19.</span> <span class='ocrx_word' id='word_1_8' title='bbox 301 344 354 417; x_wconf 91' lang='lat'>41,</span> <span class='ocrx_word' id='word_1_9' title='bbox 368 343 399 416; x_wconf 89' lang='lat'>4,</span> <span class='ocrx_word' id='word_1_10' title='bbox 414 333 460 422; x_wconf 87' lang='lat'>4),</span> <span class='ocrx_word' id='word_1_11' title='bbox 483 339 585 417; x_wconf 87' lang='lat' dir='ltr'>tertio,</span> <span class='ocrx_word' id='word_1_12' title='bbox 607 343 643 398; x_wconf 91' lang='lat' dir='ltr'>ut</span> <span class='ocrx_word' id='word_1_13' title='bbox 660 339 789 416; x_wconf 81' lang='lat' dir='ltr'>videtur,</span> <span class='ocrx_word' id='word_1_14' title='bbox 814 341 849 399; x_wconf 90' lang='lat' dir='ltr'>de</span> <span class='ocrx_word' id='word_1_15' title='bbox 869 340 1068 402; x_wconf 73' lang='lat' dir='ltr'>servitutibus</span> 
     </span>
     <span class='ocr_line' id='line_1_3' title="bbox 40 421 668 510; baseline -0.008 -18"><span class='ocrx_word' id='word_1_16' title='bbox 40 431 239 509; x_wconf 86' lang='lat' dir='ltr'>praediorum</span> <span class='ocrx_word' id='word_1_17' title='bbox 261 430 445 489; x_wconf 90' lang='lat' dir='ltr'>rusticorum</span> <span class='ocrx_word' id='word_1_18' title='bbox 468 421 519 510; x_wconf 91' lang='lat' dir='ltr'>(D.</span> <span class='ocrx_word' id='word_1_19' title='bbox 535 431 564 506; x_wconf 88' lang='grc'>8,</span> <span class='ocrx_word' id='word_1_20' title='bbox 580 431 610 506; x_wconf 86' lang='grc'>6,</span> <span class='ocrx_word' id='word_1_21' title='bbox 625 421 668 510; x_wconf 90' lang='grc'>9).</span> 
     </span>
    </p>

    <p class='ocr_par' dir='ltr' id='par_1_3' title="bbox 41 516 1070 1480">
     <span class='ocr_line' id='line_1_4' title="bbox 131 516 1068 595; baseline -0.001 -16"><span class='ocrx_word' id='word_1_22' title='bbox 131 520 229 579; x_wconf 83' lang='lat' dir='ltr'>Lenel</span> <span class='ocrx_word' id='word_1_23' title='bbox 246 537 315 578; x_wconf 89' lang='lat' dir='ltr'>cum</span> <span class='ocrx_word' id='word_1_24' title='bbox 331 538 429 595; x_wconf 90' lang='lat' dir='ltr'>neque</span> <span class='ocrx_word' id='word_1_25' title='bbox 447 516 584 577; x_wconf 74' lang='lat' dir='ltr'>Iauoleni</span> <span class='ocrx_word' id='word_1_26' title='bbox 602 536 699 595; x_wconf 89' lang='lat' dir='ltr'>neque</span> <span class='ocrx_word' id='word_1_27' title='bbox 718 517 877 592; x_wconf 89' lang='lat' dir='ltr'>Pomponii</span> <span class='ocrx_word' id='word_1_28' title='bbox 896 537 933 576; x_wconf 89' lang='lat' dir='ltr'>ex</span> <span class='ocrx_word' id='word_1_29' title='bbox 947 519 1068 579; x_wconf 89' lang='lat' dir='ltr'>Plautio</span> 
     </span>
     <span class='ocr_line' id='line_1_5' title="bbox 41 603 1069 681; baseline -0.002 -13"><span class='ocrx_word' id='word_1_30' title='bbox 41 609 139 668; x_wconf 86' lang='lat' dir='ltr'>libros</span> <span class='ocrx_word' id='word_1_31' title='bbox 167 627 238 668; x_wconf 91' lang='lat' dir='ltr'>cum</span> <span class='ocrx_word' id='word_1_32' title='bbox 259 608 349 666; x_wconf 82' lang='lat' dir='ltr'>Pauli</span> <span class='ocrx_word' id='word_1_33' title='bbox 375 606 523 667; x_wconf 90' lang='lat' dir='ltr'>librorum</span> <span class='ocrx_word' id='word_1_34' title='bbox 551 606 654 666; x_wconf 90' lang='lat' dir='ltr'>ordine</span> <span class='ocrx_word' id='word_1_35' title='bbox 676 607 835 667; x_wconf 86' lang='lat' dir='ltr'>convenire</span> <span class='ocrx_word' id='word_1_36' title='bbox 858 603 1069 681; x_wconf 73' lang='lat' dir='ltr'>intellexisset,</span> 
     </span>
     <span class='ocr_line' id='line_1_6' title="bbox 42 692 1068 771; baseline -0.003 -14"><span class='ocrx_word' id='word_1_37' title='bbox 42 692 116 757; x_wconf 71' lang='lat' dir='ltr'>‘non</span> <span class='ocrx_word' id='word_1_38' title='bbox 139 716 245 771; x_wconf 91' lang='lat' dir='ltr'>unum,</span> <span class='ocrx_word' id='word_1_39' title='bbox 268 696 321 755; x_wconf 89' lang='lat' dir='ltr'>sed</span> <span class='ocrx_word' id='word_1_40' title='bbox 343 696 499 770; x_wconf 89' lang='lat' dir='ltr'>complura</span> <span class='ocrx_word' id='word_1_41' title='bbox 521 695 638 754; x_wconf 89' lang='lat' dir='ltr'>Plautii</span> <span class='ocrx_word' id='word_1_42' title='bbox 661 713 752 771; x_wconf 89' lang='lat' dir='ltr'>opera</span> <span class='ocrx_word' id='word_1_43' title='bbox 775 694 907 755; x_wconf 85' lang='lat' dir='ltr'>aPculo</span> <span class='ocrx_word' id='word_1_44' title='bbox 931 714 995 755; x_wconf 86' lang='lat' dir='ltr'>esse</span> <span class='ocrx_word' id='word_1_45' title='bbox 1020 715 1068 755; x_wconf 85' lang='lat' dir='ltr'>ex·</span> 
     </span>
     <span class='ocr_line' id='line_1_7' title="bbox 42 776 1068 867; baseline -0.003 -21"><span class='ocrx_word' id='word_1_46' title='bbox 42 780 167 862; x_wconf 88' lang='lat' dir='ltr'>cerpta&#39;</span> <span class='ocrx_word' id='word_1_47' title='bbox 190 776 269 867; x_wconf 90' lang='lat' dir='ltr'>(P.I</span> <span class='ocrx_word' id='word_1_48' title='bbox 291 784 347 845; x_wconf 91' lang='lat' dir='ltr'>col.</span> <span class='ocrx_word' id='word_1_49' title='bbox 364 786 448 844; x_wconf 89' lang='grc'><strong>1147</strong></span> <span class='ocrx_word' id='word_1_50' title='bbox 472 803 501 842; x_wconf 89' lang='lat' dir='ltr'>n.</span> <span class='ocrx_word' id='word_1_51' title='bbox 519 776 553 863; x_wconf 91' lang='lat'>1)</span> <span class='ocrx_word' id='word_1_52' title='bbox 582 784 661 843; x_wconf 87' lang='lat' dir='ltr'>haud</span> <span class='ocrx_word' id='word_1_53' title='bbox 690 784 820 843; x_wconf 81' lang='lat' dir='ltr'>feliciter</span> <span class='ocrx_word' id='word_1_54' title='bbox 847 784 971 863; x_wconf 83' lang='lat' dir='ltr'>conicit,</span> <span class='ocrx_word' id='word_1_55' title='bbox 998 804 1068 843; x_wconf 90' lang='lat' dir='ltr'>nam</span> 
     </span>
     <span class='ocr_line' id='line_1_8' title="bbox 42 867 1069 952; baseline -0.001 -18"><span class='ocrx_word' id='word_1_56' title='bbox 42 893 142 952; x_wconf 88' lang='lat' dir='ltr'>neque</span> <span class='ocrx_word' id='word_1_57' title='bbox 169 867 290 934; x_wconf 88' lang='lat' dir='ltr'>notum</span> <span class='ocrx_word' id='word_1_58' title='bbox 303 891 358 932; x_wconf 89' lang='grc'>888</span> <span class='ocrx_word' id='word_1_59' title='bbox 386 871 528 932; x_wconf 80' lang='lat' dir='ltr'>credibile</span> <span class='ocrx_word' id='word_1_60' title='bbox 556 874 604 931; x_wconf 89' lang='lat' dir='ltr'>est</span> <span class='ocrx_word' id='word_1_61' title='bbox 629 871 723 932; x_wconf 90' lang='lat' dir='ltr'>ullius</span> <span class='ocrx_word' id='word_1_62' title='bbox 750 873 958 932; x_wconf 90' lang='lat' dir='ltr'>iurisconsulti</span> <span class='ocrx_word' id='word_1_63' title='bbox 980 874 1069 948; x_wconf 85' lang='lat' dir='ltr'>plura</span> 
     </span>
     <span class='ocr_line' id='line_1_9' title="bbox 44 961 1068 1042; baseline -0.004 -18"><span class='ocrx_word' id='word_1_64' title='bbox 44 982 138 1040; x_wconf 84' lang='lat' dir='ltr'>opera</span> <span class='ocrx_word' id='word_1_65' title='bbox 168 979 306 1042; x_wconf 83' lang='lat' dir='ltr'>unquam</span> <span class='ocrx_word' id='word_1_66' title='bbox 334 962 372 1020; x_wconf 80' lang='lat' dir='ltr'>ab</span> <span class='ocrx_word' id='word_1_67' title='bbox 402 980 463 1020; x_wconf 90' lang='lat' dir='ltr'>uno</span> <span class='ocrx_word' id='word_1_68' title='bbox 492 980 527 1021; x_wconf 89' lang='lat' dir='ltr'>ex</span> <span class='ocrx_word' id='word_1_69' title='bbox 555 961 772 1036; x_wconf 84' lang='lat' dir='ltr'>posterioribus</span> <span class='ocrx_word' id='word_1_70' title='bbox 801 962 832 1019; x_wconf 92' lang='lat' dir='ltr'>in</span> <span class='ocrx_word' id='word_1_71' title='bbox 859 981 954 1021; x_wconf 90' lang='lat' dir='ltr'>unum</span> <span class='ocrx_word' id='word_1_72' title='bbox 982 963 1068 1039; x_wconf 87' lang='lat' dir='ltr'>quasi</span> 
     </span>
     <span class='ocr_line' id='line_1_10' title="bbox 45 1049 1069 1129; baseline -0.004 -16"><span class='ocrx_word' id='word_1_73' title='bbox 45 1071 157 1129; x_wconf 88' lang='lat' dir='ltr'>corpus</span> <span class='ocrx_word' id='word_1_74' title='bbox 185 1054 291 1111; x_wconf 83' lang='lat' dir='ltr'>coacta</span> <span class='ocrx_word' id='word_1_75' title='bbox 318 1069 397 1126; x_wconf 89' lang='lat' dir='ltr'>esse,</span> <span class='ocrx_word' id='word_1_76' title='bbox 424 1069 522 1126; x_wconf 89' lang='lat' dir='ltr'>neque</span> <span class='ocrx_word' id='word_1_77' title='bbox 547 1049 703 1108; x_wconf 83' lang='lat' dir='ltr'>Plautium</span> <span class='ocrx_word' id='word_1_78' title='bbox 729 1052 851 1126; x_wconf 87' lang='lat' dir='ltr'>praeter</span> <span class='ocrx_word' id='word_1_79' title='bbox 873 1050 1069 1128; x_wconf 85' lang='lat' dir='ltr'>Digestorum</span> 
     </span>
     <span class='ocr_line' id='line_1_11' title="bbox 46 1139 1070 1217; baseline -0.003 -16"><span class='ocrx_word' id='word_1_80' title='bbox 46 1160 120 1217; x_wconf 89' lang='lat' dir='ltr'>opus</span> <span class='ocrx_word' id='word_1_81' title='bbox 150 1140 236 1200; x_wconf 85' lang='lat' dir='ltr'>aliud</span> <span class='ocrx_word' id='word_1_82' title='bbox 263 1139 390 1199; x_wconf 88' lang='lat' dir='ltr'>edidisse</span> <span class='ocrx_word' id='word_1_83' title='bbox 417 1139 516 1197; x_wconf 86' lang='lat' dir='ltr'>ullum</span> <span class='ocrx_word' id='word_1_84' title='bbox 543 1141 590 1198; x_wconf 90' lang='lat' dir='ltr'>est</span> <span class='ocrx_word' id='word_1_85' title='bbox 616 1139 769 1200; x_wconf 89' lang='lat' dir='ltr'>indicium.</span> <span class='ocrx_word' id='word_1_86' title='bbox 815 1158 892 1215; x_wconf 87' lang='lat' dir='ltr'>quae</span> <span class='ocrx_word' id='word_1_87' title='bbox 926 1159 993 1198; x_wconf 90' lang='lat' dir='ltr'>cum</span> <span class='ocrx_word' id='word_1_88' title='bbox 1024 1140 1070 1199; x_wconf 88' lang='lat' dir='ltr'>ita</span> 
     </span>
     <span class='ocr_line' id='line_1_12' title="bbox 47 1227 1068 1308; baseline -0.003 -18"><span class='ocrx_word' id='word_1_89' title='bbox 47 1232 114 1308; x_wconf 89' lang='lat' dir='ltr'>sint,</span> <span class='ocrx_word' id='word_1_90' title='bbox 133 1247 318 1306; x_wconf 84' lang='lat' dir='ltr'>quamquem</span> <span class='ocrx_word' id='word_1_91' title='bbox 339 1246 429 1304; x_wconf 90' lang='lat' dir='ltr'>quem</span> <span class='ocrx_word' id='word_1_92' title='bbox 447 1247 550 1286; x_wconf 88' lang='lat' dir='ltr'>rerum</span> <span class='ocrx_word' id='word_1_93' title='bbox 568 1227 703 1286; x_wconf 90' lang='lat' dir='ltr'>ordinem</span> <span class='ocrx_word' id='word_1_94' title='bbox 719 1228 859 1286; x_wconf 84' lang='lat' dir='ltr'>Plautius</span> <span class='ocrx_word' id='word_1_95' title='bbox 879 1231 1000 1288; x_wconf 90' lang='lat' dir='ltr'>secutus</span> <span class='ocrx_word' id='word_1_96' title='bbox 1019 1228 1068 1305; x_wconf 87' lang='lat' dir='ltr'>sit,</span> 
     </span>
     <span class='ocr_line' id='line_1_13' title="bbox 48 1316 1068 1394; baseline -0.002 -16"><span class='ocrx_word' id='word_1_97' title='bbox 48 1317 219 1378; x_wconf 83' lang='lat' dir='ltr'>accuratius</span> <span class='ocrx_word' id='word_1_98' title='bbox 233 1316 356 1394; x_wconf 90' lang='lat' dir='ltr'>quidem</span> <span class='ocrx_word' id='word_1_99' title='bbox 370 1317 521 1392; x_wconf 83' lang='lat' dir='ltr'>explorari</span> <span class='ocrx_word' id='word_1_100' title='bbox 531 1320 671 1392; x_wconf 85' lang='lat' dir='ltr'>nequeat,</span> <span class='ocrx_word' id='word_1_101' title='bbox 686 1319 787 1375; x_wconf 88' lang='lat' dir='ltr'>tamen</span> <span class='ocrx_word' id='word_1_102' title='bbox 799 1336 867 1375; x_wconf 91' lang='lat' dir='ltr'>eum</span> <span class='ocrx_word' id='word_1_103' title='bbox 878 1316 1068 1376; x_wconf 80' lang='lat' dir='ltr'>aSabiniano</span> 
     </span>
     <span class='ocr_line' id='line_1_14' title="bbox 50 1404 1043 1480; baseline -0.002 -13"><span class='ocrx_word' id='word_1_104' title='bbox 50 1407 151 1467; x_wconf 85' lang='lat' dir='ltr'>ordine</span> <span class='ocrx_word' id='word_1_105' title='bbox 174 1425 237 1466; x_wconf 91' lang='lat' dir='ltr'>non</span> <span class='ocrx_word' id='word_1_106' title='bbox 259 1405 347 1466; x_wconf 86' lang='lat' dir='ltr'>valde</span> <span class='ocrx_word' id='word_1_107' title='bbox 370 1405 500 1464; x_wconf 88' lang='lat' dir='ltr'>alienum</span> <span class='ocrx_word' id='word_1_108' title='bbox 520 1405 613 1464; x_wconf 87' lang='lat' dir='ltr'>fuisse</span> <span class='ocrx_word' id='word_1_109' title='bbox 635 1404 770 1465; x_wconf 87' lang='lat' dir='ltr'>Iavoleni</span> <span class='ocrx_word' id='word_1_110' title='bbox 794 1406 924 1480; x_wconf 89' lang='lat' dir='ltr'>epitome</span> <span class='ocrx_word' id='word_1_111' title='bbox 947 1405 1043 1466; x_wconf 89' lang='lat' dir='ltr'>docet.</span> 
     </span>
    </p>

    <p class='ocr_par' dir='ltr' id='par_1_4' title="bbox 10 1493 1071 2989">
     <span class='ocr_line' id='line_1_15' title="bbox 134 1493 1068 1572; baseline 0 -18"><span class='ocrx_word' id='word_1_112' title='bbox 134 1496 203 1554; x_wconf 84' lang='lat' dir='ltr'>Iam</span> <span class='ocrx_word' id='word_1_113' title='bbox 226 1493 262 1552; x_wconf 91' lang='lat' dir='ltr'>de</span> <span class='ocrx_word' id='word_1_114' title='bbox 280 1494 318 1552; x_wconf 90' lang='lat' dir='ltr'>iis</span> <span class='ocrx_word' id='word_1_115' title='bbox 337 1493 517 1572; x_wconf 84' lang='lat' dir='ltr'>fragmentis</span> <span class='ocrx_word' id='word_1_116' title='bbox 535 1493 699 1553; x_wconf 82' lang='lat' dir='ltr'>ridendum</span> <span class='ocrx_word' id='word_1_117' title='bbox 717 1497 773 1569; x_wconf 88' lang='lat' dir='ltr'>est,</span> <span class='ocrx_word' id='word_1_118' title='bbox 796 1512 872 1568; x_wconf 85' lang='lat' dir='ltr'>quae</span> <span class='ocrx_word' id='word_1_119' title='bbox 892 1513 928 1552; x_wconf 85' lang='lat' dir='ltr'>ex</span> <span class='ocrx_word' id='word_1_120' title='bbox 946 1494 1068 1554; x_wconf 86' lang='lat' dir='ltr'>Plautio</span> 
     </span>
     <span class='ocr_line' id='line_1_16' title="bbox 10 1582 1069 1660; baseline -0.001 -17"><span class='ocrx_word' id='word_1_121' title='bbox 10 1642 12 1653; x_wconf 83' lang='grc'><strong>,</strong></span> <span class='ocrx_word' id='word_1_122' title='bbox 52 1584 185 1660; x_wconf 83' lang='lat' dir='ltr'>inprimis</span> <span class='ocrx_word' id='word_1_123' title='bbox 209 1583 241 1641; x_wconf 93' lang='lat' dir='ltr'>in</span> <span class='ocrx_word' id='word_1_124' title='bbox 258 1582 347 1642; x_wconf 87' lang='lat' dir='ltr'>Pauli</span> <span class='ocrx_word' id='word_1_125' title='bbox 369 1583 463 1641; x_wconf 90' lang='lat' dir='ltr'>libros</span> <span class='ocrx_word' id='word_1_126' title='bbox 487 1583 629 1641; x_wconf 84' lang='lat' dir='ltr'>videntur</span> <span class='ocrx_word' id='word_1_127' title='bbox 646 1586 770 1658; x_wconf 84' lang='lat' dir='ltr'>recepte</span> <span class='ocrx_word' id='word_1_128' title='bbox 788 1601 863 1642; x_wconf 90' lang='lat' dir='ltr'>esse.</span> <span class='ocrx_word' id='word_1_129' title='bbox 906 1583 942 1641; x_wconf 93' lang='lat' dir='ltr'>de</span> <span class='ocrx_word' id='word_1_130' title='bbox 961 1585 1018 1643; x_wconf 90' lang='lat' dir='ltr'>hac</span> <span class='ocrx_word' id='word_1_131' title='bbox 1036 1603 1069 1642; x_wconf 90' lang='lat' dir='ltr'>re</span> 
     </span>
     <span class='ocr_line' id='line_1_17' title="bbox 53 1665 1069 1751; baseline -0.001 -18"><span class='ocrx_word' id='word_1_132' title='bbox 53 1672 186 1751; x_wconf 86' lang='lat' dir='ltr'>Krueger</span> <span class='ocrx_word' id='word_1_133' title='bbox 204 1693 234 1748; x_wconf 90' lang='lat' dir='ltr'>p.</span> <span class='ocrx_word' id='word_1_134' title='bbox 251 1673 313 1731; x_wconf 84' lang='lat'>159</span> <span class='ocrx_word' id='word_1_135' title='bbox 334 1671 390 1730; x_wconf 84' lang='lat' dir='ltr'>sit:</span> <span class='ocrx_word' id='word_1_136' title='bbox 415 1665 482 1730; x_wconf 67' lang='lat' dir='ltr'>‘sei</span> <span class='ocrx_word' id='word_1_137' title='bbox 500 1671 614 1730; x_wconf 88' lang='lat' dir='ltr'>Paulus</span> <span class='ocrx_word' id='word_1_138' title='bbox 632 1671 675 1730; x_wconf 90' lang='lat' dir='ltr'>ist</span> <span class='ocrx_word' id='word_1_139' title='bbox 693 1672 747 1730; x_wconf 90' lang='lat' dir='ltr'>der</span> <span class='ocrx_word' id='word_1_140' title='bbox 765 1671 843 1730; x_wconf 88' lang='lat' dir='ltr'>Text</span> <span class='ocrx_word' id='word_1_141' title='bbox 861 1670 913 1730; x_wconf 89' lang='lat' dir='ltr'>des</span> <span class='ocrx_word' id='word_1_142' title='bbox 928 1672 1069 1732; x_wconf 81' lang='lat' dir='ltr'>Plautius</span> 
     </span>
     <span class='ocr_line' id='line_1_18' title="bbox 56 1759 1069 1836; baseline -0.003 -15"><span class='ocrx_word' id='word_1_143' title='bbox 56 1780 106 1822; x_wconf 90' lang='grc'>888</span> <span class='ocrx_word' id='word_1_144' title='bbox 123 1763 183 1822; x_wconf 89' lang='grc'>188</span> <span class='ocrx_word' id='word_1_145' title='bbox 198 1760 345 1819; x_wconf 77' lang='lat' dir='ltr'>Zusttzen</span> <span class='ocrx_word' id='word_1_146' title='bbox 362 1759 394 1817; x_wconf 93' lang='grc'>18</span> <span class='ocrx_word' id='word_1_147' title='bbox 412 1760 532 1836; x_wconf 87' lang='lat' dir='ltr'>einigen</span> <span class='ocrx_word' id='word_1_148' title='bbox 545 1759 661 1819; x_wconf 79' lang='lat' dir='ltr'>Stellen</span> <span class='ocrx_word' id='word_1_149' title='bbox 680 1760 815 1819; x_wconf 89' lang='lat' dir='ltr'>dadurch</span> <span class='ocrx_word' id='word_1_150' title='bbox 827 1761 1069 1836; x_wconf 83' lang='lat' dir='ltr'>unterscbieden‚</span> 
     </span>
     <span class='ocr_line' id='line_1_19' title="bbox 58 1847 1071 1926; baseline -0.004 -15"><span class='ocrx_word' id='word_1_151' title='bbox 58 1849 113 1911; x_wconf 80' lang='grc'><strong>1818</strong></span> <span class='ocrx_word' id='word_1_152' title='bbox 145 1868 202 1911; x_wconf 90' lang='grc'>888</span> <span class='ocrx_word' id='word_1_153' title='bbox 231 1849 324 1924; x_wconf 87' lang='lat' dir='ltr'>jenen</span> <span class='ocrx_word' id='word_1_154' title='bbox 350 1847 503 1926; x_wconf 83' lang='lat' dir='ltr'>Plautius,</span> <span class='ocrx_word' id='word_1_155' title='bbox 534 1869 589 1908; x_wconf 79' lang='lat' dir='ltr'>vor</span> <span class='ocrx_word' id='word_1_156' title='bbox 618 1848 722 1908; x_wconf 87' lang='lat' dir='ltr'>diesen</span> <span class='ocrx_word' id='word_1_157' title='bbox 749 1849 863 1907; x_wconf 85' lang='lat' dir='ltr'>Paulus</span> <span class='ocrx_word' id='word_1_158' title='bbox 892 1849 982 1908; x_wconf 86' lang='lat' dir='ltr'>steht.</span> <span class='ocrx_word' id='word_1_159' title='bbox 1033 1849 1071 1907; x_wconf 90' lang='lat' dir='ltr'>In</span> 
     </span>
     <span class='ocr_line' id='line_1_20' title="bbox 60 1936 1070 2012; baseline -0.001 -15"><span class='ocrx_word' id='word_1_160' title='bbox 60 1937 151 1999; x_wconf 89' lang='lat' dir='ltr'>diesen</span> <span class='ocrx_word' id='word_1_161' title='bbox 175 1937 293 1997; x_wconf 84' lang='lat' dir='ltr'>Stellen</span> <span class='ocrx_word' id='word_1_162' title='bbox 320 1936 442 1996; x_wconf 87' lang='lat' dir='ltr'>werden</span> <span class='ocrx_word' id='word_1_163' title='bbox 467 1957 527 1997; x_wconf 90' lang='grc'>888</span> <span class='ocrx_word' id='word_1_164' title='bbox 549 1937 687 1996; x_wconf 88' lang='lat' dir='ltr'>Plautius</span> <span class='ocrx_word' id='word_1_165' title='bbox 711 1937 806 1996; x_wconf 86' lang='lat' dir='ltr'>selbst</span> <span class='ocrx_word' id='word_1_166' title='bbox 828 1937 990 2012; x_wconf 80' lang='lat' dir='ltr'>angefuhrt</span> <span class='ocrx_word' id='word_1_167' title='bbox 1014 1938 1070 1996; x_wconf 87' lang='lat' dir='ltr'>Sa-</span> 
     </span>
     <span class='ocr_line' id='line_1_21' title="bbox 10 2020 1069 2104; baseline -0.001 -20"><span class='ocrx_word' id='word_1_168' title='bbox 10 2020 15 2100; x_wconf 58' lang='lat'><em>]</em></span> <span class='ocrx_word' id='word_1_169' title='bbox 60 2026 150 2103; x_wconf 86' lang='lat' dir='ltr'>binus,</span> <span class='ocrx_word' id='word_1_170' title='bbox 180 2026 316 2102; x_wconf 80' lang='lat' dir='ltr'>Cassius,</span> <span class='ocrx_word' id='word_1_171' title='bbox 340 2025 494 2104; x_wconf 82' lang='lat' dir='ltr'>Proculus,</span> <span class='ocrx_word' id='word_1_172' title='bbox 517 2026 619 2085; x_wconf 88' lang='lat' dir='ltr'>Nerva</span> <span class='ocrx_word' id='word_1_173' title='bbox 641 2026 703 2084; x_wconf 92' lang='lat' dir='ltr'>und</span> <span class='ocrx_word' id='word_1_174' title='bbox 725 2025 898 2097; x_wconf 65' lang='lat' dir='ltr'>Atilicinus</span> <span class='ocrx_word' id='word_1_175' title='bbox 923 2025 970 2084; x_wconf 92' lang='lat' dir='ltr'>die</span> <span class='ocrx_word' id='word_1_176' title='bbox 993 2027 1069 2084; x_wconf 84' lang='lat' dir='ltr'>auch</span> 
     </span>
     <span class='ocr_line' id='line_1_22' title="bbox 10 2113 1070 2198; baseline -0.001 -25"><span class='ocrx_word' id='word_1_177' title='bbox 10 2171 17 2198; x_wconf 69' lang='grc'><strong>,</strong></span> <span class='ocrx_word' id='word_1_178' title='bbox 62 2114 164 2175; x_wconf 87' lang='grc'><strong>18188</strong></span> <span class='ocrx_word' id='word_1_179' title='bbox 190 2114 320 2189; x_wconf 77' lang='lat' dir='ltr'>ubrigen</span> <span class='ocrx_word' id='word_1_180' title='bbox 344 2113 458 2172; x_wconf 81' lang='lat' dir='ltr'>Stellen</span> <span class='ocrx_word' id='word_1_181' title='bbox 486 2115 589 2192; x_wconf 73' lang='lat' dir='ltr'>htufig</span> <span class='ocrx_word' id='word_1_182' title='bbox 615 2114 823 2191; x_wconf 85' lang='lat' dir='ltr'>vorkommen,</span> <span class='ocrx_word' id='word_1_183' title='bbox 852 2132 885 2173; x_wconf 88' lang='lat' dir='ltr'>so</span> <span class='ocrx_word' id='word_1_184' title='bbox 910 2113 976 2172; x_wconf 85' lang='lat' dir='ltr'>dass</span> <span class='ocrx_word' id='word_1_185' title='bbox 999 2133 1070 2172; x_wconf 86' lang='lat' dir='ltr'>man</span> 
     </span>
     <span class='ocr_line' id='line_1_23' title="bbox 10 2192 1070 2277; baseline -0.003 -14"><span class='ocrx_word' id='word_1_186' title='bbox 10 2192 18 2275; x_wconf 61' lang='lat' dir='ltr'>J</span> <span class='ocrx_word' id='word_1_187' title='bbox 64 2206 125 2263; x_wconf 83' lang='lat' dir='ltr'>auch</span> <span class='ocrx_word' id='word_1_188' title='bbox 150 2204 219 2262; x_wconf 92' lang='lat' dir='ltr'>hier</span> <span class='ocrx_word' id='word_1_189' title='bbox 246 2203 304 2261; x_wconf 88' lang='lat' dir='ltr'>den</span> <span class='ocrx_word' id='word_1_190' title='bbox 327 2203 403 2262; x_wconf 83' lang='lat' dir='ltr'>Text</span> <span class='ocrx_word' id='word_1_191' title='bbox 430 2202 482 2262; x_wconf 89' lang='lat' dir='ltr'>des</span> <span class='ocrx_word' id='word_1_192' title='bbox 504 2203 647 2262; x_wconf 86' lang='lat' dir='ltr'>Plautius</span> <span class='ocrx_word' id='word_1_193' title='bbox 676 2203 749 2262; x_wconf 95' lang='grc'><strong>8188</strong></span> <span class='ocrx_word' id='word_1_194' title='bbox 773 2203 956 2277; x_wconf 88' lang='lat' dir='ltr'>wenigstens</span> <span class='ocrx_word' id='word_1_195' title='bbox 982 2203 1070 2260; x_wconf 92' lang='lat' dir='ltr'>einen</span> 
     </span>
     <span class='ocr_line' id='line_1_24' title="bbox 67 2285 1070 2370; baseline 0 -21"><span class='ocrx_word' id='word_1_196' title='bbox 67 2293 171 2370; x_wconf 82' lang='lat' dir='ltr'>luszug</span> <span class='ocrx_word' id='word_1_197' title='bbox 209 2292 320 2350; x_wconf 87' lang='grc'><strong>188888</strong></span> <span class='ocrx_word' id='word_1_198' title='bbox 352 2310 407 2350; x_wconf 84' lang='grc'>888</span> <span class='ocrx_word' id='word_1_199' title='bbox 439 2291 502 2350; x_wconf 90' lang='lat' dir='ltr'>sich</span> <span class='ocrx_word' id='word_1_200' title='bbox 536 2292 629 2351; x_wconf 89' lang='lat' dir='ltr'>sehen</span> <span class='ocrx_word' id='word_1_201' title='bbox 660 2285 799 2351; x_wconf 82' lang='lat' dir='ltr'>mbchte&#39;.</span> <span class='ocrx_word' id='word_1_202' title='bbox 854 2292 967 2349; x_wconf 86' lang='lat' dir='ltr'>maiore</span> <span class='ocrx_word' id='word_1_203' title='bbox 1001 2310 1070 2350; x_wconf 91' lang='lat' dir='ltr'>cum</span> 
     </span>
     <span class='ocr_line' id='line_1_25' title="bbox 67 2374 1070 2456; baseline 0.001 -18.946"><span class='ocrx_word' id='word_1_204' title='bbox 67 2379 160 2440; x_wconf 86' lang='grc'><strong>118818</strong></span> <span class='ocrx_word' id='word_1_205' title='bbox 182 2380 278 2439; x_wconf 88' lang='lat' dir='ltr'>Lenel</span> <span class='ocrx_word' id='word_1_206' title='bbox 295 2379 328 2439; x_wconf 89' lang='lat' dir='ltr'>P.</span> <span class='ocrx_word' id='word_1_207' title='bbox 342 2379 373 2438; x_wconf 94' lang='grc' dir='ltr'>Π</span> <span class='ocrx_word' id='word_1_208' title='bbox 397 2380 452 2438; x_wconf 89' lang='grc'><strong>881.</strong></span> <span class='ocrx_word' id='word_1_209' title='bbox 470 2382 509 2439; x_wconf 88' lang='grc'>13</span> <span class='ocrx_word' id='word_1_210' title='bbox 533 2384 596 2440; x_wconf 91' lang='grc'>8.1</span> <span class='ocrx_word' id='word_1_211' title='bbox 621 2380 748 2439; x_wconf 85' lang='lat' dir='ltr'>iudicat:</span> <span class='ocrx_word' id='word_1_212' title='bbox 772 2374 816 2438; x_wconf 75' lang='lat' dir='ltr'>‘in</span> <span class='ocrx_word' id='word_1_213' title='bbox 834 2379 923 2438; x_wconf 90' lang='lat' dir='ltr'>Pauli</span> <span class='ocrx_word' id='word_1_214' title='bbox 947 2379 1070 2456; x_wconf 91' lang='lat' dir='ltr'>quidem</span> 
     </span>
     <span class='ocr_line' id='line_1_26' title="bbox 10 2454 1071 2545; baseline 0.002 -19"><span class='ocrx_word' id='word_1_215' title='bbox 10 2454 23 2545; x_wconf 53' lang='lat'>¹,</span> <span class='ocrx_word' id='word_1_216' title='bbox 69 2468 264 2530; x_wconf 85' lang='lat' dir='ltr'>edPlautium</span> <span class='ocrx_word' id='word_1_217' title='bbox 286 2468 371 2527; x_wconf 86' lang='lat' dir='ltr'>libris</span> <span class='ocrx_word' id='word_1_218' title='bbox 393 2487 448 2544; x_wconf 91' lang='lat' dir='ltr'>pro</span> <span class='ocrx_word' id='word_1_219' title='bbox 472 2472 555 2528; x_wconf 90' lang='lat' dir='ltr'>certo</span> <span class='ocrx_word' id='word_1_220' title='bbox 574 2469 700 2528; x_wconf 81' lang='lat' dir='ltr'>dixerim</span> <span class='ocrx_word' id='word_1_221' title='bbox 719 2488 755 2527; x_wconf 89' lang='lat' dir='ltr'>ex</span> <span class='ocrx_word' id='word_1_222' title='bbox 772 2468 893 2527; x_wconf 85' lang='lat' dir='ltr'>Plautio</span> <span class='ocrx_word' id='word_1_223' title='bbox 914 2487 949 2527; x_wconf 88' lang='grc'>88</span> <span class='ocrx_word' id='word_1_224' title='bbox 969 2469 1071 2528; x_wconf 88' lang='lat' dir='ltr'>omnia</span> 
     </span>
     <span class='ocr_line' id='line_1_27' title="bbox 10 2555 1071 2634; baseline 0.002 -21"><span class='ocrx_word' id='word_1_225' title='bbox 10 2613 24 2632; x_wconf 25' lang='grc' dir='ltr'>,ι</span> <span class='ocrx_word' id='word_1_226' title='bbox 70 2555 210 2634; x_wconf 84' lang='lat' dir='ltr'>desumpta</span> <span class='ocrx_word' id='word_1_227' title='bbox 237 2574 315 2634; x_wconf 82' lang='lat' dir='ltr'>esse,</span> <span class='ocrx_word' id='word_1_228' title='bbox 348 2557 379 2614; x_wconf 92' lang='lat' dir='ltr'>in</span> <span class='ocrx_word' id='word_1_229' title='bbox 407 2556 516 2632; x_wconf 91' lang='lat' dir='ltr'>quibus</span> <span class='ocrx_word' id='word_1_230' title='bbox 544 2557 648 2616; x_wconf 80' lang='lat' dir='ltr'>Sabini</span> <span class='ocrx_word' id='word_1_231' title='bbox 676 2557 774 2616; x_wconf 82' lang='lat' dir='ltr'>Cassii</span> <span class='ocrx_word' id='word_1_232' title='bbox 800 2557 920 2618; x_wconf 87' lang='grc'><strong>1188888</strong></span> <span class='ocrx_word' id='word_1_233' title='bbox 947 2557 1071 2616; x_wconf 84' lang='grc' dir='ltr'><strong>Ρ888811</strong></span> 
     </span>
     <span class='ocr_line' id='line_1_28' title="bbox 10 2639 1070 2728; baseline 0.003 -27"><span class='ocrx_word' id='word_1_234' title='bbox 10 2639 24 2728; x_wconf 67' lang='grc'>”,</span> <span class='ocrx_word' id='word_1_235' title='bbox 70 2643 188 2705; x_wconf 80' lang='lat' dir='ltr'>Atilicini</span> <span class='ocrx_word' id='word_1_236' title='bbox 215 2647 402 2721; x_wconf 89' lang='lat' dir='ltr'>aliorumque</span> <span class='ocrx_word' id='word_1_237' title='bbox 429 2648 565 2706; x_wconf 86' lang='lat' dir='ltr'>veterum</span> <span class='ocrx_word' id='word_1_238' title='bbox 592 2664 736 2720; x_wconf 90' lang='lat' dir='ltr'>responsa</span> <span class='ocrx_word' id='word_1_239' title='bbox 763 2646 813 2706; x_wconf 84' lang='lat' dir='ltr'>vel</span> <span class='ocrx_word' id='word_1_240' title='bbox 840 2646 994 2720; x_wconf 90' lang='lat' dir='ltr'>opiniones</span> <span class='ocrx_word' id='word_1_241' title='bbox 1022 2665 1070 2704; x_wconf 90' lang='lat' dir='ltr'>re-</span> 
     </span>
     <span class='ocr_line' id='line_1_29' title="bbox 14 2729 1071 2826; baseline 0.005 -39"><span class='ocrx_word' id='word_1_242' title='bbox 14 2729 24 2826; x_wconf 47' lang='grc'><strong>,</strong></span> <span class='ocrx_word' id='word_1_243' title='bbox 72 2729 210 2808; x_wconf 84' lang='lat' dir='ltr'>feruntur’,</span> <span class='ocrx_word' id='word_1_244' title='bbox 238 2733 318 2811; x_wconf 88' lang='lat' dir='ltr'>quod</span> <span class='ocrx_word' id='word_1_245' title='bbox 345 2752 405 2792; x_wconf 92' lang='grc'>888</span> <span class='ocrx_word' id='word_1_246' title='bbox 432 2733 577 2809; x_wconf 87' lang='lat' dir='ltr'>improbo.</span> <span class='ocrx_word' id='word_1_247' title='bbox 624 2736 660 2792; x_wconf 88' lang='lat' dir='ltr'>de</span> <span class='ocrx_word' id='word_1_248' title='bbox 688 2734 774 2793; x_wconf 88' lang='lat' dir='ltr'>libris</span> <span class='ocrx_word' id='word_1_249' title='bbox 801 2734 974 2810; x_wconf 86' lang='lat' dir='ltr'>Pomponii,</span> <span class='ocrx_word' id='word_1_250' title='bbox 1002 2753 1071 2792; x_wconf 89' lang='lat' dir='ltr'>cum</span> 
     </span>
     <span class='ocr_line' id='line_1_30' title="bbox 10 2819 1070 2900; baseline 0.004 -23"><span class='ocrx_word' id='word_1_251' title='bbox 10 2819 24 2899; x_wconf 42' lang='grc' dir='ltr'>ζ,</span> <span class='ocrx_word' id='word_1_252' title='bbox 73 2825 188 2882; x_wconf 82' lang='lat' dir='ltr'>rotarum</span> <span class='ocrx_word' id='word_1_253' title='bbox 211 2822 298 2882; x_wconf 87' lang='lat' dir='ltr'>libris</span> <span class='ocrx_word' id='word_1_254' title='bbox 317 2821 478 2900; x_wconf 88' lang='lat' dir='ltr'>diligenter</span> <span class='ocrx_word' id='word_1_255' title='bbox 495 2843 568 2882; x_wconf 88' lang='lat' dir='ltr'>usus</span> <span class='ocrx_word' id='word_1_256' title='bbox 588 2823 640 2899; x_wconf 89' lang='lat' dir='ltr'>sit,</span> <span class='ocrx_word' id='word_1_257' title='bbox 659 2842 719 2882; x_wconf 92' lang='lat' dir='ltr'>non</span> <span class='ocrx_word' id='word_1_258' title='bbox 737 2823 819 2881; x_wconf 89' lang='lat' dir='ltr'>idem</span> <span class='ocrx_word' id='word_1_259' title='bbox 836 2823 970 2881; x_wconf 81' lang='lat' dir='ltr'>iudicare</span> <span class='ocrx_word' id='word_1_260' title='bbox 989 2823 1070 2881; x_wconf 85' lang='lat' dir='ltr'>licet.</span> 
     </span>
     <span class='ocr_line' id='line_1_31' title="bbox 75 2905 417 2988; baseline 0.005 -19.681"><span class='ocrx_word' id='word_1_261' title='bbox 75 2905 276 2988; x_wconf 70' lang='lat' dir='ltr'>brogaria.</span> <span class='ocrx_word' id='word_1_262' title='bbox 300 2913 417 2985; x_wconf 69' lang='grc'><strong>8176.</strong></span> 
     </span>
    </p>
   </div>
   <div class='ocr_carea' id='block_1_3' title="bbox 10 2999 1070 3148">
    <p class='ocr_par' dir='ltr' id='par_1_5' title="bbox 10 2995 1070 3148">
     <span class='ocr_line' id='line_1_32' title="bbox 143 2999 1070 3077; baseline -0.002 -17.244"><span class='ocrx_word' id='word_1_263' title='bbox 143 3000 176 3059; x_wconf 88' lang='grc'>18</span> <span class='ocrx_word' id='word_1_264' title='bbox 202 2999 405 3075; x_wconf 88' lang='lat' dir='ltr'>proponendis</span> <span class='ocrx_word' id='word_1_265' title='bbox 432 2999 611 3077; x_wconf 84' lang='lat' dir='ltr'>fragmentis</span> <span class='ocrx_word' id='word_1_266' title='bbox 635 3018 784 3077; x_wconf 82' lang='lat' dir='ltr'>nusquam</span> <span class='ocrx_word' id='word_1_267' title='bbox 808 3000 936 3060; x_wconf 87' lang='lat' dir='ltr'>cursivis</span> <span class='ocrx_word' id='word_1_268' title='bbox 959 3000 1070 3059; x_wconf 89' lang='lat' dir='ltr'>litteris</span> 
     </span>
     <span class='ocr_line' id='line_1_33' title="bbox 10 3083 223 3148; baseline 0.023 -5"><span class='ocrx_word' id='word_1_269' title='bbox 10 3083 23 3091; x_wconf 67' lang='grc'><strong>”</strong></span> <span class='ocrx_word' id='word_1_270' title='bbox 77 3085 111 3143; x_wconf 83' lang='lat' dir='ltr'>uti</span> <span class='ocrx_word' id='word_1_271' title='bbox 129 3089 223 3148; x_wconf 89' lang='lat' dir='ltr'>malui.</span> 
     </span>
    </p>
   </div>
   <div class='ocr_carea' id='block_1_4' title="bbox 398 3247 732 3309">
    <p class='ocr_par' dir='ltr' id='par_1_6' title="bbox 398 3247 732 3309">
     <span class='ocr_line' id='line_1_34' title="bbox 398 3247 732 3309; baseline 0.003 -3"><span class='ocrx_word' id='word_1_272' title='bbox 398 3250 426 3306; x_wconf 91' lang='lat'>1.</span> <span class='ocrx_word' id='word_1_273' title='bbox 456 3247 508 3305; x_wconf 85' lang='lat' dir='ltr'>Ad</span> <span class='ocrx_word' id='word_1_274' title='bbox 532 3247 587 3306; x_wconf 91' lang='lat' dir='ltr'>ius</span> <span class='ocrx_word' id='word_1_275' title='bbox 612 3248 732 3309; x_wconf 86' lang='grc'><strong>818118.</strong></span> 
     </span>
    </p>
   </div>
   <div class='ocr_carea' id='block_1_5' title="bbox 350 3348 771 3432">
    <p class='ocr_par' dir='ltr' id='par_1_7' title="bbox 350 3348 771 3432">
     <span class='ocr_line' id='line_1_35' title="bbox 350 3348 771 3432; baseline 0.002 -19"><span class='ocrx_word' id='word_1_276' title='bbox 350 3348 399 3414; x_wconf 87' lang='lat' dir='ltr'>De</span> <span class='ocrx_word' id='word_1_277' title='bbox 422 3349 566 3432; x_wconf 76' lang='lat' dir='ltr'>tepltinus</span> <span class='ocrx_word' id='word_1_278' title='bbox 588 3348 771 3414; x_wconf 78' lang='lat' dir='ltr'>heredibus?</span> 
     </span>
    </p>
   </div>
   <div class='ocr_carea' id='block_1_6' title="bbox 10 3453 1072 3631">
    <p class='ocr_par' dir='ltr' id='par_1_8' title="bbox 10 3453 1072 3631">
     <span class='ocr_line' id='line_1_36' title="bbox 10 3453 1070 3539; baseline -0.005 -18"><span class='ocrx_word' id='word_1_279' title='bbox 10 3512 14 3521; x_wconf 95' lang='lat'>.</span> <span class='ocrx_word' id='word_1_280' title='bbox 151 3458 174 3519; x_wconf 93' lang='lat' dir='ltr'>l.</span> <span class='ocrx_word' id='word_1_281' title='bbox 196 3455 233 3520; x_wconf 92' lang='lat' dir='ltr'>D.</span> <span class='ocrx_word' id='word_1_282' title='bbox 247 3455 278 3536; x_wconf 84' lang='lat'>5,</span> <span class='ocrx_word' id='word_1_283' title='bbox 295 3457 322 3537; x_wconf 91' lang='lat'>1,</span> <span class='ocrx_word' id='word_1_284' title='bbox 337 3457 389 3536; x_wconf 84' lang='grc'>28,</span> <span class='ocrx_word' id='word_1_285' title='bbox 404 3455 433 3521; x_wconf 87' lang='lat'>5.</span> <span class='ocrx_word' id='word_1_286' title='bbox 471 3455 590 3519; x_wconf 88' lang='lat' dir='ltr'>Paulus</span> <span class='ocrx_word' id='word_1_287' title='bbox 613 3456 698 3520; x_wconf 89' lang='lat' dir='ltr'>libro</span> <span class='ocrx_word' id='word_1_288' title='bbox 723 3456 862 3539; x_wconf 89' lang='lat' dir='ltr'>septimo</span> <span class='ocrx_word' id='word_1_289' title='bbox 885 3455 1010 3518; x_wconf 88' lang='lat' dir='ltr'>decimo</span> <span class='ocrx_word' id='word_1_290' title='bbox 1031 3453 1070 3516; x_wconf 87' lang='grc'>81</span> 
     </span>
     <span class='ocr_line' id='line_1_37' title="bbox 10 3531 1072 3631; baseline 0 -26"><span class='ocrx_word' id='word_1_291' title='bbox 10 3569 12 3622; x_wconf 60' lang='grc' dir='ltr'><strong><em>ζ</em></strong></span> <span class='ocrx_word' id='word_1_292' title='bbox 84 3531 218 3609; x_wconf 87' lang='lat' dir='ltr'>Plautium</span> <span class='ocrx_word' id='word_1_293' title='bbox 236 3542 286 3631; x_wconf 91' lang='lat' dir='ltr'>(P.</span> <span class='ocrx_word' id='word_1_294' title='bbox 303 3542 414 3631; x_wconf 86' lang='grc'><strong>1232).</strong></span> <span class='ocrx_word' id='word_1_295' title='bbox 435 3581 475 3591; x_wconf 96' lang='grc'><strong>-</strong></span> <span class='ocrx_word' id='word_1_296' title='bbox 498 3542 532 3609; x_wconf 83' lang='lat' dir='ltr'>Si</span> <span class='ocrx_word' id='word_1_297' title='bbox 551 3548 645 3627; x_wconf 89' lang='lat' dir='ltr'>pater</span> <span class='ocrx_word' id='word_1_298' title='bbox 664 3543 805 3610; x_wconf 81' lang='lat' dir='ltr'>familias</span> <span class='ocrx_word' id='word_1_299' title='bbox 823 3548 970 3608; x_wconf 87' lang='lat' dir='ltr'>mortuus</span> <span class='ocrx_word' id='word_1_300' title='bbox 986 3545 1072 3606; x_wconf 89' lang='lat' dir='ltr'>esset</span> 
     </span>
    </p>
   </div>
   <div class='ocr_carea' id='block_1_7' title="bbox 0 0 1261 3944">
    <p class='ocr_par' dir='ltr' id='par_1_9' title="bbox 0 0 1261 3944">
     <span class='ocr_line' id='line_1_38' title="bbox 0 0 1261 3944; baseline 0 0"><span class='ocrx_word' id='word_1_301' title='bbox 0 0 1261 3944; x_wconf 95' lang='lat' dir='ltr'> </span> 
     </span>
    </p>
   </div>
  </div>
 </body>
</html>
