2430 3944
464 177 737 233 ADDITAMENTA.

459 340 638 406 Indicarum
660 341 745 418 solvi.

186 459 237 524 58.
267 457 307 522 D.
334 458 389 542 46,
417 458 445 540 7,
477 458 505 521 7.
534 454 635 520 Gaius
666 456 750 521 libro
773 456 950 521 vicensimo
974 458 1110 540 septimo

96 548 137 612 ad
162 547 301 611 edietum
324 545 531 629 provinciale.
555 581 598 591 -
689 543 836 608 Iulianus
858 567 925 610 non
946 549 1109 629 putat

95 660 172 701 nam
272 656 462 718 responsum
491 655 570 717 esse,
598 633 721 718 siquis
745 633 914 698 absentem
939 634 1109 699 defendens

96 726 177 790 satie
206 723 342 805 dederit,
374 722 503 801 deinde,
535 722 586 787 vel
614 718 773 805 e09u1t0r1
801 722 842 786 ab
872 744 910 786 eo
940 723 1036 788 datus
1064 721 1110 788 rel

95 817 271 898 postquam
285 811 379 876 heres
394 811 424 875 ei
439 812 555 890 extitit,
574 810 728 876 iudicium
743 811 911 894 acceperit,
925 809 1109 895 sponsores*

97 924 163 967 non
187 900 298 965 teneri.
675 955 678 961 .

185 995 230 1054 De
258 1011 348 1053 eursu
370 992 491 1069 publieo
519 1011 686 1053 sermonem
714 1011 778 1053 esee
802 994 971 1053 Mommsen
996 994 1106 1054 conicit

428 1145 546 1212 Butam
567 1168 632 1211 rem
654 1147 783 1213 haberi?

186 1262 239 1328 59.
266 1261 344 1326 Vae.
365 1261 404 1326 fr.
423 1262 496 1328 333.
531 1258 781 1349 (Papinianusl)
809 1263 893 1327 libro
911 1262 975 1329 XV
995 1258 1107 1348 (XIH)

100 1352 354 1435 Responsorum.
388 1387 430 1396 —
462 1352 618 1415 Absentie
649 1356 892 1432 procuratorem
925 1353 1006 1418 satis
1039 1353 1105 1416 dare

100 1439 215 1505 debere
239 1439 277 1502 de
300 1442 373 1502 rato
396 1437 542 1504 habendo
641 1462 832 1523 responsum
856 1444 914 1506 est.

360 1674 391 1744 2.
423 1672 603 1768 Reliquae
631 1674 854 1761 sententiae,

298 1809 394 1883 quae
421 1810 498 1859 non
525 1784 704 1882 responsa
732 1788 919 1862 dicuntur.

398 1966 426 2008 a.
450 1945 507 2007 Ad
529 1945 588 2009 ius
611 1945 816 2027 publicum.

157 2069 206 2134 De
229 2070 362 2134 tribunis
379 2068 491 2151 plebis,
514 2068 676 2147 aedilibus,
701 2069 853 2134 iudicibus
876 2071 1060 2135 decemuiris.

193 2186 219 2249 1.
244 2184 311 2248 Liv.
326 2185 356 2264 3,
370 2183 422 2248 55.
446 2221 488 2229 -
513 2206 656 2248 e..um
680 2185 836 2269 religione
859 2185 1037 2249 inviolatos
1060 2204 1106 2248 eos

101 2274 158 2357 (se.
186 2271 349 2357 tribunos)
378 2276 448 2335 turn
477 2273 548 2356 lege
572 2273 669 2336 etiam
692 2273 841 2337 fecerunt
864 2274 1054 2356 sanciend0,
1077 2274 1106 2335 ut

102 2362 157 2446 qui
197 2362 336 2426 tribunis
382 2361 486 2443 plebis
525 2360 682 2425 aedilibus
724 2361 883 2426 iudicibus
922 2362 1105 2426 decemviris

100 2450 302 2532 nocuissent,
329 2449 397 2512 eius
426 2453 524 2532 eaput
551 2447 622 2513 Iovi
650 2471 775 2514 suerum
799 2454 898 2530 esset,
922 2450 1051 2515 familia
1074 2447 1107 2512 ad

102 2538 213 2601 aedem
246 2536 370 2602 Cereris
402 2537 512 2602 Liberi
546 2537 744 2624 Liberaeque
779 2561 895 2603 venum
932 2539 1006 2603 iret.
1055 2539 1108 2601 hae

100 2626 172 2710 lege
196 2626 274 2689 iuris
298 2627 491 2709 interpretes
517 2630 640 2711 negant
660 2648 852 2711 quemquam
872 2633 1108 2692 sacrosanctum

102 2736 185 2797 esse,
216 2713 272 2777 sed
302 2736 375 2778 cum
406 2717 478 2798 quis
509 2737 619 2779 eorum
650 2716 702 2779 eui
732 2717 890 2799 nocuerit,
923 2716 957 2779 id
989 2736 1108 2781 sacrum

102 2802 229 2867 sanciri.
278 2803 387 2886 itaque
418 2803 554 2867 aedilem
586 2803 700 2886 prendi
728 2804 862 2888 ducique
891 2826 911 2867 a
938 2804 1108 2870 maioribus

102 2891 359 2975 magistratibus
383 2891 468 2975 quod
492 2893 551 2955 etsi
575 2914 640 2956 non
663 2892 733 2956 iure
755 2892 814 2955 fiat
832 2929 874 2938 -
895 2895 1007 2958 noceri
1031 2894 1108 2956 enirn

102 2981 141 3061 ei,
165 2980 216 3043 eui
236 2978 297 3042 hae
316 2979 387 3063 lege
407 3000 472 3043 non
491 2980 587 3044 liceat
608 3017 645 3027 -
666 2984 776 3044 tamen
795 2984 1024 3066 argumentum
1043 3001 1107 3044 esse

101 3090 169 3132 non
205 3067 319 3131 haberi
354 3089 412 3150 pro
446 3090 537 3132 sacro
570 3074 747 3153 sanctoque
779 3070 932 3135 aedilem:
965 3071 1106 3134 tribunos

101 3161 209 3221 vetere
236 3156 305 3220 iure
332 3155 469 3220 iurando
491 3157 611 3240 plebis,
639 3180 711 3223 eum
739 3159 880 3241 primum
905 3180 977 3222 eam
1006 3162 1106 3242 potes·

101 3249 203 3309 tatem
240 3245 375 3324 creavit,
411 3251 633 3311 sacrosanctos
669 3268 747 3311 esse.
806 3246 895 3311 fuere
928 3248 983 3331 qui
1018 3248 1104 3310 inter·

99 3336 318 3416 proterantur,
346 3334 455 3397 eadem
484 3335 544 3398 hac
567 3334 707 3399 Horatia
732 3337 802 3420 lege
826 3336 1013 3401 consulibus
1036 3354 1101 3418 quo-

174 3477 188 3523 1
210 3471 284 3525 Tria
304 3475 474 3540 procurator.

173 3547 189 3595 2
211 3542 285 3598 frib.
305 3541 489 3598 fideiussores.
