2430 3944
465 113 492 164 t.
509 107 700 165 procubus
1028 108 1092 173 139

421 349 449 408 1.
477 347 529 406 Ad
552 346 609 407 ius
632 347 748 408 civile.

175 489 263 551 liuius
298 489 421 566 generis
452 489 625 566 fragmenta
656 489 695 549 ud
727 488 923 549 Sabinianum
955 490 1091 551 ordinem

54 578 58 651 ζ
114 578 232 657 oleari,
253 599 313 656 quo
338 579 511 639 scholarum
533 577 687 638 dissensus
711 578 822 655 optime
845 578 1026 640 illustratur.

449 803 500 870 De
523 805 717 870 testamentis.

315 951 563 1027 Qrteorodenotrtm
585 955 754 1011 momenta
770 952 854 1023 fiunt.

170 1075 196 1135 l.
226 1071 268 1137 D.
290 1071 344 1152 28,
366 1070 399 1152 5,
421 1071 475 1154 60,
495 1071 525 1135 2.
580 1067 694 1134 Oelsus
726 1070 810 1135 libro
843 1075 934 1135 sexto
968 1069 1091 1135 decimo

101 1156 283 1245 Digestorum
309 1156 359 1247 (P.
379 1157 469 1245 127).
495 1195 534 1206 -
559 1157 677 1223 ‘iltius
705 1159 798 1223 heres
827 1161 914 1241 est03
943 1156 1035 1223 Seius
1060 1164 1093 1223 et

99 1243 224 1313 literius
260 1247 396 1314 heredes
433 1246 551 1313 sunto'.
606 1297 643 1313 ..
669 1297 676 1311 .
699 1246 837 1312 Proculo
871 1248 982 1332 placet
1012 1246 1093 1311 duos

99 1337 227 1402 semisses
250 1359 336 1421 esse,
358 1358 495 1421 quorum
518 1337 602 1400 alter
625 1335 823 1402 coniunctim
842 1336 968 1402 duobus
987 1335 1093 1400 datur.

166 1425 196 1490 2.
217 1425 258 1491 D.
272 1425 326 1509 35,
341 1428 370 1491 1.
386 1427 437 1491 14
473 1424 673 1509 Pomponius
696 1425 781 1490 libro
805 1428 920 1490 octavo
940 1424 981 1489 ad
1000 1423 1093 1489 Sabi-

98 1530 156 1577 uum
185 1512 234 1602 (P.
258 1511 365 1602 5211‘).
397 1551 440 1562 -
471 1512 592 1579 ‘Titius
627 1514 656 1578 si
689 1517 817 1578 statuas
849 1514 882 1577 in
915 1513 1092 1597 municipio

99 1604 230 1687 posuerit,
252 1602 347 1668 heres
370 1601 464 1669 esto'.
505 1603 533 1667 si
552 1606 685 1685 paratus
704 1607 754 1666 est
772 1623 902 1685 ponere,
925 1603 982 1666 sed
999 1602 1091 1668 loeus

99 1691 334 1776 amunioipibus
353 1691 383 1756 ei
400 1713 469 1756 non
488 1691 592 1773 datur,
612 1689 751 1756 Sabinus
766 1689 922 1755 Proculus
940 1690 1093 1755 heredem

100 1779 242 1845 sumsere
266 1779 355 1844 etin
380 1780 490 1865 legato
513 1778 599 1843 idem
622 1779 701 1843 iuris
725 1801 795 1842 esse
818 1779 939 1845 dicunt

153 2016 196 2075 De
215 2017 289 2089 filiis
309 2016 443 2090 famelius
464 2017 510 2075 oet
530 2016 714 2076 instituendis
734 2016 780 2074 oet
802 2015 1016 2075 ertereduadte.

168 2137 195 2200 3.
219 2134 292 2200 Gai.
301 2135 331 2218 2,
343 2135 416 2200 123.
438 2170 476 2181 -
498 2182 523 2199 ..
547 2135 603 2219 qui
624 2134 726 2198 filium
746 2135 782 2198 in
799 2136 963 2217 potestate
982 2133 1094 2218 habet,

104 2239 190 2287 errare
215 2224 313 2289 debet
334 2227 373 2287 ut
395 2245 469 2288 eum
491 2223 543 2286 vel
565 2223 716 2287 heredem
739 2223 893 2286 instituat
916 2221 967 2285 vel
991 2223 1094 2287 nomi·

104 2312 182 2375 ratim
204 2312 392 2394 exheredet3
414 2311 560 2394 alioquin
584 2311 612 2377 si
636 2334 709 2376 eum
732 2311 862 2376 silentio
881 2310 1094 2394 praeterierit,

103 2394 238 2466 inutiliter
260 2401 438 2466 testabitur
534 2399 590 2465 sed
614 2399 758 2465 diversae
782 2400 914 2466 scholae
937 2404 1094 2483 auctores,

54 2522 56 2537 ι
102 2485 260 2572 siquidem
282 2489 370 2554 filius
392 2493 508 2554 mortis
530 2490 634 2573 patris
653 2492 798 2572 tempore
816 2490 915 2568 vivat,
938 2511 1016 2553 sene
1035 2490 1094 2553 im·

101 2575 262 2655 pedimento
295 2599 369 2643 eum
401 2598 473 2642 esse
505 2577 635 2660 seriptis
667 2577 839 2642 heredibus
871 2582 903 2641 et
930 2578 1025 2642 illum
1053 2578 1093 2642 ab

102 2661 235 2733 htestato
253 2667 405 2732 heredem
423 2667 494 2730 fieri
507 2666 717 2751 confitentum
735 2668 852 2731 sivero
867 2671 942 2730 unte
957 2671 1094 2731 mortem

100 2755 179 2832 putris
199 2758 401 2840 interceptus
420 2756 473 2836 sit,
495 2776 590 2839 posse
610 2777 649 2819 ex
667 2759 862 2821 testamento
881 2755 1094 2820 hereditatem

99 2841 161 2908 adiri
177 2849 305 2928 putant,
329 2844 419 2908 nullo
437 2845 503 2909 iam
522 2844 590 2908 filio
609 2844 853 2926 impedimento,
875 2849 951 2929 quia
971 2843 1095 2909 seilicet

99 2932 269 2998 existimant
290 2931 402 3016 (non)
424 2933 537 2997 statim
555 2933 597 2996 ab
616 2932 711 2996 initio
730 2933 891 2997 inutiliter
909 2931 978 2996 fieri
996 2936 1093 2997 testa·

98 3032 224 3087 uentum
245 3022 317 3086 filio
340 3022 524 3105 praeterito.

166 3112 197 3176 4.
229 3109 270 3175 D.
284 3111 337 3192 28,
350 3111 382 3189 2,
397 3110 470 3194 6pr.
515 3107 678 3195 Ulpianus
706 3109 789 3174 libro
817 3110 914 3174 tertio
939 3109 979 3174 ud
1003 3105 1094 3174 Subi·

96 3213 158 3262 num
174 3196 225 3285 (P.
236 3195 350 3286 2445).
367 3235 413 3247 -
433 3247 457 3263 ..
476 3205 527 3263 est
544 3198 728 3282 quaesitum
747 3219 789 3261 an
807 3198 846 3281 is,
867 3197 922 3281 qui
941 3219 1095 3282 generare

95 3281 172 3350 heile
205 3310 273 3353 non
303 3287 424 3371 possit,
456 3290 643 3372 postumum
675 3286 826 3351 heredem
858 3287 962 3351 faeere
989 3286 1095 3367 possit

94 3376 171 3440 ..si
190 3381 353 3442 castratus
372 3377 425 3460 sit,
447 3374 592 3441 Iulianus
610 3374 741 3440 Proculi
759 3375 945 3458 opinionem
965 3380 1094 3438 secutus

94 3479 145 3528 non
165 3468 260 3550 putat
282 3469 473 3550 postumum
496 3463 646 3528 heredem
669 3485 765 3548 posse
788 3464 963 3528 inst'tuere.
