2430 3944
347 188 373 238 4.
396 183 427 238 L.
446 180 628 237 NERATIUS
646 180 793 238 umacus
1007 180 1070 245 301

349 380 400 446 De
421 380 580 445 verboram
601 380 789 464 obiiyatioae.

154 508 205 574 14.
233 505 271 570 D.
293 506 344 588 16,
364 506 394 589 3,
412 506 464 571 30.
510 503 664 570 Neratius
691 506 774 571 libro
802 505 907 589 primo
929 505 1072 591 Respon-

62 616 183 661 sorum.
206 631 248 642 —
272 591 307 657 Si
332 593 502 658 fideiussor
524 615 583 678 pro
606 600 640 658 te
663 593 748 678 apud
771 615 866 678 quem
890 595 1072 679 depositum

61 689 112 749 est
137 683 207 749 litis
236 681 461 749 aestimatione
489 681 661 748 damnatus
690 683 747 766 sit,
779 703 849 747 rem
876 688 966 749 tuam
993 682 1072 749 fieri.

384 859 434 926 De
455 880 495 927 se.
518 860 754 926 Macedoniam.

155 985 204 1052 15.
233 984 272 1050 D.
289 985 339 1068 14,
354 986 382 1068 6,
398 985 472 1068 ipr.
508 983 669 1069 'Ulpianus
690 985 773 1050 libro
792 984 968 1050 vicensimo
987 1006 1072 1050 nono

63 1075 105 1140 ad
128 1073 277 1141 edietum.
301 1111 343 1121 -
367 1075 446 1139 ..si
469 1073 555 1137 filius
579 1073 718 1138 familias
741 1073 948 1157 fideiusserit‚
972 1072 1072 1138 Nera·

62 1164 128 1229 tius
151 1164 236 1230 libro
258 1163 364 1248 primo
445 1161 687 1247 Responsorum
704 1183 829 1228 cessare
848 1166 979 1227 senatus
998 1183 1073 1227 eon-

62 1253 184 1318 sultum
208 1253 261 1316 ait

471 1338 521 1405 De
537 1340 666 1423 paralio.

157 1464 207 1530 16.
236 1464 275 1529 D.
297 1461 348 1548 15,
369 1466 399 1546 1,
418 1463 470 1529 55.
516 1462 669 1529 Neratius
693 1464 777 1528 libro
800 1464 905 1548 primo
929 1462 1075 1547 Respon-

64 1575 185 1618 sorum.
216 1588 253 1602 -
283 1551 317 1617 Is
350 1575 422 1618 eum
455 1573 518 1636 quo
549 1552 587 1616 de
615 1552 740 1636 peculio
770 1552 906 1636 agebam
935 1575 954 1617 a
981 1556 1014 1617 te
1042 1552 1075 1616 vi

64 1645 232 1727 exemptus
260 1644 323 1724 est3
353 1640 438 1725 quod
461 1644 539 1706 tune
562 1663 634 1705 eum
658 1641 691 1706 vi
714 1640 868 1705 eximeres
891 1640 926 1705 in
947 1641 1074 1725 peculio

62 1729 175 1814 fuerit,
199 1729 348 1814 spectari.

489 1875 598 1935 Liber
618 1875 658 1935 H.

477 1995 527 2060 De
550 1996 663 2078 leuatis.

160 2121 208 2185 17.
237 2119 275 2184 D.
296 2121 326 2199 7,
348 2122 374 2199 1,
394 2120 446 2184 61.
482 2118 636 2184 Neratius
660 2118 744 2183 libro
769 2118 908 2183 seeundo
931 2118 1076 2203 Respon-

66 2231 184 2273 sorum.
208 2244 245 2254 -
277 2207 536 2289 Userfruetaarius
562 2228 676 2273 nevum
701 2209 804 2272 rimam
820 2207 993 2290 parietibus
1014 2228 1077 2272 noa

59 2303 162 2381 potest
183 2299 335 2380 inponere.
380 2297 553 2380 aedificium
579 2296 755 2362 inchoatam
774 2295 986 2377 fructuariam
1008 2317 1076 2362 coa·

64 2406 222 2451 summare
243 2406 306 2450 noa
323 2406 412 2468 posse
430 2387 539 2470 placet,
561 2386 683 2450 etiamsi
705 2406 737 2450 eo
761 2386 822 2450 loeo
840 2385 932 2450 aliter
948 2386 998 2450 ati
1014 2406 1077 2450 noa

59 2476 175 2558 possit,
198 2475 252 2539 sed
272 2495 325 2540 aec
351 2476 417 2539 eius
440 2475 562 2556 quidem
583 2494 676 2540 aerim
696 2473 833 2555 fractam
855 2493 916 2539 esse
939 2473 1021 2558 [aiei
1042 2475 1077 2538 in

66 2565 274 2629 aestimando
302 2564 348 2629 ael
375 2563 501 2646 kyaado
530 2563 719 2644 usufructu
745 2562 800 2629 hoc
824 2563 995 2646 specialiter
1021 2564 1077 2628 ad-

66 2655 179 2717 iectam
200 2653 253 2733 sit,
274 2657 310 2716 at
331 2657 493 2734 atramque
515 2654 543 2718 ei
565 2651 680 2737 tieeatJ.

160 2742 210 2806 18.
234 2739 339 2823 1115,
353 2742 383 2824 3,
398 2742 451 2806 22.
487 2740 639 2806 Neratius
663 2741 747 2806 libro
773 2741 911 2806 seeundo
930 2739 1075 2824 Respon-

67 2851 187 2894 sorum.
214 2866 252 2875 -
279 2828 413 2894 Servum
437 2830 649 2895 fructuarium
668 2850 706 2893 ex
725 2851 760 2894 re
779 2830 900 2894 domini
918 2830 1077 2895 inutiliter

66 2918 248 2982 fructuario
277 2917 438 3002 stipulari,
471 2919 601 2983 domino
631 2941 669 2984 ex
695 2941 730 2984 re
756 2919 926 2984 fruetuarii
953 2919 1077 2983 utiliter

68 3006 228 3091 stipulari.

160 3095 211 3159 19.
239 3094 276 3158 D.
295 3094 373 3159 ibid.
392 3095 443 3159 24.
489 3095 640 3160 Neratius
663 3097 748 3160 libro
773 3094 910 3160 seeundo
934 3094 1077 3178 Respon-

69 3205 190 3248 sorum.
219 3219 261 3230 —
289 3183 334 3248 Et
361 3183 389 3246 si
417 3183 552 3249 duorum
579 3206 656 3248 usus
684 3184 808 3249 fructus
838 3185 893 3266 sit,
925 3183 1011 3267 quod
1039 3204 1078 3247 ex

70 3273 177 3355 operis
206 3273 272 3336 suis
300 3272 395 3336 alteri
423 3294 532 3337 eorum
560 3273 735 3356 stipulatus
758 3273 814 3356 sit,
841 3292 900 3355 pro
925 3293 963 3336 ea
987 3271 1078 3335 dum-

69 3364 163 3424 taxat
186 3365 293 3445 parte,
316 3383 354 3424 er
379 3383 443 3445 qua
465 3382 541 3425 usus
565 3361 687 3426 fructus
711 3361 779 3426 eius
803 3361 858 3444 sit,
880 3361 1015 3444 adquiri.

160 3450 213 3515 20.
238 3449 276 3514 D.
292 3449 344 3531 33,
360 3450 389 3531 7,
403 3450 455 3515 23.
491 3447 645 3514 Neratius
668 3451 752 3515 libro
775 3450 915 3529 seeundo
933 3448 1078 3531 Respon-

73 3559 191 3602 sorum.
217 3575 254 3584 -
282 3536 363 3604 Cum
390 3542 577 3623 quaeratur,
604 3539 689 3623 quod
716 3540 760 3603 sit
781 3539 935 3603 tabernae
958 3538 1079 3602 instru-
