2430 3944
359 161 385 210 4.
408 155 439 213 L.
458 155 640 212 NERATIUS
659 156 808 213 PRISCUS
1022 159 1088 223 323

74 321 148 385 duci
175 340 241 385 non
268 319 387 404 possit,
415 320 542 385 etiamsi
564 318 671 384 hieme
694 341 820 404 quoque
843 320 1089 407 desideraretur,

72 409 142 475 sire
172 409 261 474 omni
288 413 435 493 tempore
464 409 542 474 anni
565 409 637 473 duci
660 430 732 473 eam
755 409 858 491 ipsius
881 414 998 475 natura
1019 433 1088 496 per·

70 498 226 583 mitteret,
248 498 277 563 si
297 497 425 563 utilitas
444 496 608 582 replenis1,
631 497 666 561 in
686 519 783 582 quam
803 497 939 583 ducitur,
963 504 1087 565 aestate

70 587 241 652 dumtaxat
265 609 359 651 usum
383 587 451 651 eius
476 586 633 672 exigeret,
663 586 788 652 aestiua
810 591 896 652 recte
919 587 1087 655 diceretur.

293 762 344 829 De
365 764 538 830 iude'cutum
559 764 638 835 solvi
659 765 865 848 adsumtione.

162 871 217 937 32.
244 868 284 934 D.
297 869 351 955 46,
367 870 396 953 7,
412 871 463 936 16.
510 867 663 935 Neratius
692 871 775 935 libro
801 871 899 935 tertio
926 870 1088 936 Membra-

68 981 196 1025 narum.
218 994 256 1005 —
274 956 326 1022 Ex
344 959 523 1024 iudicatum
543 958 627 1024 solvi
645 959 855 1042 stipulatione
875 959 916 1025 ob
935 980 1004 1024 rem
1021 982 1088 1025 non

69 1047 236 1113 defensam
269 1069 342 1112 cum
372 1069 436 1113 uno
468 1068 508 1111 cx
536 1044 763 1130 sponsoribus¹
794 1068 890 1133 ogere
919 1049 1005 1114 uolo.
1049 1050 1086 1133 is,

69 1136 157 1221 quod
180 1159 239 1221 pro
263 1139 355 1220 porte
378 1135 448 1201 eius
466 1135 512 1220 fit,
535 1137 660 1202 solvere
679 1136 760 1202 mihi
779 1139 912 1220 paratus
932 1140 997 1203 est:
1020 1159 1087 1202 non

69 1226 167 1290 debet
189 1224 272 1290 mihi
289 1225 323 1290 in
342 1246 415 1290 eum
434 1225 505 1290 dari
522 1224 684 1291 iudicium
721 1247 823 1310 neque
843 1226 928 1290 enim
947 1249 1087 1312 aequum

71 1318 122 1379 est
145 1319 202 1380 aut
224 1312 344 1380 iudicio
368 1314 528 1398 destringi
552 1318 608 1379 aut
626 1315 667 1379 ad
685 1314 913 1381 infitiationem
933 1316 1086 1401 compelli

68 1425 153 1488 eum,
173 1403 228 1489 qui
248 1403 317 1467 sine
335 1401 439 1469 iudice
458 1403 534 1468 dare
551 1407 685 1488 paratus
704 1406 763 1489 est,
782 1425 845 1489 quo
864 1425 929 1469 non
943 1405 1085 1488 amplius

69 1492 274 1558 adversarius
303 1491 372 1557 eius
400 1514 457 1576 per
484 1491 622 1557 iudicem
646 1493 687 1557 ab
712 1513 750 1558 00
773 1497 1003 1559 consecuturus
1026 1496 1085 1558 est.

487 1710 594 1770 Liber
616 1709 668 1769 IV.

180 1864 182 1869 ·
397 1828 448 1894 Dc
469 1828 633 1908 usufructu
656 1829 760 1910 deputo.

157 1936 211 2002 33.
238 1934 277 1999 D.
293 1936 321 2019 7,
339 1937 367 2016 1,
383 1936 411 2016 7,
426 1936 456 2000 3.
502 1932 661 2016 Ulpianus
688 1932 773 1998 libro
799 1933 936 2018 septimo
960 1933 1084 2000 decimo

67 2026 110 2091 ad
139 2023 295 2090 Sabinum
323 2019 373 2112 (P.
391 2019 505 2110 2558).
536 2058 573 2070 -
603 2020 756 2087 Neratius
789 2068 824 2086 ..
856 2021 941 2086 libro
969 2028 1085 2104 quarto

68 2114 335 2180 Membranarum
368 2114 415 2176 ait
446 2134 513 2177 non
545 2133 642 2195 posse
673 2109 885 2174 fructuarium
912 2110 1086 2192 prohiberi,

67 2225 132 2287 quo
166 2202 273 2267 minus
305 2201 431 2267 reficiat
464 2201 520 2287 (sc.
544 2200 692 2265 dominus
726 2194 883 2284 aedium),
919 2198 994 2282 quia
1026 2220 1085 2263 nec

68 2312 161 2357 arare
180 2290 345 2376 prohiberi
359 2293 469 2374 potest
483 2294 540 2354 aut
553 2289 671 2371 colere,
691 2309 750 2353 nec
764 2286 869 2351 solum
884 2287 1084 2352 necessarias

66 2380 262 2446 refectiones
289 2378 464 2462 facturum,
492 2379 547 2443 sed
576 2378 674 2443 etiam
702 2375 882 2460 uoluptatis
909 2396 1020 2459 causa,
1048 2379 1085 2440 ut

66 2470 207 2534 tectoria
235 2472 267 2532 et
293 2469 482 2552 pavimenta
504 2473 537 2530 et
560 2466 678 2531 similia
701 2464 822 2546 facere,
849 2485 952 2549 neque
976 2468 1083 2529 autem

66 2559 226 2642 ampliare
249 2577 309 2622 nec
331 2557 411 2622 utile
435 2554 601 2621 detrahere
624 2575 729 2639 posse.

491 2713 541 2779 Dc
563 2713 664 2779 tutelo.

157 2825 209 2890 34.
233 2824 273 2890 D.
287 2824 340 2910 46,
354 2823 384 2908 6,
400 2822 450 2887 11.
496 2819 649 2884 Neratius
673 2820 756 2884 libro
781 2824 898 2905 quarto
921 2817 1082 2884 Membra·

65 2935 193 2979 narum.
216 2950 253 2960 —
274 2913 355 2979 Cum
374 2933 442 2976 rem
462 2910 584 2975 salvam
602 2907 670 2972 fore
688 2908 814 2992 pupillo
834 2911 973 2990 cavetur,
996 2928 1082 2973 com·

66 3001 212 3068 mittitur
230 3001 406 3086 stipulatio,
425 2999 462 3084 si,
481 2998 568 3082 quod
586 3019 625 3061 ex
642 2996 748 3063 tutela
766 2997 835 3062 dari
852 2997 923 3061 fieri
941 3001 1081 3081 oportet,

65 3114 134 3157 non
152 3095 344 3177 praestetur.
368 3087 512 3174 [namet
531 3087 559 3151 si
583 3085 674 3151 salva
698 3086 727 3149 ei
749 3107 801 3150 res
825 3086 877 3167 sit,
900 3084 942 3150 ob
961 3085 995 3149 id
1013 3107 1080 3149 non

66 3185 129 3265 est,
143 3181 228 3265 quia,
242 3179 325 3265 quod
342 3201 381 3242 ex
394 3177 497 3242 tutela
512 3174 582 3239 dari
594 3174 665 3238 fieri
683 3178 824 3258 oportet,
836 3196 902 3239 non
916 3173 1075 3254 solvitur]

162 3291 284 3350 Inclusa
306 3290 398 3350 verba
420 3287 544 3347 Pernice
566 3285 674 3345 merito
698 3285 777 3346 eicit.

141 3470 155 3515 1
175 3460 223 3517 Fl.
242 3457 377 3530 personis.

119 3566 121 3571 ·
141 3539 157 3588 2
179 3532 255 3588 Tria
273 3528 490 3585 fideiussoribus.
