2430 3944
97 183 139 246 84
166 181 213 237 ΙΙΙ.
230 181 305 235 GAll
320 179 466 236 CLAUDII
481 179 616 234 NEltON.
627 177 771 233 GALBAE
780 178 887 233 ΤΕΜΡ.
897 178 995 234 IURIS
1006 178 1096 235 UONS

484 410 588 468 Libri
609 410 721 469 I-VI.

382 525 426 580 De
440 527 532 594 pactis
550 532 576 580 ct
593 526 823 580 conventionibus.

187 647 214 710 1.
238 645 276 709 D.
292 647 322 726 2,
339 645 389 720 14,
408 647 434 722 1,
445 646 474 710 3.
506 642 667 727 Ulpianus
682 642 766 709 libro
781 648 896 727 quarto
913 644 953 707 ad
968 643 1096 708 edietun

96 734 146 822 (P.
170 731 259 820 240).
293 770 336 780 -
369 731 601 799 conventionis
638 733 772 797 verbum
806 733 954 817 generale
987 739 1038 796 est
1070 754 1096 796 a<

96 823 205 889 omnia
224 822 398 907 pertinens,
421 822 460 885 de
483 820 599 906 quibus
622 820 747 904 negotii
770 820 983 895 contrahendi
1006 822 1096 886 trans

96 912 270 996 igendique
294 933 391 975 causa
414 908 622 974 consentiunt
644 911 699 994 qui
725 910 810 973 inter
833 931 867 973 se
891 914 1007 994 agunt3
1034 932 1096 974 nau

16 1072 18 1076 ἱ
97 1000 192 1064 sicuti
215 999 384 1063 convenire
403 998 553 1063 dicuntur
573 999 628 1083 qui
647 1020 686 1061 ex
705 998 839 1062 diversis
859 998 939 1064 locis
957 999 992 1063 iu
1010 1020 1096 1063 unuu

95 1090 203 1154 locum
232 1087 431 1172 colliguntur
457 1090 490 1150 et
517 1088 666 1169 veniunt,
693 1087 740 1150 ita
767 1089 801 1151 et
827 1087 883 1171 qui
911 1108 950 1150 ex
976 1086 1096 1151 diversi

96 1177 196 1242 animi
222 1177 367 1240 motibus
394 1176 427 1240 in
455 1197 555 1240 unum
578 1176 799 1258 consentiunt,
825 1175 858 1239 id
882 1177 988 1239 estin
1012 1198 1096 1240 unan

97 1265 290 1330 seutentiam
310 1265 490 1329 decurrunt.
529 1264 608 1328 adeo
628 1267 736 1328 autem
752 1264 975 1328 conventionis
990 1286 1096 1330 nomer

96 1354 245 1439 generale
265 1358 324 1437 est,
342 1357 378 1417 ut
392 1404 399 1418 .
411 1406 416 1417 .
428 1352 515 1417 dicat
529 1352 646 1416 Pedius
665 1354 789 1417 nullum
810 1375 880 1417 esse
899 1356 1096 1418 contractum

95 1443 218 1507 nullam
257 1442 503 1525 obligationem,
540 1463 621 1524 quae
655 1464 719 1505 uon
752 1441 872 1505 habeat
903 1442 937 1505 in
969 1464 1003 1506 se
1037 1463 1097 1506 con

96 1531 291 1614 mulionem,
314 1531 381 1594 sive
403 1552 437 1594 re
457 1530 524 1595 sive
544 1530 650 1594 verbis
669 1529 759 1612 <sive
779 1529 920 1613 litteris>
939 1530 1011 1614 fiat3
1034 1552 1096 1595 nau

96 1624 129 1683 et
158 1618 325 1701 stipulatio
355 1640 437 1703 quae
466 1618 573 1683 verbis
599 1618 651 1698 fit,
679 1619 743 1683 nisi
766 1618 887 1682 habeat
910 1641 1096 1684 consensum

95 1708 187 1771 nulla
211 1711 268 1771 est.

184 1836 308 1895 Pernioe
327 1837 358 1895 Z.
376 1836 404 1894 d.
422 1835 547 1896 Suu-St.
562 1835 613 1908 IX,
630 1838 691 1896 199
711 1855 740 1894 n.
757 1840 773 1894 1
800 1836 838 1895 ad
859 1837 953 1895 verba
975 1831 1058 1895 ‘nam
1083 1855 1096 1895 e

98 1924 277 2000 stipulatio.
293 1919 312 1983 .'
335 1928 434 1984 notat:
465 1919 518 1983 ‘Es
541 1931 621 1985 wilre
644 1925 788 2002 moglich‚
816 1926 885 1984 dass
909 1924 1019 1983 Pedius
1042 1945 1096 1984 vor

98 2013 367 2091 Litteralvertrage
400 2014 520 2090 sprach,
552 2013 584 2071 in
616 2014 722 2072 dassen
753 2013 844 2072 Form
876 2013 940 2073 sich
972 2013 1021 2073 die
1055 2015 1096 2072 Zu

97 2103 263 2180 stimmung
286 2104 338 2161 des
362 2102 543 2161 Schuldners
567 2102 651 2160 nicht
673 2097 839 2179 ausprtgt'.

186 2241 215 2304 2.
239 2239 277 2303 D.
292 2240 322 2320 2,
340 2240 389 2322 14,
404 2240 434 2320 7,
448 2238 478 2303 8.
511 2237 668 2322 Ulpianus
683 2238 765 2303 libro
782 2242 896 2322 quarto
912 2238 952 2302 ad
968 2238 1096 2304 edictuu

98 2325 147 2415 (P.
162 2324 252 2414 244).
274 2364 311 2372 —
333 2326 504 2391 Paetorum
528 2327 686 2410 quaedam
704 2327 738 2391 in
756 2349 824 2390 rem
844 2332 927 2410 sunt,
952 2328 1096 2411 quaedan

98 2421 132 2480 in
146 2437 326 2499 personam.
356 2415 389 2479 iu
404 2437 472 2480 rem
487 2418 573 2497 sunt,
588 2414 738 2498 quotiens
753 2415 948 2500 generaliter
962 2417 1094 2499 pacisce

96 2525 137 2568 ne
160 2508 284 2589 petam3
307 2505 341 2567 in
363 2525 544 2586 personam,
567 2504 717 2586 quotiens
736 2527 776 2567 ne
796 2527 815 2568 a
833 2525 972 2587 persona
991 2508 1096 2589 petam

97 2593 131 2656 id
155 2597 205 2655 est
227 2612 268 2656 ne
292 2614 311 2655 a
331 2590 431 2656 Lucio
450 2591 537 2657 Titio
562 2598 678 2674 petam.
720 2596 828 2657 utrum
852 2599 958 2656 autem
983 2595 1019 2656 in
1043 2616 1096 2658 ren

99 2702 141 2744 an
169 2680 203 2744 in
229 2701 401 2764 personam
428 2684 559 2764 pactum
585 2681 795 2766 factumest,
823 2679 916 2765 [non]
941 2680 1048 2746 minus
1075 2705 1096 2747 e:

98 2769 206 2833 verbis
241 2790 337 2853 quam
370 2790 409 2833 ex
440 2773 547 2833 mente
581 2770 840 2835 convenientium
873 2771 1096 2835 aestimandun

100 2862 162 2940 est3
194 2857 383 2941 plerumque
416 2859 514 2942 enim,
546 2863 583 2922 ut
612 2858 726 2923 Pedius
755 2859 814 2941 ait,
846 2881 986 2942 persona
1014 2865 1096 2944 pact

99 2945 266 3028 inseritur,
294 2968 360 3011 non
388 2952 425 3011 ut
451 2947 622 3029 personale
650 2952 780 3031 pactum
810 2948 879 3031 fiat,
908 2948 964 3011 sed
993 2953 1031 3013 ut
1061 2949 1096 3013 de

100 3039 307 3118 monstretur,
330 3057 402 3100 cum
426 3058 489 3121 quo
513 3039 643 3119 pactum
666 3036 788 3102 lactum
811 3042 869 3102 est.

189 3177 219 3241 3.
242 3176 321 3243 Ibid.
345 3180 365 3258 ξ
385 3177 414 3240 9.
441 3214 478 3223 -
508 3177 592 3241 Dolo
625 3179 711 3242 malo
745 3178 792 3242 ait
819 3180 951 3260 praetor
979 3182 1096 3262 pactuu

102 3287 135 3328 se
170 3287 237 3330 non
269 3276 481 3330 servaturum.
536 3266 629 3331 dolus
662 3267 766 3330 malus
799 3267 838 3329 fit
870 3267 1048 3332 calliditate
1082 3291 1096 3332 e

100 3354 241 3418 fallacia.
278 3360 309 3418 et
333 3359 369 3417 ut
393 3354 439 3418 ait
461 3353 589 3437 Pedius,
612 3356 686 3420 dolo
707 3354 792 3419 malo
815 3359 947 3439 pactum
968 3357 1012 3438 fit,
1036 3378 1096 3440 quo

101 3443 186 3506 tiens
219 3442 500 3507 circumscribendi
533 3443 665 3508 alterius
698 3465 795 3509 causa
828 3444 916 3509 aliud
944 3446 1053 3530 agitur
1081 3467 1096 3509 e

102 3530 188 3595 aliud
213 3532 266 3616 agi
291 3530 469 3595 simulatur.
