2430 3944
459 194 484 244 2.
503 185 666 244 Prorsus
1003 187 1069 252 205

51 353 304 417 instrumentum
320 352 434 417 domus
448 352 481 416 id
496 372 575 432 esse,
590 350 676 437 quod
690 350 897 435 tempestatis
913 351 1069 417 arcendae

52 443 106 506 aut
124 440 269 506 incendii
289 463 388 506 causa
405 443 547 524 paratur,
565 462 633 504 non
652 441 737 524 quod
753 440 932 523 voluptatis
952 440 1069 523 gratia.

51 532 161 615 itaque
177 551 284 615 neque
304 530 485 614 specularia
502 551 605 612 neque
623 530 705 612 vela,
723 550 806 612 quae
824 528 956 613 frigoris
971 550 1069 593 eausa

52 619 100 684 vel
133 618 272 683 umbrae
304 621 339 683 in
371 619 466 683 domo
500 622 590 702 sunt,
622 616 741 683 deberi.
792 639 874 701 quae
907 618 1070 682 sententia

54 705 157 772 Cassii
179 707 252 771 fuit.

141 798 171 862 7.
208 794 292 860 Ibid.
324 796 420 876 518.
458 831 498 842 —
537 795 675 860 Acetum
713 816 853 880 quoque,
893 794 978 879 quod
1016 815 1069 858 ex-

57 884 239 970 stinguendi
266 883 406 949 incendii
434 906 532 950 eausa
560 888 706 968 paratur,
740 885 820 948 item
848 888 1001 948 centones
1030 884 1069 946 si-

56 973 161 1038 fones¹
194 979 229 1038 et
262 973 440 1039 formiones
469 977 502 1037 et
530 973 684 1058 spongias
713 977 746 1037 et
774 995 865 1037 amas
894 977 927 1037 et
954 994 1069 1057 scopas

58 1062 214 1128 contineri
236 1061 381 1146 plerique
403 1065 437 1126 et
458 1063 603 1147 Pegasus
628 1063 727 1126 aiunt.

409 1246 456 1305 De
473 1246 588 1320 peculio
611 1246 711 1319 lupulo.

140 1357 172 1422 8.
195 1355 236 1420 D.
251 1357 304 1440 33,
319 1356 348 1436 8,
362 1356 392 1436 6,
406 1357 437 1420 4.
472 1354 635 1438 Ulpianus
654 1354 738 1418 libro
759 1354 935 1420 vicensimo
956 1355 1069 1439 quinto

59 1446 93 1509 ad
112 1444 272 1511 Sabinum
291 1443 340 1528 (P.
359 1441 472 1532 2680).
494 1481 532 1492 -
554 1444 607 1507 An
631 1449 664 1508 et
687 1442 773 1526 quod
798 1442 947 1508 dominus
971 1443 1071 1527 serip-

61 1535 151 1599 sisset
169 1555 205 1598 se
225 1555 319 1598 servo
334 1532 459 1616 debere,
477 1532 604 1616 peculio
618 1533 728 1617 legato
744 1531 893 1596 cederet?
926 1532 1070 1618 Pegasus

59 1626 167 1708 negat3
190 1621 278 1686 idem
300 1620 419 1687 Nerva.

143 1712 174 1776 9.
203 1710 242 1777 D.
260 1710 310 1792 15,
325 1713 355 1795 2,
371 1712 399 1793 1,
414 1713 442 1777 7.
488 1709 650 1794 Ulpianus
675 1710 760 1774 libro
783 1711 960 1775 vicensimo
984 1731 1070 1774 nono

60 1799 95 1864 ad
117 1801 263 1865 edictum
286 1798 336 1887 (P.
352 1796 441 1886 859).
462 1837 503 1846 -
527 1801 622 1864 ...si
641 1821 714 1864 oum
732 1799 857 1882 peculio
877 1799 929 1863 vel
949 1799 1072 1881 legavit

58 1889 105 1954 uel
132 1889 274 1953 liberum
303 1909 372 1953 esse
399 1889 496 1953 iussit
521 1885 580 1974 (sc.
604 1883 760 1972 servum),
789 1888 986 1972 quaestionis
1009 1888 1072 1952 fuit

59 1974 111 2063 (sc.
131 2000 173 2041 an
196 1979 231 2041 in
249 1977 445 2042 alienatione
465 1976 685 2060 accipiendum
704 1975 769 2061 sit).
811 1980 844 2039 et
864 1975 944 2038 mihi
963 1977 1070 2040 verius

59 2067 182 2130 videtur
209 2086 275 2129 non
304 2064 443 2130 dandam
471 2087 574 2150 neque
597 2066 630 2129 iu
654 2065 887 2129 manumissum
910 2085 1013 2147 neque
1037 2065 1072 2128 in

60 2175 128 2218 eum
156 2153 209 2218 cui
237 2154 382 2238 legatum
410 2155 453 2218 sit
482 2153 655 2238 peculium,
684 2154 722 2217 de
750 2154 876 2236 peculio
900 2155 1071 2217 actionem.

60 2265 97 2307 an
123 2264 203 2327 ergo
230 2246 382 2307 teneatur
407 2242 523 2307 heres?
569 2246 602 2306 et
631 2243 677 2306 ait
702 2241 861 2309 Caecilius
885 2238 1070 2328 (CaeliusP)

59 2334 167 2416 teneri,
189 2332 266 2415 quia
288 2332 450 2415 peculium
472 2353 572 2416 penes
596 2352 669 2395 eum
693 2331 748 2415 sit,
778 2331 833 2415 qui
856 2330 1014 2395 tradendo
1038 2330 1072 2394 id

59 2420 213 2504 legatario
243 2442 276 2484 se
304 2421 464 2485 liberavit.
515 2420 658 2504 Pegasus
687 2426 795 2484 autem
823 2421 931 2484 caveri
959 2418 1072 2483 heredi

61 2509 170 2574 debere
199 2509 247 2573 ait
271 2509 311 2573 ab
336 2532 388 2591 eo,
416 2510 468 2573 oui
491 2510 652 2593 peculium
676 2509 820 2593 legatum
845 2509 902 2592 sit,
930 2509 1007 2593 quia
1031 2507 1072 2573 ad

62 2619 128 2662 eum
151 2599 286 2664 veniunt
309 2598 493 2663 creditores.

407 2756 457 2822 De
478 2757 729 2839 fideicommissis.

146 2873 198 2938 10.
235 2871 274 2936 D.
298 2873 351 2954 31,
373 2873 426 2953 43,
448 2873 478 2936 2.
533 2870 733 2954 Pomponius
771 2871 854 2936 libro
895 2872 993 2936 tertio
1032 2873 1072 2937 ad

65 2960 214 3036 Quintum
237 2960 379 3026 Mucium
403 2959 454 3044 (P.
473 2959 563 3045 228).
588 2997 629 3007 —
653 2959 797 3045 Pegasus
825 2960 939 3025 solitus
966 2961 1074 3025 fuerat

65 3048 272 3135 distinguere,
301 3051 329 3114 si
356 3051 391 3113 in
419 3048 505 3114 diem
533 3049 819 3114 fideicommissum
847 3049 997 3114 relietum
1021 3051 1073 3134 sit,

65 3140 158 3204 veluti
175 3143 253 3222 post
271 3160 374 3203 annos
393 3139 512 3221 decem,
535 3139 700 3223 interesse,
718 3137 808 3203 cuius
827 3160 925 3202 causa
943 3143 1072 3221 tempus

66 3226 196 3292 dilatum
220 3228 273 3309 sit,
295 3230 448 3292 utrumne
470 3227 607 3309 heredis,
630 3249 693 3311 quo
717 3248 795 3292 casu
817 3226 967 3290 heredem
992 3227 1073 3291 fruo-

65 3319 129 3380 tum
152 3316 292 3381 retinere
316 3317 440 3400 debere,
466 3338 507 3380 an
530 3315 689 3400 legatarii,
711 3315 812 3379 veluti
835 3316 863 3378 si
886 3315 919 3379 in
943 3320 1070 3398 tempus

67 3405 240 3487 pubertatis
264 3407 294 3470 ei
315 3407 371 3490 qui
389 3405 538 3488 impubes
558 3406 601 3469 sit
619 3404 904 3468 fideicommissum
922 3403 1071 3467 relietum

133 3568 147 3617 1
167 3561 214 3619 Fl.
231 3562 355 3633 perticae
378 3578 490 3631 qnoque
514 3563 542 3616 et
561 3560 654 3616 scalae
672 3577 706 3616 ea
723 3559 798 3632 §22
817 3560 870 3614 huc
887 3560 980 3615 illuto.
