2430 3944
480 175 712 233 aeaocunos
1039 181 1101 247 131

119 364 157 407 aas
173 345 232 406 dem
254 345 369 405 llehlen
392 345 476 404 einer
498 344 671 422 derartigen
692 345 807 406 Schrift
834 347 876 407 im
898 346 991 408 Index
1014 352 1103 427 auct,

117 435 215 496 sudem
235 433 313 494 aueh
336 451 393 494 aus
411 433 465 493 der
483 432 625 512 Stellnng
643 434 696 494 der
713 434 896 513 Fragmenta
914 455 964 496 am
983 436 1101 498 Sehluss

117 522 152 585 da
168 517 274 584 litels'.
313 521 452 599 Krueger
474 542 503 599 p.
518 523 582 583 154
600 543 628 584 n.
643 525 696 584 48.
737 524 832 584 Lenel
851 543 921 585 vero
941 525 984 586 ait
1003 517 1051 608 (P.
1069 527 1101 587 H

116 613 259 674 ul1oen.
276 603 326 694 2):
345 604 434 671 ‘Cum
449 657 456 671 .
471 659 478 672 .
492 611 655 671 Proculum
669 612 818 673 Labeonis
833 613 926 673 libros
940 614 1100 676 adnotasse

115 701 237 762 amultis
249 699 430 778 fragmentis
444 703 568 774 constet,
587 700 814 779 inscriptionem
828 702 967 779 equidem
980 707 1098 764 mutare

114 808 153 850 son
176 783 282 850 ausim’
315 808 372 850 neo
403 788 558 850 dubitavit
589 789 651 850 alia
681 790 852 867 fragmenta
878 782 928 872 (P.
951 786 1099 874 35-43)

113 877 189 939 isdem
210 879 332 939 Proculi
353 878 439 938 libris
463 878 639 939 adscribere.

173 968 213 1028 At
234 967 317 1046 quod
338 966 484 1027 Proculus
507 967 657 1028 Labeonis
679 968 772 1028 libros
796 967 1001 1046 adnotavit,
1029 969 1098 1029 inde

111 1056 204 1116 uinime
221 1056 357 1117 efficitur
375 1057 502 1116 eundem
520 1049 569 1115 ‘ex
586 1056 806 1133 posterioribus
825 1051 987 1118 Labeonis'
1005 1076 1098 1119 novos

110 1143 178 1207 libros
197 1146 303 1206 senisse
326 1145 358 1204 in
381 1145 495 1222 hisque,
522 1145 555 1205 id
576 1147 654 1222 quod
678 1145 854 1206 Iauolenum
875 1145 981 1205 feoisse
1004 1146 1044 1221 Π,
1069 1148 1098 1223 1,

109 1236 194 1309 ples
216 1235 358 1312 vidimus,
380 1233 528 1295 Labeonis
552 1233 719 1294 sententias
736 1234 785 1295 vel
807 1234 951 1311 probasse
969 1235 1019 1296 vel
1041 1235 1096 1294 im·

109 1323 229 1398 potasse.
266 1323 358 1383 immo
376 1323 451 1384 mibi
468 1322 589 1384 videtur
602 1323 749 1383 Prooulus
766 1323 867 1400 potius
891 1322 929 1382 ad
947 1322 1097 1385 Labeonis

109 1412 225 1487 quamam
261 1411 364 1488 oapita
397 1431 435 1472 ex
466 1411 616 1473 universis
649 1412 713 1472 eius
745 1411 832 1472 libris
865 1412 976 1471 selecta
1007 1415 1096 1472 notas

108 1501 281 1577 apposuisse
309 1520 344 1561 ao
366 1503 522 1577 tamquam
544 1520 657 1563 novum
680 1519 755 1578 opus
778 1504 810 1560 et
833 1500 921 1576 quasi
944 1499 1096 1577 quoddam

107 1590 270 1650 omllarium
304 1609 428 1666 operum
457 1590 604 1650 Labeonis
632 1609 709 1667 quae
735 1592 808 1648 tuno
835 1589 868 1648 in
894 1589 1095 1665 plurimorum

106 1674 159 1737 iuris
181 1679 385 1739 studiosorum
406 1697 467 1739 usu
488 1681 588 1756 erant,
616 1679 753 1738 edidisse.
797 1678 899 1754 itaque
921 1695 991 1735 oum
1014 1677 1096 1756 frag-

105 1769 213 1826 mentum
233 1767 313 1826 illud
334 1768 476 1828 Iavoleno
499 1768 679 1843 attribuam,
701 1764 822 1825 Proouli
845 1767 933 1825 notas
955 1784 1016 1824 non
1038 1749 1116 1842 per*

105 1857 179 1915 ortos
198 1855 345 1916 Labeonis
368 1856 471 1928 libros,
493 1856 546 1915 sed
568 1874 670 1915 rerum
692 1854 730 1915 iis
752 1856 952 1913 tractatarum
977 1855 1093 1914 ratione

104 1940 186 2004 habita
206 1945 387 2005 distribuere
409 1945 508 2005 visum
531 1947 586 2003 est

171 2033 225 2104 Qui
261 2034 316 2093 illa
352 2036 450 2093 aetate
482 2033 631 2093 Labeonis
667 2032 832 2092 sententias
865 2030 1091 2091 examinaturus

104 2125 161 2197 erat,
184 2141 250 2182 oum
278 2141 348 2182 enm
371 2122 474 2181 Sabini
501 2122 665 2181 sententias
688 2121 847 2199 neglegere
873 2139 933 2179 non
955 2119 1092 2194 potuisse

54 2208 57 2221 '
104 2216 231 2287 appareat,
253 2211 339 2270 nulla
361 2211 440 2271 ratio
468 2215 527 2289 est,
560 2230 613 2270 our
638 2211 808 2288 fragmenta
829 2208 897 2284 illa,
925 2207 957 2266 in
982 2207 1091 2284 quibus

104 2295 224 2360 Proculus
241 2299 387 2359 Sabinum
405 2300 518 2373 laudat,
541 2299 601 2358 illis
620 2299 686 2358 eius
704 2298 783 2357 notis
802 2316 861 2356 non
881 2296 1091 2358 attribuamus.

103 2385 243 2448 offeruntur
279 2392 383 2449 autem
414 2388 560 2448 eiusmodi
591 2388 713 2448 Proouli
744 2390 834 2446 notae
865 2404 926 2445 non
956 2403 1025 2445 raro
1060 2385 1091 2444 in

101 2472 167 2535 libris
187 2478 224 2537 ad
247 2477 401 2537 Sabinum.

168 2566 349 2645 Fragmenta
377 2564 539 2626 seeundum
562 2565 696 2625 ordinem
719 2563 915 2623 Sabinianum
937 2563 1090 2639 proposui.

450 2718 501 2785 De
524 2721 718 2784 loramentis.

169 2828 194 2892 1.
230 2825 270 2892 D.
293 2827 350 2907 29,
374 2827 409 2910 2,
433 2827 475 2891 62
483 2848 530 2911 pr.
584 2825 754 2890 Iavolenus
790 2825 873 2890 libro
906 2825 1011 2910 primo
1049 2845 1088 2887 ex

96 2915 309 2993 posterioribus
332 2915 501 2980 Labeonis.
526 2951 568 2961 -
595 2914 754 2978 Antistius
777 2911 886 2979 Labeo
911 2911 969 2996 ait,
991 2911 1019 2976 si
1042 2912 1091 2976 ita

95 3000 248 3070 institutus
273 3005 317 3068 sit
339 3003 380 3069 ‘si
403 3004 574 3088 iuraverit,
600 3002 693 3066 heres
718 3001 811 3086 esto',
834 3003 980 3086 quamvis
1004 3001 1088 3064 iura·

95 3092 170 3176 verit,
189 3114 258 3158 non
280 3098 392 3157 tamen
415 3114 490 3157 eum
513 3093 624 3156 statim
647 3092 798 3156 heredem
822 3091 977 3174 futurum,
999 3094 1089 3153 ante·

94 3198 173 3261 quam
195 3203 255 3267 pro
279 3181 395 3246 herede
417 3181 541 3266 aliquid
559 3181 704 3265 gesserit,
728 3180 803 3264 quia
821 3179 957 3244 iurando
977 3178 1088 3243 volun-

92 3269 176 3334 tatem
194 3270 301 3355 magis
321 3292 413 3335 suam
433 3270 614 3335 declarasse
634 3269 789 3333 videatur.
827 3289 886 3354 ego
906 3271 986 3352 puto
1006 3266 1086 3330 satis

91 3376 150 3422 eum
174 3381 234 3443 pro
262 3358 380 3424 herede
404 3359 558 3445 gessisse,
586 3359 613 3422 si
637 3362 674 3423 ut
697 3356 791 3423 heres
816 3357 983 3440 iuraverit3
1011 3353 1087 3417 Pro-

91 3446 165 3512 culus
186 3448 282 3512 idem.

164 3543 200 3602 of.
223 3542 347 3602 Pernioe
368 3541 431 3620 111,
455 3543 498 3602 50
508 3561 550 3617 sq.

890 3640 927 3694 (3*
