2430 3944
101 184 165 248 172
181 184 228 240 ΙΙΙ.
239 184 316 241 GAII
325 183 474 241 CLAUDII
483 184 620 242 NERON.
631 184 892 241 GALBADTEMP.
901 182 999 238 IURIS
1009 181 1112 240 UONS.

99 351 191 412 etiem
214 351 310 412 Cassii
337 356 369 412 et
390 352 511 413 Proculi
540 353 703 415 sententies
730 353 883 414 rettulisse
910 354 1027 411 certum
1052 353 1111 428 est3

99 458 158 500 non
180 460 297 516 rursus,
325 441 357 501 id
383 442 463 517 quod
491 443 631 502 Karlowa
657 444 678 503 1.
697 462 722 503 o.
749 442 902 503 existimet
927 459 1024 517 neque
1047 440 1114 500 ullo

98 528 205 590 idoneo
232 530 404 590 testimonio
431 532 553 608 probat,
581 550 600 590 9
628 530 731 591 Cassio
759 531 852 590 etiam
878 529 1020 588 Urseium
1046 529 1111 587 199-

98 617 203 677 datum
235 637 308 678 esee.
353 637 408 678 neo
435 620 533 696 magis
560 620 749 696 probandum
776 622 835 696 est,
866 618 947 694 quod
973 616 1114 693 Kmeger

97 725 126 781 p.
147 708 210 767 160
237 707 403 784 existimat,
431 707 520 768 Ursei
542 709 665 785 proprie
687 727 806 786 quoque
828 724 973 783 response
994 706 1113 782 referri,

96 795 187 854 immo
215 796 290 855 telis
317 814 414 873 neque
437 796 469 855 in
490 797 603 857 Iuliani
625 797 711 857 libris
735 797 774 856 nd
796 796 939 856 Urseium
960 813 1059 870 neque
1081 794 1114 852 in

97 883 206 943 ceteris
235 884 427 961 fragmentis,
460 886 568 961 quibus
595 885 720 946 Urseius
747 885 905 958 laudatur,
937 885 1020 942 99919
1047 882 1115 942 ulle

100 970 374 1046 deprehenduntur.

188 1059 292 1119 Sabim
321 1060 476 1137 Cassiique
503 1064 673 1123 auditorem
699 1062 842 1122 Urseium
867 1060 962 1120 fuisse
991 1059 1117 1120 videtur

97 1147 228 1208 indicare
252 1150 288 1209 D.
304 1151 355 1226 24,
371 1151 400 1222 3,
416 1152 472 1229 59,
499 1153 552 1211 ubi
578 1152 654 1212 hoec
680 1153 836 1229 leguntur:
865 1144 1007 1209 ‘Sabinus
1032 1148 1114 1208 dice·

97 1235 170 1296 bnt.
187 1281 194 1296 .
209 1281 217 1297 .
232 1237 331 1318 (iuius,
353 1234 455 1300 idem'.
500 1241 537 1300 cf.
560 1241 640 1299 Buhl
662 1261 693 1316 p.
709 1242 764 1318 59,
791 1239 933 1298 Kerlowa
954 1237 971 1296 I
992 1258 1022 1313 p.
1039 1239 1113 1298 694.

97 1323 219 1383 Proculi
246 1345 364 1403 quoque
392 1328 553 1407 diligenter
579 1330 728 1390 rationem
755 1329 792 1386 eb
821 1347 855 1387 eo
882 1326 1018 1386 habitem
1047 1344 1115 1385 esse

97 1412 159 1471 ulie.
180 1414 352 1491 fragmenta
373 1416 502 1493 probunt
521 1410 657 1499 (praeter
674 1418 709 1476 D.
725 1420 754 1494 9,
769 1418 798 1495 2,
814 1419 843 1493 9,
859 1417 877 1474 2
898 1415 990 1474 etiam
1008 1414 1044 1473 D.
1063 1417 1115 1492 23,

99 1503 128 1579 3,
143 1503 185 1561 48
211 1496 1045 1584 ‘...Prooulusrespondis...1ulianusnous...’).

516 1711 550 1728 ..
570 1713 577 1726 .
600 1666 698 1727 libri.

186 1767 328 1830 Urseium
348 1771 442 1832 libros
461 1770 571 1832 Sabino
594 1775 713 1832 mortuo
737 1769 865 1829 edidisse
888 1767 1007 1826 Uerrini
1031 1769 1115 1826 arch.

97 1855 173 1932 giur.
197 1857 341 1919 XXXVII
362 1881 391 1936 p.
407 1861 468 1922 331
499 1865 530 1920 et
557 1860 650 1920 Lenel
672 1859 705 1921 P.
724 1859 755 1918 Π
778 1859 932 1918 9911201
957 1859 1021 1915 ul
1046 1856 1115 1916 iure

97 1945 238 2007 videntur
265 1949 449 2027 existimare3
478 1950 597 2026 scripsit
624 1949 704 2010 enim
730 1946 853 2007 Urseius
880 1945 917 2004 D.
938 1946 994 2021 24,
1015 1948 1049 2019 3,
1072 1948 1115 2006 59

98 2025 239 2096 ‘Sabinus
267 2031 405 2098 dicebet'.
451 2040 549 2114 operis
576 2039 653 2098 liber
680 2037 811 2096 decimus
839 2034 964 2092 91199199
991 2033 1029 2091 ab
1058 2033 1113 2092 Ul-

97 2124 187 2199 piano
216 2118 496 2207 (091191.12,7,9
525 2123 614 2186 ‘libro
637 2127 665 2186 X
687 2124 810 2184 Urseius
837 2115 968 2203 refert'),
992 2141 1052 2196 quo
1077 2121 1115 2182 de

97 2231 223 2274 numero
253 2234 313 2275 non
346 2219 392 2275 est
423 2235 476 2277 cur
506 2216 685 2276 dubitemus.
731 2213 768 2272 cf.
792 2210 931 2270 Ksrlowa
953 2210 969 2268 I
991 2230 1019 2284 p.
1037 2212 1113 2271 693.

98 2301 170 2361 libri
204 2321 222 2362 9
253 2305 369 2364 Iuliano
401 2306 439 2363 nd
466 2303 607 2364 Urseium
639 2303 755 2380 scripti,
784 2318 912 2376 quorum
941 2299 1118 2375 fragmento.

98 2389 131 2451 P.
152 2394 326 2452 883-928
351 2393 484 2470 exhibet,
513 2395 655 2468 quattuor
677 2393 798 2450 1991999
821 2388 1011 2447 afferuntur.
1033 2387 1116 2463 quod

98 2479 130 2537 in
154 2483 308 2541 auctorum
332 2481 430 2540 indice
451 2482 565 2560 legitur
587 2473 764 2540 ‘’Iovttccmt
786 2476 824 2536 nd
847 2476 988 2535 Urseium
1010 2475 1114 2554 βιβλία

98 2563 235 2647 τέσσαροῖ
267 2570 352 2646 isque
382 2589 524 2630 numerus
556 2569 734 2646 fragmentis
761 2565 911 2643 plerisque
939 2583 974 2623 ex
1001 2564 1115 2623 Iuliani

99 2675 189 2732 opere
225 2658 257 2716 in
288 2658 447 2716 Iustiniani
478 2659 603 2736 Digesta
639 2655 768 2732 receptis
800 2652 1006 2729 confirmetur,
1046 2671 1116 2712 cum

98 2762 252 2822 nunquam
287 2746 423 2806 Iulianus
465 2741 513 2805 ‘ex
548 2740 677 2823 Urseio',
720 2761 837 2818 semper
874 2735 924 2799 ‘ad
959 2735 1125 2800 Urseium'¹

100 2833 254 2909 scripsisse
274 2835 399 2911 dicatur,
418 2854 454 2895 ex
471 2835 582 2895 Iuliani
598 2853 687 2910 opere
700 2831 832 2909 plurium
845 2830 992 2889 librorum
1006 2833 1116 2906 postes

100 2923 251 2998 epitomen
279 2923 389 2982 fectum
416 2942 482 2984 esse
509 2924 622 2983 indicat
649 2924 792 2999 quattuor
813 2921 934 2978 tentum
955 2917 1114 2995 librorum,

100 3029 177 3088 quse
200 3011 238 3069 ad
259 3011 421 3071 Iustiniani
443 3015 574 3072 99191999
595 3010 741 3088 pervenit
809 3049 812 3055 -

188 3099 367 3175 Priusquam
382 3100 419 3160 de
432 3100 533 3161 Urseii
547 3120 635 3177 opere
651 3103 830 3169 9191999999,
851 3095 888 3154 de
901 3095 1013 3154 Iuliani
1026 3094 1116 3155 libris

99 3189 131 3247 et
158 3187 332 3247 Triboninni
359 3189 641 3264 interpolationibus
669 3187 830 3247 videndum
857 3188 911 3243 est.
961 3183 1115 3243 Iulianum

98 3278 186 3336 notes
205 3276 248 3356 ⁴ed
269 3276 411 3336 Urseium
434 3273 584 3338 addidisse
606 3293 819 3351 nonnunquam
841 3272 972 3331 traditur
994 3265 1046 3352 (D.
1062 3274 1115 3347 46,

101 3367 129 3439 3,
141 3367 181 3425 36
201 3365 322 3424 19111
341 3367 379 3424 ad
393 3365 461 3427 Urs.
477 3368 540 3426 Fer.
581 3361 625 3425 ‘Si
645 3412 696 3426 ...
714 3364 817 3423 fuisse.
853 3361 990 3420 Iulianus
1013 3361 1114 3421 notet:

99 3455 199 3514 verius
218 3447 342 3514 est...'
380 3456 416 3514 D.
433 3458 484 3530 23,
499 3458 527 3535 3,
542 3457 594 3534 48,
615 3458 632 3514 1
653 3454 745 3529 Idem,
764 3470 804 3511 sc.
822 3450 889 3526 Iul,
908 3449 973 3507 1.Π
991 3449 1030 3509 sd
1043 3449 1112 3509 Urs.

98 3542 165 3602 Fer.
194 3535 297 3602 ‘Socer
316 3589 322 3602 .
338 3589 344 3603 .
361 3589 366 3601 .
385 3545 503 3604 fectum.
549 3544 684 3603 Iulianus
715 3542 815 3601 notat:
847 3538 938 3597 immo
958 3585 964 3598 .
984 3582 992 3598 .
1011 3532 1031 3600 .'
1077 3538 1113 3598 of.
