2430 3944
398 202 424 254 8.
442 195 596 254 nnsnms
613 194 736 253 FEROX
1008 197 1071 262 III

385 401 434 461 De
455 402 615 478 repetendis
637 402 746 476 tepetis.

143 503 188 568 9?
211 501 251 567 D.
266 502 318 584 32,
333 502 384 568 63.
425 501 516 567 Idem
539 498 597 587 (sc.
615 499 776 589 Iulianus)
799 502 883 567 libro
904 504 1011 587 primo
1031 502 1072 568 ad

54 590 208 658 Urseium
237 589 389 656 Ferocem
417 587 468 676 (P.
487 589 578 676 889).
607 625 646 638 -
675 589 716 655 In
742 589 927 674 repetendis
954 592 1072 677 legatis

52 679 133 744 haec
156 679 258 746 verba
281 701 364 764 quae
387 678 471 744 adici
494 679 601 746 solent
623 678 713 744 ‘item
738 679 814 745 dare
834 679 968 745 damnas
987 681 1070 746 esto’

52 773 86 833 et
117 768 160 833 sd
193 767 400 834 condiciones
428 771 462 832 et
489 767 530 833 ed
556 767 626 833 dies
653 767 836 850 legatorum
863 768 994 834 easdem
1021 791 1070 833 re-

53 854 213 941 petendas
235 856 350 921 referri
375 854 513 922 Sabinus
536 856 710 941 respondit

392 1031 443 1098 De
465 1033 738 1099 1111111111.
832 1078 837 1087 -

144 1139 198 1203 10.
226 1137 265 1203 D.
279 1138 333 1224 40,
347 1139 378 1220 4,
394 1137 490 1224 18pr.
534 1137 624 1203 Idem
648 1136 707 1225 (sc.
729 1136 889 1226 Iulianus)
911 1138 995 1204 libro
1020 1162 1069 1205 11-

56 1226 158 1294 cundo
193 1227 235 1292 ad
266 1224 420 1292 Urseium
450 1226 601 1292 Ferocem
634 1226 684 1312 (P.
702 1223 793 1316 901).
824 1264 862 1275 -
893 1227 956 1304 Qui
988 1229 1069 1294 duos

56 1315 190 1382 heredes
213 1314 417 1402 instituebat,
439 1319 516 1401 post
534 1317 667 1381 alterius
686 1323 825 1382 mortem
844 1337 971 1382 servum
991 1317 1069 1383 libe·

56 1425 125 1470 rum
144 1425 217 1469 esse
235 1404 385 1470 iusserat.
414 1404 443 1469 is
462 1425 502 1468 ex
520 1404 610 1470 cuius
629 1411 733 1470 morte
752 1404 886 1470 libertas
899 1404 1070 1491 pendebat,

58 1493 127 1559 rivo
155 1495 316 1558 testatore
343 1492 532 1559 decesserat
577 1492 717 1558 Sabinus
740 1493 909 1577 respondit
930 1494 1069 1560 liberum

144 1671 196 1735 11.
215 1669 255 1734 D.
269 1668 322 1753 28,
334 1669 365 1754 5,
379 1670 458 1753 8pr.
479 1668 569 1734 Idem
583 1666 644 1756 (sc.
653 1667 815 1756 Iulianus)
829 1669 912 1735 libro
928 1672 1068 1736 secundo

60 1758 95 1823 ad
112 1757 268 1825 Urseium
286 1756 439 1825 Ferocem
462 1755 513 1845 (P.
527 1757 619 1844 900).
642 1795 684 1806 -
708 1757 781 1823 Duo
805 1760 884 1824 socii
907 1760 1067 1843 quendem

60 1867 184 1913 servum
207 1867 409 1913 communem
433 1850 632 1912 testamento
655 1847 743 1912 facto
766 1846 918 1912 heredem
936 1851 969 1911 et
988 1849 1067 1913 libe

60 1954 124 2000 rum
154 1955 227 2000 esse
253 1935 425 2000 iusserant
474 1935 569 2000 ruina
601 1935 697 2001 simul
726 1936 872 2020 oppressi
894 1936 1066 2019 perierant.

10 2050 12 2061 ·
60 2024 199 2107 plerique
221 2024 459 2108 responderunt
480 2024 543 2089 hoc
567 2046 644 2090 casu
667 2024 793 2089 duobus
815 2023 961 2089 orcinum
980 2024 1068 2088 here-

61 2111 126 2177 dem
149 2113 299 2176 existere.

141 2205 227 2276 01111
241 2209 420 2281 sequuntur:
436 2199 479 2265 ‘et
491 2205 523 2264 id
533 2199 709 2279 estverius’,
718 2204 976 2265 Iulienihabenda
986 2210 1067 2268 eunt.

10 2326 12 2357 ÷
143 2307 197 2373 12.
220 2304 302 2370 Ibid.
320 2309 340 2388 ξ
355 2308 385 2372 1.
408 2342 450 2353 -
472 2303 536 2371 Sed
559 2310 592 2371 et
616 2307 644 2370 si
668 2308 728 2371 sub
750 2307 861 2370 eadem
880 2305 1067 2372 condicione

61 2415 182 2461 servum
201 2415 406 2460 communem
424 2398 557 2478 uterque
576 2397 682 2460 socius
701 2395 838 2460 liberum
852 2393 1066 2480 heredemque

61 2503 121 2550 csse
145 2483 297 2549 iussisset
319 2505 420 2568 eaque
444 2483 634 2568 exstitisset,
657 2484 742 2549 idem
764 2483 844 2549 iuris
867 2481 954 2550 esse¹.

333 2666 381 2727 De
402 2667 531 2727 vindicte
552 2668 786 2727 monomiesicne.

143 2767 194 2833 13.
218 2765 259 2831 D.
272 2767 325 2853 40,
339 2767 369 2851 9,
386 2768 415 2851 7,
430 2768 459 2831 1.
503 2766 648 2833 Iulianus
671 2767 755 2833 libro
779 2767 919 2832 secundo
943 2767 982 2832 ad
1006 2764 1067 2832 Ur·

62 2855 155 2922 seium
178 2854 334 2921 Ferocem
356 2851 406 2942 (P.
426 2852 516 2942 903).
540 2891 580 2903 -
606 2854 714 2922 Minor
736 2857 828 2922 annis
851 2857 970 2938 viginti
993 2878 1065 2922 cum

63 2963 181 3010 servum
220 2945 450 3009 manumittere
485 2944 583 3009 vellet
618 2966 678 3010 nec
709 2946 829 3010 iustam
861 2966 992 3010 caueam
1025 2946 1065 3010 ad
1145 2979 1147 2984 ·

63 3034 226 3100 consilium
254 3032 503 3098 manumittendi
530 3033 679 3114 haberet,
705 3034 767 3098 tibi
795 3055 867 3098 eum
894 3037 1064 3098 1111111111-

63 3120 198 3188 mitteres
230 3121 328 3186 dedit
377 3122 510 3206 negavit
536 3143 610 3187 eum
636 3122 792 3187 Proculus
820 3123 957 3187 liberum
985 3144 1065 3206 1111,

64 3212 206 3292 quoniam
229 3209 319 3276 fraus
341 3209 408 3295 legi
430 3210 518 3274 facta
541 3214 633 3274 esset.

143 3323 179 3381 ef.
199 3320 265 3381 Gai
281 3324 310 3398 1,
325 3323 375 3381 38.

92 3478 95 3485 ¹
142 3410 227 3470 Idem
252 3409 389 3469 Iulianus
412 3409 448 3470 D.
467 3411 520 3487 40,
540 3411 607 3484 2,6
636 3409 673 3469 de
701 3428 787 3470 servo
815 3410 963 3469 communi
991 3409 1066 3486 egit,

129 3566 143 3614 1
164 3561 239 3617 Μ).
259 3561 319 3616 erit.

113 3656 204 3708 Iurtspr.
221 3660 336 3701 antenadt.
351 3659 400 3700 rell,
415 3659 448 3699 od.
462 3659 562 3702 Bremer.
586 3661 620 3717 Π,
632 3663 650 3705 2.
880 3658 920 3709 ἢ
