2430 3944
147 178 219 242 ’384
255 178 287 232 V
306 175 457 233 NERVAE
475 177 523 232 ΕΤ
543 176 696 232 ΤΙιΑΙΑΝΙ
713 175 820 232 ΤΕΜΡ.
838 175 936 230 IURIS
955 174 1133 231 CONSULTI

151 341 256 426 tegris
280 341 431 406 omnibus
455 361 615 406 consensu
638 360 759 423 eorum,
782 339 838 424 qui
860 339 947 403 inter
970 360 1005 403 se
1027 339 1159 425 obligati

152 429 227 515 siut,
250 429 355 494 recedi
377 429 492 514 possit,
468 428 650 493 tdubium
667 449 734 493 non
753 432 813 492 est.
789 425 1001 492 tAristoni
1020 429 1084 494 hoo
1102 451 1161 494 am·

152 519 240 605 plius
265 518 449 602 videbatur,
477 518 505 583 si
532 539 586 600 ea,
614 538 697 602 quae
724 538 776 581 me
804 520 975 601 exempto
998 521 1161 601 praestare

151 608 215 672 tibi
237 611 415 691 oporteret,
442 607 593 692 praestit
584 627 682 671 rosam
706 611 740 669 et
762 627 837 671 oum
859 608 897 670 tu
919 605 1002 670 mihi
1024 607 1162 690 pretium

153 697 301 780 deberes,
329 696 534 762 convenisset
561 695 643 759 mihi
666 698 782 777 tecum,
805 698 842 759 ut
864 716 976 759 rursus
999 695 1162 781 praestitis

153 785 233 849 mihi
258 808 277 849 a
299 789 332 850 te
356 784 390 848 in
413 806 448 848 re
472 783 605 849 vendita
628 782 789 866 omnibus,
813 804 895 867 quae
919 803 979 868 ego
998 783 1062 848 tibi
1080 806 1163 869 prae

153 874 318 959 stitissem,
341 874 482 957 pretium
505 872 587 936 mihi
604 893 672 937 non
690 871 783 936 dares
801 875 901 957 tuque
920 871 1002 936 mihi
1021 893 1061 936 ee
1079 894 1163 959 prae

152 962 307 1049 stitisses,
329 966 403 1047 pret
388 962 470 1027 tium
494 965 527 1027 te
550 960 665 1025 debere
685 960 841 1043 desinere,
865 959 941 1046 quia
959 960 1066 1027 bonae
1084 963 1164 1046 fidei,

152 1052 192 1116 ad
220 1074 318 1136 quam
347 1051 456 1117 omnia
483 1049 564 1115 haee
592 1049 838 1134 rediguntur,
828 1051 1056 1134 interpretatio
1085 1051 1164 1116 hano

153 1162 279 1226 quoque
298 1143 438 1205 convent
438 1139 547 1204 ionem
566 1138 718 1203 admittit.
753 1160 812 1203 neo
832 1136 1004 1223 quiequam
1021 1139 1164 1224 interest,

152 1234 263 1295 utrum
294 1228 432 1313 integris
465 1222 672 1310 omnibns,
662 1249 696 1291 ιιι
728 1249 808 1308 quae
841 1226 980 1311 obligati
1013 1248 1165 1313 essemus,

152 1319 349 1401 conveniret,
372 1321 409 1381 ut
432 1316 472 1382 ιιι
498 1338 535 1382 eo
557 1316 691 1401 negotio
714 1314 892 1381 diseederet
877 1319 939 1399 tur,
963 1338 1005 1380 an
1029 1317 1065 1382 in
1088 1319 1164 1384 inte·

152 1428 246 1492 grum
270 1368 430 1471 restitutis
453 1405 519 1489 his,
546 1426 628 1490 quae
646 1424 713 1489 ¹ego
736 1404 799 1468 tibi
821 1405 971 1489 praestit
961 1426 1071 1493 1ssem,
1094 1429 1164 1473 oon·

153 1497 361 1577 sentiremus,
383 1516 423 1560 ne
447 1495 523 1579 quid
545 1500 582 1558 tu
605 1493 686 1557 mihi
709 1515 747 1558 eo
770 1494 901 1558 nomine
924 1499 1120 1578 praestares.

241 1588 277 1649 of.
296 1589 333 1651 D.
350 1592 379 1666 2,
395 1590 445 1661 14,
461 1591 490 1666 7,
506 1591 534 1648 6.
570 1586 718 1664 Ulpianus
740 1586 818 1647 libro
839 1589 948 1663 quarto
967 1588 1006 1646 ad
1026 1589 1163 1667 edietum,

152 1673 210 1739 ‘wo
237 1681 314 1737 trotz
338 1678 429 1737 allem
451 1676 527 1736 doeh
553 1677 633 1736 wohl
655 1676 843 1752 exceptiones
866 1676 1097 1739 beizubehalten
1120 1679 1165 1754 ist,

152 1767 307 1827 vielleioht
328 1767 406 1826 naoh
428 1758 553 1825 Aristo'.
598 1764 723 1825 Pernioe
746 1757 791 1824 Π2
813 1785 842 1841 p.
859 1767 920 1825 187
945 1785 974 1825 n.
990 1767 1020 1826 3.

242 1869 294 1933 32.
323 1867 363 1932 D.
385 1868 436 1952 18,
455 1866 531 1951 5,1.
575 1865 774 1950 Pomponius
797 1866 880 1932 libro
905 1867 1020 1951 quinto
1044 1867 1164 1935 deoimo

153 1958 193 2022 ad
231 1954 390 2021 Sabinum
426 1955 478 2039 (P.
497 1953 601 2038 orob).
637 1991 675 2001 —
803 1954 915 2019 Aristo
954 1955 1036 2020 dixit
1072 1980 1165 2041 posse

153 2047 211 2131 (so.
228 2047 391 2129 emptione
410 2045 598 2110 venditione
617 2040 799 2130 contracta)
813 2045 861 2109 ita
879 2043 1009 2127 paoisoi,
1028 2050 1065 2111 ut
1085 2069 1164 2111 unus

152 2139 282 2201 maneat
305 2134 470 2219 obligatus
485 2184 492 2199 .
508 2183 537 2199 ..

240 2228 398 2304 Pomponii
423 2227 512 2303 plena
539 2227 632 2287 verba
660 2230 743 2287 sunt:
771 2220 864 2303 ‘quod
890 2226 994 2287 Aristo
1015 2273 1021 2286 .
1040 2273 1047 2287 .
1069 2229 1163 2288 ,obli-

152 2321 255 2397 gatus,
282 2336 342 2377 non
366 2319 412 2376 est
435 2335 552 2390 verum,
577 2315 647 2392 quia
662 2361 669 2376 .
685 2363 692 2375 .
706 2310 725 2377 .'

553 2469 603 2536 De
623 2471 769 2536 societate.

243 2578 294 2644 33.
318 2577 357 2642 D.
373 2579 425 2661 17,
439 2579 469 2659 2,
484 2577 536 2663 29,
550 2578 580 2641 2.
621 2575 780 2663 Ulpianus
803 2576 887 2642 libro
911 2575 1106 2662 trigensimo
1128 2576 1165 2642 ad

154 2665 309 2732 Sabinum
335 2665 382 2750 (P.
403 2663 579 2751 2742).-
543 2664 716 2730 -Aristo
742 2666 841 2730 refert
865 2663 1012 2731 Cassium
1036 2688 1165 2752 respon·

154 2755 239 2820 disse
259 2755 380 2821 sooieta
345 2743 447 2820 tatem
465 2755 566 2820 talem
585 2754 664 2820 ooiri
682 2776 748 2819 non
766 2776 871 2839 posse,
890 2760 927 2818 ut
944 2755 990 2818 alt
976 2758 1027 2818 ter
1041 2755 1164 2820 luorum

153 2841 288 2928 totum¹,
320 2845 402 2908 alter
434 2844 589 2908 damnum
621 2843 769 2922 sentiret,
803 2841 946 2907 ethano
975 2845 1164 2910 societatem

153 2934 317 2998 leoninam
341 2933 475 2998 solitum
498 2932 672 3016 appellare.

519 3109 567 3175 De
589 3111 658 3175 iure
679 3110 802 3174 dotium.

242 3217 295 3281 34.
322 3215 360 3279 D.
379 3217 431 3298 23,
451 3217 481 3298 3,
501 3217 552 3281 20.
598 3215 717 3280 Paulus
740 3216 825 3280 libro
850 3215 987 3296 septimo
1011 3217 1052 3280 ad
1075 3213 1162 3281 Sabi·

153 3327 230 3369 num
255 3304 303 3389 (Ρ.
320 3300 428 3390 1756).
451 3341 495 3351 -
518 3303 665 3370 Iulianus
684 3304 799 3368 soribit
817 3306 924 3369 valere
943 3304 1046 3369 talem
1065 3307 1161 3389 stipu-

153 3393 310 3459 lationem
329 3390 413 3457 ‘oum
437 3393 593 3477 morieris,
617 3393 704 3458 dotis
727 3393 860 3457 nomine
878 3397 930 3458 tot
948 3393 1053 3458 dari'?
1090 3394 1161 3479 quia

226 3555 240 3603 1
261 3550 308 3605 Fr.
327 3550 447 3605 tantum.
