<?xml version="1.0" encoding="UTF-8"?>
<!DOCTYPE html PUBLIC "-//W3C//DTD XHTML 1.0 Transitional//EN"
    "http://www.w3.org/TR/xhtml1/DTD/xhtml1-transitional.dtd">
<html xmlns="http://www.w3.org/1999/xhtml" xml:lang="en" lang="en">
 <head>
  <title>
</title>
<meta http-equiv="Content-Type" content="text/html;charset=utf-8" />
  <meta name='ocr-system' content='tesseract 3.04.00' />
  <meta name='ocr-capabilities' content='ocr_page ocr_carea ocr_par ocr_line ocrx_word'/>
</head>
<body>
  <div class='ocr_page' id='page_1' title='image "./iurisprudentiae02bremgoog_0056.png"; bbox 0 0 2430 3944; ppageno 0'>
   <div class='ocr_carea' id='block_1_1' title="bbox 347 172 1115 241">
    <p class='ocr_par' dir='ltr' id='par_1_1' title="bbox 347 172 1115 241">
     <span class='ocr_line' id='line_1_1' title="bbox 347 172 1115 241; baseline 0.005 -15"><span class='ocrx_word' id='word_1_1' title='bbox 347 198 350 203; x_wconf 95' lang='lat'>·</span> <span class='ocrx_word' id='word_1_2' title='bbox 383 179 408 226; x_wconf 81' lang='grc'><strong>4.</strong></span> <span class='ocrx_word' id='word_1_3' title='bbox 429 172 458 228; x_wconf 84' lang='lat' dir='ltr'><strong>C.</strong></span> <span class='ocrx_word' id='word_1_4' title='bbox 473 172 619 228; x_wconf 80' lang='lat' dir='ltr'><strong>CASSIUS</strong></span> <span class='ocrx_word' id='word_1_5' title='bbox 637 172 824 228; x_wconf 84' lang='lat' dir='ltr'><strong>LONGINUS</strong></span> <span class='ocrx_word' id='word_1_6' title='bbox 1071 177 1115 241; x_wconf 78' lang='grc'><strong>23</strong></span> 
     </span>
    </p>
   </div>
   <div class='ocr_carea' id='block_1_2' title="bbox 68 335 1115 866">
    <p class='ocr_par' dir='ltr' id='par_1_2' title="bbox 68 335 1115 866">
     <span class='ocr_line' id='line_1_2' title="bbox 125 335 1115 420; baseline 0.004 -20"><span class='ocrx_word' id='word_1_7' title='bbox 125 336 269 420; x_wconf 86' lang='lat' dir='ltr'><strong>scriptum:</strong></span> <span class='ocrx_word' id='word_1_8' title='bbox 312 335 426 401; x_wconf 72' lang='lat' dir='ltr'><strong>‘Lucio</strong></span> <span class='ocrx_word' id='word_1_9' title='bbox 458 335 560 419; x_wconf 85' lang='lat' dir='ltr'><strong>Titio,</strong></span> <span class='ocrx_word' id='word_1_10' title='bbox 597 337 625 400; x_wconf 91' lang='lat' dir='ltr'><strong>si</strong></span> <span class='ocrx_word' id='word_1_11' title='bbox 657 337 685 400; x_wconf 94' lang='lat' dir='ltr'><strong>is</strong></span> <span class='ocrx_word' id='word_1_12' title='bbox 718 337 829 401; x_wconf 91' lang='lat' dir='ltr'><strong>heredi</strong></span> <span class='ocrx_word' id='word_1_13' title='bbox 861 359 933 402; x_wconf 93' lang='lat' dir='ltr'><strong>meo</strong></span> <span class='ocrx_word' id='word_1_14' title='bbox 965 338 1115 418; x_wconf 90' lang='lat' dir='ltr'><strong>tabellas,</strong></span> 
     </span>
     <span class='ocr_line' id='line_1_3' title="bbox 125 425 1114 509; baseline 0.004 -21"><span class='ocrx_word' id='word_1_15' title='bbox 125 425 216 508; x_wconf 89' lang='lat' dir='ltr'><strong>quibus</strong></span> <span class='ocrx_word' id='word_1_16' title='bbox 248 426 278 489; x_wconf 93' lang='lat' dir='ltr'><strong>ei</strong></span> <span class='ocrx_word' id='word_1_17' title='bbox 309 426 483 509; x_wconf 88' lang='lat' dir='ltr'><strong>pecuniam</strong></span> <span class='ocrx_word' id='word_1_18' title='bbox 515 426 782 509; x_wconf 84' lang='lat' dir='ltr'><strong>expromiseram,</strong></span> <span class='ocrx_word' id='word_1_19' title='bbox 814 426 947 508; x_wconf 79' lang='lat' dir='ltr'>dederit,</span> <span class='ocrx_word' id='word_1_20' title='bbox 983 433 1114 492; x_wconf 89' lang='lat' dir='ltr'><strong>centum</strong></span> 
     </span>
     <span class='ocr_line' id='line_1_4' title="bbox 124 511 1114 598; baseline 0.004 -22"><span class='ocrx_word' id='word_1_21' title='bbox 124 511 197 579; x_wconf 86' lang='lat' dir='ltr'><strong>dato&#39;.</strong></span> <span class='ocrx_word' id='word_1_22' title='bbox 228 514 333 578; x_wconf 82' lang='lat' dir='ltr'><strong>Titius</strong></span> <span class='ocrx_word' id='word_1_23' title='bbox 348 513 462 578; x_wconf 91' lang='lat' dir='ltr'><strong>deinde</strong></span> <span class='ocrx_word' id='word_1_24' title='bbox 477 517 650 598; x_wconf 78' lang='lat' dir='ltr'><strong>antequam</strong></span> <span class='ocrx_word' id='word_1_25' title='bbox 668 515 809 578; x_wconf 88' lang='lat' dir='ltr'><strong>tabellas</strong></span> <span class='ocrx_word' id='word_1_26' title='bbox 826 515 938 579; x_wconf 87' lang='lat' dir='ltr'><strong>heredi</strong></span> <span class='ocrx_word' id='word_1_27' title='bbox 956 515 1114 598; x_wconf 87' lang='lat' dir='ltr'><strong>redderet,</strong></span> 
     </span>
     <span class='ocr_line' id='line_1_5' title="bbox 124 601 1113 689; baseline 0.005 -25"><span class='ocrx_word' id='word_1_28' title='bbox 124 601 294 669; x_wconf 71' lang='lat' dir='ltr'><strong>decesserat:</strong></span> <span class='ocrx_word' id='word_1_29' title='bbox 331 602 516 687; x_wconf 90' lang='lat' dir='ltr'><strong>quaesitum</strong></span> <span class='ocrx_word' id='word_1_30' title='bbox 549 607 612 687; x_wconf 88' lang='lat' dir='ltr'><strong>est,</strong></span> <span class='ocrx_word' id='word_1_31' title='bbox 649 625 690 668; x_wconf 90' lang='lat' dir='ltr'><strong>an</strong></span> <span class='ocrx_word' id='word_1_32' title='bbox 722 603 834 667; x_wconf 91' lang='lat' dir='ltr'><strong>heredi</strong></span> <span class='ocrx_word' id='word_1_33' title='bbox 866 603 935 668; x_wconf 86' lang='lat' dir='ltr'><strong>eius</strong></span> <span class='ocrx_word' id='word_1_34' title='bbox 967 604 1113 689; x_wconf 82' lang='lat' dir='ltr'><strong>legatum</strong></span> 
     </span>
     <span class='ocr_line' id='line_1_6' title="bbox 124 689 1113 775; baseline 0.007 -23"><span class='ocrx_word' id='word_1_35' title='bbox 124 689 276 756; x_wconf 79' lang='lat' dir='ltr'><strong>deberetur.</strong></span> <span class='ocrx_word' id='word_1_36' title='bbox 319 689 452 756; x_wconf 78' lang='lat' dir='ltr'><strong>Cassius</strong></span> <span class='ocrx_word' id='word_1_37' title='bbox 475 691 651 774; x_wconf 81' lang='lat' dir='ltr'><strong>respondit,</strong></span> <span class='ocrx_word' id='word_1_38' title='bbox 676 692 705 756; x_wconf 88' lang='lat' dir='ltr'><strong>si</strong></span> <span class='ocrx_word' id='word_1_39' title='bbox 726 692 858 756; x_wconf 88' lang='lat' dir='ltr'><strong>tabulae</strong></span> <span class='ocrx_word' id='word_1_40' title='bbox 877 691 1025 775; x_wconf 89' lang='lat' dir='ltr'><strong>fuissent,</strong></span> <span class='ocrx_word' id='word_1_41' title='bbox 1047 715 1113 758; x_wconf 93' lang='lat' dir='ltr'><strong>non</strong></span> 
     </span>
     <span class='ocr_line' id='line_1_7' title="bbox 68 778 1112 866; baseline 0.004 -25"><span class='ocrx_word' id='word_1_42' title='bbox 68 798 70 813; x_wconf 78' lang='lat'><strong>¹</strong></span> <span class='ocrx_word' id='word_1_43' title='bbox 124 778 221 861; x_wconf 90' lang='lat' dir='ltr'><strong>deberi,</strong></span> <span class='ocrx_word' id='word_1_44' title='bbox 251 781 328 864; x_wconf 91' lang='lat' dir='ltr'><strong>quia</strong></span> <span class='ocrx_word' id='word_1_45' title='bbox 354 801 421 845; x_wconf 94' lang='lat' dir='ltr'><strong>non</strong></span> <span class='ocrx_word' id='word_1_46' title='bbox 450 780 585 844; x_wconf 78' lang='lat' dir='ltr'><strong>redditis</strong></span> <span class='ocrx_word' id='word_1_47' title='bbox 613 780 665 844; x_wconf 93' lang='lat' dir='ltr'><strong>his</strong></span> <span class='ocrx_word' id='word_1_48' title='bbox 694 780 761 844; x_wconf 90' lang='lat' dir='ltr'><strong>dies</strong></span> <span class='ocrx_word' id='word_1_49' title='bbox 789 781 891 866; x_wconf 85' lang='lat' dir='ltr'><strong>legati</strong></span> <span class='ocrx_word' id='word_1_50' title='bbox 917 783 1112 846; x_wconf 82' lang='lat' dir='ltr'><strong>noncessit</strong></span> 
     </span>
    </p>
   </div>
   <div class='ocr_carea' id='block_1_3' title="bbox 498 955 716 1022">
    <p class='ocr_par' dir='ltr' id='par_1_3' title="bbox 498 955 716 1022">
     <span class='ocr_line' id='line_1_8' title="bbox 498 955 716 1022; baseline 0 -1"><span class='ocrx_word' id='word_1_51' title='bbox 498 955 550 1021; x_wconf 86' lang='lat' dir='ltr'><strong>De</strong></span> <span class='ocrx_word' id='word_1_52' title='bbox 571 958 716 1022; x_wconf 60' lang='lat' dir='ltr'><strong>comicia</strong></span> 
     </span>
    </p>
   </div>
   <div class='ocr_carea' id='block_1_4' title="bbox 120 1071 1114 1510">
    <p class='ocr_par' dir='ltr' id='par_1_4' title="bbox 120 1071 1114 1510">
     <span class='ocr_line' id='line_1_9' title="bbox 191 1071 1113 1158; baseline 0.003 -23"><span class='ocrx_word' id='word_1_53' title='bbox 191 1073 218 1138; x_wconf 85' lang='lat' dir='ltr'><strong>l.</strong></span> <span class='ocrx_word' id='word_1_54' title='bbox 240 1071 280 1137; x_wconf 91' lang='lat' dir='ltr'><strong>D.</strong></span> <span class='ocrx_word' id='word_1_55' title='bbox 296 1074 347 1155; x_wconf 78' lang='lat'><strong>17,</strong></span> <span class='ocrx_word' id='word_1_56' title='bbox 362 1073 392 1153; x_wconf 83' lang='lat'><strong>2,</strong></span> <span class='ocrx_word' id='word_1_57' title='bbox 407 1072 459 1153; x_wconf 85' lang='grc'><strong>29,</strong></span> <span class='ocrx_word' id='word_1_58' title='bbox 475 1073 505 1136; x_wconf 94' lang='grc'><strong>2.</strong></span> <span class='ocrx_word' id='word_1_59' title='bbox 551 1071 710 1156; x_wconf 89' lang='lat' dir='ltr'><strong>Ulpianus</strong></span> <span class='ocrx_word' id='word_1_60' title='bbox 738 1072 823 1136; x_wconf 88' lang='lat' dir='ltr'><strong>libro</strong></span> <span class='ocrx_word' id='word_1_61' title='bbox 851 1073 1042 1158; x_wconf 85' lang='lat' dir='ltr'><strong>trigensimo</strong></span> <span class='ocrx_word' id='word_1_62' title='bbox 1072 1074 1113 1139; x_wconf 90' lang='lat' dir='ltr'><strong>ad</strong></span> 
     </span>
     <span class='ocr_line' id='line_1_10' title="bbox 123 1158 1112 1248; baseline 0.005 -26"><span class='ocrx_word' id='word_1_63' title='bbox 123 1159 255 1225; x_wconf 83' lang='lat' dir='ltr'><strong>Sabinum</strong></span> <span class='ocrx_word' id='word_1_64' title='bbox 280 1158 330 1247; x_wconf 80' lang='lat' dir='ltr'><strong>(P.</strong></span> <span class='ocrx_word' id='word_1_65' title='bbox 345 1159 457 1248; x_wconf 87' lang='grc'>2742).</span> <span class='ocrx_word' id='word_1_66' title='bbox 481 1198 523 1206; x_wconf 94' lang='lat'><strong>—-</strong></span> <span class='ocrx_word' id='word_1_67' title='bbox 548 1161 660 1225; x_wconf 84' lang='lat' dir='ltr'><strong>Aristo</strong></span> <span class='ocrx_word' id='word_1_68' title='bbox 683 1160 784 1224; x_wconf 83' lang='lat' dir='ltr'><strong>refert</strong></span> <span class='ocrx_word' id='word_1_69' title='bbox 808 1159 957 1226; x_wconf 80' lang='lat' dir='ltr'><strong>Cassium</strong></span> <span class='ocrx_word' id='word_1_70' title='bbox 980 1184 1112 1247; x_wconf 90' lang='lat' dir='ltr'><strong>respon·</strong></span> 
     </span>
     <span class='ocr_line' id='line_1_11' title="bbox 122 1247 1112 1334; baseline 0.005 -24"><span class='ocrx_word' id='word_1_71' title='bbox 122 1247 188 1312; x_wconf 91' lang='lat' dir='ltr'><strong>disse</strong></span> <span class='ocrx_word' id='word_1_72' title='bbox 205 1249 393 1314; x_wconf 88' lang='lat' dir='ltr'><strong>societatem</strong></span> <span class='ocrx_word' id='word_1_73' title='bbox 412 1250 513 1313; x_wconf 92' lang='lat' dir='ltr'><strong>talem</strong></span> <span class='ocrx_word' id='word_1_74' title='bbox 532 1249 612 1314; x_wconf 89' lang='lat' dir='ltr'><strong>coiri</strong></span> <span class='ocrx_word' id='word_1_75' title='bbox 629 1271 696 1314; x_wconf 92' lang='lat' dir='ltr'><strong>non</strong></span> <span class='ocrx_word' id='word_1_76' title='bbox 714 1271 821 1334; x_wconf 89' lang='lat' dir='ltr'><strong>posse,</strong></span> <span class='ocrx_word' id='word_1_77' title='bbox 839 1254 876 1314; x_wconf 90' lang='lat' dir='ltr'><strong>ut</strong></span> <span class='ocrx_word' id='word_1_78' title='bbox 891 1251 973 1314; x_wconf 90' lang='lat' dir='ltr'><strong>alter</strong></span> <span class='ocrx_word' id='word_1_79' title='bbox 987 1251 1112 1316; x_wconf 89' lang='lat' dir='ltr'><strong>lucrum</strong></span> 
     </span>
     <span class='ocr_line' id='line_1_12' title="bbox 121 1337 1114 1422; baseline 0.005 -23"><span class='ocrx_word' id='word_1_80' title='bbox 121 1337 231 1422; x_wconf 83' lang='lat' dir='ltr'><strong>totnm¹,</strong></span> <span class='ocrx_word' id='word_1_81' title='bbox 263 1339 345 1402; x_wconf 88' lang='lat' dir='ltr'><strong>alter</strong></span> <span class='ocrx_word' id='word_1_82' title='bbox 376 1339 530 1402; x_wconf 90' lang='lat' dir='ltr'><strong>damnum</strong></span> <span class='ocrx_word' id='word_1_83' title='bbox 562 1338 711 1421; x_wconf 85' lang='lat' dir='ltr'><strong>sentiret,</strong></span> <span class='ocrx_word' id='word_1_84' title='bbox 749 1342 782 1402; x_wconf 94' lang='lat' dir='ltr'><strong>et</strong></span> <span class='ocrx_word' id='word_1_85' title='bbox 811 1337 895 1403; x_wconf 88' lang='lat' dir='ltr'><strong>hanc</strong></span> <span class='ocrx_word' id='word_1_86' title='bbox 923 1339 1114 1404; x_wconf 86' lang='lat' dir='ltr'><strong>societatem</strong></span> 
     </span>
     <span class='ocr_line' id='line_1_13' title="bbox 120 1423 614 1510; baseline 0.008 -24"><span class='ocrx_word' id='word_1_87' title='bbox 120 1423 261 1491; x_wconf 88' lang='lat' dir='ltr'><strong>leoninam</strong></span> <span class='ocrx_word' id='word_1_88' title='bbox 283 1427 417 1491; x_wconf 89' lang='lat' dir='ltr'><strong>solitum</strong></span> <span class='ocrx_word' id='word_1_89' title='bbox 440 1426 614 1510; x_wconf 87' lang='lat' dir='ltr'><strong>appellare.</strong></span> 
     </span>
    </p>
   </div>
   <div class='ocr_carea' id='block_1_5' title="bbox 190 1545 656 1623">
    <p class='ocr_par' dir='ltr' id='par_1_5' title="bbox 190 1545 656 1623">
     <span class='ocr_line' id='line_1_14' title="bbox 190 1545 656 1623; baseline 0.002 -17"><span class='ocrx_word' id='word_1_90' title='bbox 190 1546 224 1606; x_wconf 86' lang='lat' dir='ltr'><strong>cf.</strong></span> <span class='ocrx_word' id='word_1_91' title='bbox 248 1546 376 1606; x_wconf 92' lang='lat' dir='ltr'><strong>Phaedr.</strong></span> <span class='ocrx_word' id='word_1_92' title='bbox 400 1546 460 1606; x_wconf 88' lang='lat' dir='ltr'><strong>fab.</strong></span> <span class='ocrx_word' id='word_1_93' title='bbox 482 1546 554 1606; x_wconf 88' lang='lat' dir='ltr'><strong>Aes.</strong></span> <span class='ocrx_word' id='word_1_94' title='bbox 577 1545 606 1623; x_wconf 93' lang='lat' dir='ltr'><strong>I,</strong></span> <span class='ocrx_word' id='word_1_95' title='bbox 626 1549 656 1607; x_wconf 88' lang='lat'><strong>5.</strong></span> 
     </span>
    </p>
   </div>
   <div class='ocr_carea' id='block_1_6' title="bbox 111 1663 1114 2350">
    <p class='ocr_par' dir='ltr' id='par_1_6' title="bbox 111 1663 1114 2350">
     <span class='ocr_line' id='line_1_15' title="bbox 189 1663 1112 1753; baseline 0.002 -23"><span class='ocrx_word' id='word_1_96' title='bbox 189 1666 215 1730; x_wconf 92' lang='lat'><strong>8.</strong></span> <span class='ocrx_word' id='word_1_97' title='bbox 246 1664 287 1728; x_wconf 91' lang='lat' dir='ltr'><strong>D.</strong></span> <span class='ocrx_word' id='word_1_98' title='bbox 309 1667 359 1750; x_wconf 79' lang='lat'><strong>17,</strong></span> <span class='ocrx_word' id='word_1_99' title='bbox 378 1666 408 1747; x_wconf 81' lang='grc'><strong>2,</strong></span> <span class='ocrx_word' id='word_1_100' title='bbox 431 1666 483 1745; x_wconf 83' lang='grc'><strong>52,</strong></span> <span class='ocrx_word' id='word_1_101' title='bbox 506 1667 556 1731; x_wconf 86' lang='grc'><strong>18.</strong></span> <span class='ocrx_word' id='word_1_102' title='bbox 609 1663 700 1730; x_wconf 90' lang='lat' dir='ltr'><strong>Idem</strong></span> <span class='ocrx_word' id='word_1_103' title='bbox 732 1663 789 1752; x_wconf 89' lang='lat' dir='ltr'><strong>(sc.</strong></span> <span class='ocrx_word' id='word_1_104' title='bbox 818 1663 994 1753; x_wconf 86' lang='lat' dir='ltr'><strong>Ulpianus)</strong></span> <span class='ocrx_word' id='word_1_105' title='bbox 1027 1667 1112 1733; x_wconf 91' lang='lat' dir='ltr'><strong>libro</strong></span> 
     </span>
     <span class='ocr_line' id='line_1_16' title="bbox 119 1750 1113 1841; baseline 0.008 -29"><span class='ocrx_word' id='word_1_106' title='bbox 119 1751 289 1838; x_wconf 85' lang='lat' dir='ltr'><strong>trigensimo</strong></span> <span class='ocrx_word' id='word_1_107' title='bbox 323 1754 429 1837; x_wconf 91' lang='lat' dir='ltr'><strong>primo</strong></span> <span class='ocrx_word' id='word_1_108' title='bbox 457 1754 498 1819; x_wconf 89' lang='lat' dir='ltr'><strong>ad</strong></span> <span class='ocrx_word' id='word_1_109' title='bbox 527 1754 668 1818; x_wconf 90' lang='lat' dir='ltr'><strong>edictum</strong></span> <span class='ocrx_word' id='word_1_110' title='bbox 696 1750 746 1841; x_wconf 89' lang='lat' dir='ltr'><strong>(P.</strong></span> <span class='ocrx_word' id='word_1_111' title='bbox 765 1751 856 1840; x_wconf 87' lang='grc'>922).</span> <span class='ocrx_word' id='word_1_112' title='bbox 885 1791 924 1801; x_wconf 94' lang='grc'><strong>-</strong></span> <span class='ocrx_word' id='word_1_113' title='bbox 1027 1757 1113 1841; x_wconf 92' lang='lat' dir='ltr'><strong>apud</strong></span> 
     </span>
     <span class='ocr_line' id='line_1_17' title="bbox 120 1843 1112 1929; baseline 0.004 -25"><span class='ocrx_word' id='word_1_114' title='bbox 120 1845 221 1906; x_wconf 78' lang='lat' dir='ltr'><strong>veteres</strong></span> <span class='ocrx_word' id='word_1_115' title='bbox 244 1846 414 1926; x_wconf 87' lang='lat' dir='ltr'><strong>tractatur,</strong></span> <span class='ocrx_word' id='word_1_116' title='bbox 437 1865 479 1906; x_wconf 91' lang='lat' dir='ltr'><strong>an</strong></span> <span class='ocrx_word' id='word_1_117' title='bbox 503 1845 610 1907; x_wconf 85' lang='lat' dir='ltr'><strong>socius</strong></span> <span class='ocrx_word' id='word_1_118' title='bbox 629 1843 775 1907; x_wconf 91' lang='lat' dir='ltr'><strong>omnium</strong></span> <span class='ocrx_word' id='word_1_119' title='bbox 794 1843 965 1928; x_wconf 91' lang='lat' dir='ltr'><strong>bonorum,</strong></span> <span class='ocrx_word' id='word_1_120' title='bbox 987 1844 1112 1929; x_wconf 87' lang='lat' dir='ltr'><strong>siquid</strong></span> 
     </span>
     <span class='ocr_line' id='line_1_18' title="bbox 119 1928 1112 2014; baseline 0.006 -23"><span class='ocrx_word' id='word_1_121' title='bbox 119 1928 149 1992; x_wconf 90' lang='lat' dir='ltr'><strong>ob</strong></span> <span class='ocrx_word' id='word_1_122' title='bbox 181 1931 370 1995; x_wconf 89' lang='lat' dir='ltr'><strong>iniuriarum</strong></span> <span class='ocrx_word' id='word_1_123' title='bbox 407 1933 568 1997; x_wconf 87' lang='lat' dir='ltr'><strong>actionem</strong></span> <span class='ocrx_word' id='word_1_124' title='bbox 605 1931 778 1996; x_wconf 90' lang='lat' dir='ltr'><strong>damnatus</strong></span> <span class='ocrx_word' id='word_1_125' title='bbox 815 1931 1031 2014; x_wconf 87' lang='lat' dir='ltr'><strong>praestiterit,</strong></span> <span class='ocrx_word' id='word_1_126' title='bbox 1073 1956 1112 1997; x_wconf 87' lang='lat' dir='ltr'><strong>ex</strong></span> 
     </span>
     <span class='ocr_line' id='line_1_19' title="bbox 117 2019 1112 2104; baseline 0.004 -24"><span class='ocrx_word' id='word_1_127' title='bbox 117 2020 258 2084; x_wconf 90' lang='lat' dir='ltr'><strong>communi</strong></span> <span class='ocrx_word' id='word_1_128' title='bbox 274 2024 489 2104; x_wconf 81' lang='lat' dir='ltr'><strong>consequatur</strong></span> <span class='ocrx_word' id='word_1_129' title='bbox 502 2025 540 2084; x_wconf 92' lang='lat' dir='ltr'><strong>ut</strong></span> <span class='ocrx_word' id='word_1_130' title='bbox 554 2024 700 2103; x_wconf 88' lang='lat' dir='ltr'><strong>praestet</strong></span> <span class='ocrx_word' id='word_1_131' title='bbox 714 2067 721 2084; x_wconf 90' lang='lat'><em>.</em></span> <span class='ocrx_word' id='word_1_132' title='bbox 737 2026 769 2084; x_wconf 93' lang='lat' dir='ltr'><strong>et</strong></span> <span class='ocrx_word' id='word_1_133' title='bbox 781 2019 956 2085; x_wconf 83' lang='lat' dir='ltr'><strong>Atilicinus</strong></span> <span class='ocrx_word' id='word_1_134' title='bbox 972 2019 1112 2085; x_wconf 85' lang='lat' dir='ltr'><strong>Sabinus</strong></span> 
     </span>
     <span class='ocr_line' id='line_1_20' title="bbox 116 2102 1114 2192; baseline 0.004 -23"><span class='ocrx_word' id='word_1_135' title='bbox 116 2102 228 2172; x_wconf 78' lang='lat' dir='ltr'><strong>Cassius</strong></span> <span class='ocrx_word' id='word_1_136' title='bbox 251 2108 502 2192; x_wconf 89' lang='lat' dir='ltr'><strong>responderunt,</strong></span> <span class='ocrx_word' id='word_1_137' title='bbox 526 2109 555 2173; x_wconf 93' lang='lat' dir='ltr'><strong>si</strong></span> <span class='ocrx_word' id='word_1_138' title='bbox 577 2109 696 2173; x_wconf 90' lang='lat' dir='ltr'><strong>iniuria</strong></span> <span class='ocrx_word' id='word_1_139' title='bbox 722 2107 837 2172; x_wconf 90' lang='lat' dir='ltr'><strong>iudicis</strong></span> <span class='ocrx_word' id='word_1_140' title='bbox 861 2109 1034 2172; x_wconf 86' lang='lat' dir='ltr'><strong>damnatus</strong></span> <span class='ocrx_word' id='word_1_141' title='bbox 1060 2110 1114 2192; x_wconf 90' lang='lat' dir='ltr'><strong>sit,</strong></span> 
     </span>
     <span class='ocr_line' id='line_1_21' title="bbox 113 2197 1112 2281; baseline 0.004 -24"><span class='ocrx_word' id='word_1_142' title='bbox 113 2201 356 2280; x_wconf 84' lang='lat' dir='ltr'><strong>consecuturum,</strong></span> <span class='ocrx_word' id='word_1_143' title='bbox 384 2197 412 2261; x_wconf 89' lang='lat' dir='ltr'><strong>si</strong></span> <span class='ocrx_word' id='word_1_144' title='bbox 436 2198 477 2261; x_wconf 93' lang='lat' dir='ltr'><strong>ob</strong></span> <span class='ocrx_word' id='word_1_145' title='bbox 501 2197 695 2263; x_wconf 87' lang='lat' dir='ltr'><strong>maleficium</strong></span> <span class='ocrx_word' id='word_1_146' title='bbox 719 2219 827 2279; x_wconf 88' lang='lat' dir='ltr'><strong>suum,</strong></span> <span class='ocrx_word' id='word_1_147' title='bbox 854 2197 960 2281; x_wconf 91' lang='lat' dir='ltr'><strong>ipsum</strong></span> <span class='ocrx_word' id='word_1_148' title='bbox 983 2200 1112 2261; x_wconf 83' lang='lat' dir='ltr'><strong>tantum</strong></span> 
     </span>
     <span class='ocr_line' id='line_1_22' title="bbox 111 2283 544 2350; baseline 0.005 -3"><span class='ocrx_word' id='word_1_149' title='bbox 111 2283 250 2350; x_wconf 89' lang='lat' dir='ltr'><strong>damnum</strong></span> <span class='ocrx_word' id='word_1_150' title='bbox 274 2286 395 2350; x_wconf 89' lang='lat' dir='ltr'><strong>sentire</strong></span> <span class='ocrx_word' id='word_1_151' title='bbox 418 2286 544 2350; x_wconf 89' lang='lat' dir='ltr'><strong>debere.</strong></span> 
     </span>
    </p>
   </div>
   <div class='ocr_carea' id='block_1_7' title="bbox 460 2453 749 2519">
    <p class='ocr_par' dir='ltr' id='par_1_7' title="bbox 460 2453 749 2519">
     <span class='ocr_line' id='line_1_23' title="bbox 460 2453 749 2519; baseline 0 0"><span class='ocrx_word' id='word_1_152' title='bbox 460 2453 511 2519; x_wconf 85' lang='lat' dir='ltr'><strong>De</strong></span> <span class='ocrx_word' id='word_1_153' title='bbox 532 2457 601 2519; x_wconf 79' lang='lat' dir='ltr'><strong>iare</strong></span> <span class='ocrx_word' id='word_1_154' title='bbox 623 2456 749 2519; x_wconf 79' lang='lat' dir='ltr'><strong>dotium.</strong></span> 
     </span>
    </p>
   </div>
   <div class='ocr_carea' id='block_1_8' title="bbox 92 2567 1112 3451">
    <p class='ocr_par' dir='ltr' id='par_1_8' title="bbox 97 2567 1112 3094">
     <span class='ocr_line' id='line_1_24' title="bbox 183 2567 1110 2655; baseline 0.002 -24"><span class='ocrx_word' id='word_1_155' title='bbox 183 2569 213 2632; x_wconf 89' lang='lat'><strong>9.</strong></span> <span class='ocrx_word' id='word_1_156' title='bbox 231 2567 272 2632; x_wconf 93' lang='lat' dir='ltr'><strong>D.</strong></span> <span class='ocrx_word' id='word_1_157' title='bbox 282 2570 335 2652; x_wconf 83' lang='grc'><strong>24,</strong></span> <span class='ocrx_word' id='word_1_158' title='bbox 344 2571 374 2654; x_wconf 82' lang='grc'><strong>3,</strong></span> <span class='ocrx_word' id='word_1_159' title='bbox 382 2571 433 2652; x_wconf 84' lang='grc'><strong>22,</strong></span> <span class='ocrx_word' id='word_1_160' title='bbox 443 2571 493 2634; x_wconf 92' lang='grc'><strong>12.</strong></span> <span class='ocrx_word' id='word_1_161' title='bbox 521 2569 610 2634; x_wconf 91' lang='lat' dir='ltr'><strong>Idem</strong></span> <span class='ocrx_word' id='word_1_162' title='bbox 626 2567 683 2647; x_wconf 81' lang='lat' dir='ltr'><strong>(sc.</strong></span> <span class='ocrx_word' id='word_1_163' title='bbox 697 2567 872 2655; x_wconf 86' lang='lat' dir='ltr'><strong>Ulpianus)</strong></span> <span class='ocrx_word' id='word_1_164' title='bbox 887 2569 972 2633; x_wconf 93' lang='lat' dir='ltr'><strong>libro</strong></span> <span class='ocrx_word' id='word_1_165' title='bbox 986 2569 1110 2653; x_wconf 84' lang='lat' dir='ltr'><strong>trigen-</strong></span> 
     </span>
     <span class='ocr_line' id='line_1_25' title="bbox 104 2654 1111 2745; baseline 0.002 -26"><span class='ocrx_word' id='word_1_166' title='bbox 104 2657 178 2723; x_wconf 89' lang='lat' dir='ltr'><strong>simo</strong></span> <span class='ocrx_word' id='word_1_167' title='bbox 197 2659 296 2722; x_wconf 89' lang='lat' dir='ltr'><strong>tertio</strong></span> <span class='ocrx_word' id='word_1_168' title='bbox 317 2659 357 2722; x_wconf 88' lang='lat' dir='ltr'><strong>ad</strong></span> <span class='ocrx_word' id='word_1_169' title='bbox 376 2658 517 2722; x_wconf 89' lang='lat' dir='ltr'><strong>edictum</strong></span> <span class='ocrx_word' id='word_1_170' title='bbox 536 2658 584 2738; x_wconf 90' lang='lat' dir='ltr'><strong>(P.</strong></span> <span class='ocrx_word' id='word_1_171' title='bbox 598 2654 703 2745; x_wconf 68' lang='lat'>955⁸).</span> <span class='ocrx_word' id='word_1_172' title='bbox 724 2694 766 2703; x_wconf 89' lang='lat'><em>-</em></span> <span class='ocrx_word' id='word_1_173' title='bbox 786 2707 815 2721; x_wconf 93' lang='lat'><strong>..</strong></span> <span class='ocrx_word' id='word_1_174' title='bbox 835 2658 864 2721; x_wconf 90' lang='lat' dir='ltr'><strong>si</strong></span> <span class='ocrx_word' id='word_1_175' title='bbox 881 2657 950 2721; x_wconf 93' lang='lat' dir='ltr'><strong>filio</strong></span> <span class='ocrx_word' id='word_1_176' title='bbox 970 2658 1047 2721; x_wconf 89' lang='lat' dir='ltr'><strong>data</strong></span> <span class='ocrx_word' id='word_1_177' title='bbox 1068 2659 1111 2722; x_wconf 92' lang='lat' dir='ltr'><strong>sit</strong></span> 
     </span>
     <span class='ocr_line' id='line_1_26' title="bbox 101 2741 1110 2831; baseline 0.001 -23"><span class='ocrx_word' id='word_1_178' title='bbox 101 2741 154 2830; x_wconf 90' lang='lat' dir='ltr'><strong>(sc.</strong></span> <span class='ocrx_word' id='word_1_179' title='bbox 174 2744 249 2831; x_wconf 84' lang='lat' dir='ltr'><strong>dos)</strong></span> <span class='ocrx_word' id='word_1_180' title='bbox 272 2768 339 2810; x_wconf 92' lang='lat' dir='ltr'><strong>non</strong></span> <span class='ocrx_word' id='word_1_181' title='bbox 362 2747 453 2810; x_wconf 88' lang='lat' dir='ltr'><strong>iussu</strong></span> <span class='ocrx_word' id='word_1_182' title='bbox 476 2747 590 2830; x_wconf 90' lang='lat' dir='ltr'><strong>patris,</strong></span> <span class='ocrx_word' id='word_1_183' title='bbox 614 2745 754 2811; x_wconf 86' lang='lat' dir='ltr'><strong>Sabinus</strong></span> <span class='ocrx_word' id='word_1_184' title='bbox 774 2752 806 2809; x_wconf 87' lang='lat' dir='ltr'><strong>et</strong></span> <span class='ocrx_word' id='word_1_185' title='bbox 825 2743 958 2810; x_wconf 89' lang='lat' dir='ltr'><strong>Cassius</strong></span> <span class='ocrx_word' id='word_1_186' title='bbox 977 2768 1110 2830; x_wconf 89' lang='lat' dir='ltr'><strong>respon·</strong></span> 
     </span>
     <span class='ocr_line' id='line_1_27' title="bbox 100 2834 1112 2920; baseline -0.004 -17"><span class='ocrx_word' id='word_1_187' title='bbox 100 2834 213 2903; x_wconf 86' lang='lat' dir='ltr'><strong>derunt</strong></span> <span class='ocrx_word' id='word_1_188' title='bbox 241 2835 345 2900; x_wconf 90' lang='lat' dir='ltr'><strong>nihilo</strong></span> <span class='ocrx_word' id='word_1_189' title='bbox 374 2836 480 2899; x_wconf 88' lang='lat' dir='ltr'><strong>minus</strong></span> <span class='ocrx_word' id='word_1_190' title='bbox 509 2857 581 2900; x_wconf 91' lang='lat' dir='ltr'><strong>cum</strong></span> <span class='ocrx_word' id='word_1_191' title='bbox 609 2838 703 2920; x_wconf 89' lang='lat' dir='ltr'><strong>patre</strong></span> <span class='ocrx_word' id='word_1_192' title='bbox 732 2835 786 2919; x_wconf 83' lang='lat' dir='ltr'><strong>agi</strong></span> <span class='ocrx_word' id='word_1_193' title='bbox 814 2839 976 2918; x_wconf 83' lang='lat' dir='ltr'><strong>oportere3</strong></span> <span class='ocrx_word' id='word_1_194' title='bbox 1008 2835 1112 2899; x_wconf 80' lang='lat' dir='ltr'><strong>rideri</strong></span> 
     </span>
     <span class='ocr_line' id='line_1_28' title="bbox 98 2922 1111 3007; baseline 0.001 -21"><span class='ocrx_word' id='word_1_195' title='bbox 98 2924 178 2987; x_wconf 92' lang='lat' dir='ltr'><strong>enim</strong></span> <span class='ocrx_word' id='word_1_196' title='bbox 217 2922 259 2987; x_wconf 91' lang='lat' dir='ltr'><strong>ad</strong></span> <span class='ocrx_word' id='word_1_197' title='bbox 296 2945 369 2987; x_wconf 88' lang='lat' dir='ltr'><strong>eum</strong></span> <span class='ocrx_word' id='word_1_198' title='bbox 405 2924 592 3006; x_wconf 87' lang='lat' dir='ltr'><strong>pervenisse</strong></span> <span class='ocrx_word' id='word_1_199' title='bbox 629 2924 751 3006; x_wconf 90' lang='lat' dir='ltr'><strong>dotem,</strong></span> <span class='ocrx_word' id='word_1_200' title='bbox 792 2945 889 3007; x_wconf 89' lang='lat' dir='ltr'><strong>penes</strong></span> <span class='ocrx_word' id='word_1_201' title='bbox 927 2945 1022 3007; x_wconf 90' lang='lat' dir='ltr'><strong>quem</strong></span> <span class='ocrx_word' id='word_1_202' title='bbox 1061 2927 1111 2987; x_wconf 83' lang='lat' dir='ltr'><strong>est</strong></span> 
     </span>
     <span class='ocr_line' id='line_1_29' title="bbox 97 3012 267 3094; baseline 0.012 -20"><span class='ocrx_word' id='word_1_203' title='bbox 97 3012 267 3094; x_wconf 88' lang='lat' dir='ltr'><strong>peculium.</strong></span> 
     </span>
    </p>

    <p class='ocr_par' dir='ltr' id='par_1_9' title="bbox 92 3098 1111 3451">
     <span class='ocr_line' id='line_1_30' title="bbox 184 3098 1111 3184; baseline 0 -20"><span class='ocrx_word' id='word_1_204' title='bbox 184 3101 236 3164; x_wconf 88' lang='lat'><strong>10.</strong></span> <span class='ocrx_word' id='word_1_205' title='bbox 265 3100 304 3164; x_wconf 92' lang='lat' dir='ltr'><strong>D.</strong></span> <span class='ocrx_word' id='word_1_206' title='bbox 323 3101 377 3184; x_wconf 83' lang='grc'><strong>24,</strong></span> <span class='ocrx_word' id='word_1_207' title='bbox 394 3102 424 3184; x_wconf 87' lang='lat'><strong>3,</strong></span> <span class='ocrx_word' id='word_1_208' title='bbox 443 3100 494 3166; x_wconf 83' lang='lat'><strong>59.</strong></span> <span class='ocrx_word' id='word_1_209' title='bbox 540 3100 685 3165; x_wconf 90' lang='lat' dir='ltr'><strong>Iulianus</strong></span> <span class='ocrx_word' id='word_1_210' title='bbox 713 3101 797 3164; x_wconf 93' lang='lat' dir='ltr'><strong>libro</strong></span> <span class='ocrx_word' id='word_1_211' title='bbox 823 3101 961 3166; x_wconf 89' lang='lat' dir='ltr'><strong>secundo</strong></span> <span class='ocrx_word' id='word_1_212' title='bbox 986 3100 1026 3164; x_wconf 89' lang='lat' dir='ltr'><strong>ad</strong></span> <span class='ocrx_word' id='word_1_213' title='bbox 1049 3098 1111 3165; x_wconf 90' lang='lat' dir='ltr'><strong>Ur-</strong></span> 
     </span>
     <span class='ocr_line' id='line_1_31' title="bbox 95 3187 1109 3274; baseline 0.001 -23"><span class='ocrx_word' id='word_1_214' title='bbox 95 3190 198 3252; x_wconf 87' lang='lat' dir='ltr'><strong>seium</strong></span> <span class='ocrx_word' id='word_1_215' title='bbox 221 3188 378 3254; x_wconf 87' lang='lat' dir='ltr'><strong>Ferocem</strong></span> <span class='ocrx_word' id='word_1_216' title='bbox 402 3188 452 3274; x_wconf 82' lang='lat' dir='ltr'><strong>(P.</strong></span> <span class='ocrx_word' id='word_1_217' title='bbox 467 3187 557 3273; x_wconf 85' lang='lat'>895).</span> <span class='ocrx_word' id='word_1_218' title='bbox 582 3189 749 3254; x_wconf 85' lang='lat' dir='ltr'><strong>-Filiae</strong></span> <span class='ocrx_word' id='word_1_219' title='bbox 773 3210 863 3253; x_wconf 90' lang='lat' dir='ltr'><strong>meae</strong></span> <span class='ocrx_word' id='word_1_220' title='bbox 887 3190 1109 3272; x_wconf 86' lang='lat' dir='ltr'><strong>emancipatae</strong></span> 
     </span>
     <span class='ocr_line' id='line_1_32' title="bbox 94 3277 1110 3362; baseline -0.002 -22"><span class='ocrx_word' id='word_1_221' title='bbox 94 3282 125 3341; x_wconf 93' lang='lat' dir='ltr'><strong>et</strong></span> <span class='ocrx_word' id='word_1_222' title='bbox 151 3298 271 3362; x_wconf 85' lang='lat' dir='ltr'><strong>aegrae</strong></span> <span class='ocrx_word' id='word_1_223' title='bbox 300 3279 349 3342; x_wconf 90' lang='lat' dir='ltr'><strong>vir</strong></span> <span class='ocrx_word' id='word_1_224' title='bbox 376 3279 409 3341; x_wconf 93' lang='lat' dir='ltr'><strong>in</strong></span> <span class='ocrx_word' id='word_1_225' title='bbox 437 3279 499 3343; x_wconf 91' lang='lat' dir='ltr'><strong>hoo</strong></span> <span class='ocrx_word' id='word_1_226' title='bbox 526 3278 694 3361; x_wconf 90' lang='lat' dir='ltr'><strong>repudium</strong></span> <span class='ocrx_word' id='word_1_227' title='bbox 724 3277 827 3357; x_wconf 87' lang='lat' dir='ltr'><strong>misit,</strong></span> <span class='ocrx_word' id='word_1_228' title='bbox 854 3283 891 3343; x_wconf 91' lang='lat' dir='ltr'><strong>ut</strong></span> <span class='ocrx_word' id='word_1_229' title='bbox 914 3281 1043 3341; x_wconf 91' lang='lat' dir='ltr'><strong>mortua</strong></span> <span class='ocrx_word' id='word_1_230' title='bbox 1071 3299 1110 3339; x_wconf 89' lang='lat' dir='ltr'><strong>ea</strong></span> 
     </span>
     <span class='ocr_line' id='line_1_33' title="bbox 92 3365 1109 3451; baseline -0.003 -22"><span class='ocrx_word' id='word_1_231' title='bbox 92 3366 201 3430; x_wconf 85' lang='lat' dir='ltr'><strong>dotem</strong></span> <span class='ocrx_word' id='word_1_232' title='bbox 239 3367 347 3449; x_wconf 88' lang='lat' dir='ltr'><strong>potius</strong></span> <span class='ocrx_word' id='word_1_233' title='bbox 384 3367 557 3431; x_wconf 90' lang='lat' dir='ltr'><strong>heredibus</strong></span> <span class='ocrx_word' id='word_1_234' title='bbox 595 3367 663 3432; x_wconf 88' lang='lat' dir='ltr'><strong>eius</strong></span> <span class='ocrx_word' id='word_1_235' title='bbox 701 3388 798 3451; x_wconf 88' lang='lat' dir='ltr'><strong>quarn</strong></span> <span class='ocrx_word' id='word_1_236' title='bbox 836 3367 916 3430; x_wconf 90' lang='lat' dir='ltr'><strong>mihi</strong></span> <span class='ocrx_word' id='word_1_237' title='bbox 953 3365 1109 3428; x_wconf 90' lang='lat' dir='ltr'><strong>redderet.</strong></span> 
     </span>
    </p>
   </div>
   <div class='ocr_carea' id='block_1_9' title="bbox 165 3539 389 3597">
    <p class='ocr_par' dir='ltr' id='par_1_10' title="bbox 165 3539 389 3597">
     <span class='ocr_line' id='line_1_34' title="bbox 165 3539 389 3597; baseline 0.013 -4"><span class='ocrx_word' id='word_1_238' title='bbox 165 3546 179 3592; x_wconf 96' lang='lat' dir='ltr'><strong>l</strong></span> <span class='ocrx_word' id='word_1_239' title='bbox 201 3539 232 3594; x_wconf 85' lang='lat' dir='ltr'><em>F</em></span> <span class='ocrx_word' id='word_1_240' title='bbox 232 3541 250 3597; x_wconf 83' lang='lat' dir='ltr'><strong>l.</strong></span> <span class='ocrx_word' id='word_1_241' title='bbox 268 3542 389 3597; x_wconf 79' lang='lat' dir='ltr'><strong>tantum.</strong></span> 
     </span>
    </p>
   </div>
   <div class='ocr_carea' id='block_1_10' title="bbox 0 0 1220 3944">
    <p class='ocr_par' dir='ltr' id='par_1_11' title="bbox 0 0 1220 3944">
     <span class='ocr_line' id='line_1_35' title="bbox 0 0 1220 3944; baseline 0 3"><span class='ocrx_word' id='word_1_242' title='bbox 0 0 1220 3944; x_wconf 95' lang='lat' dir='ltr'><strong> </strong></span> 
     </span>
    </p>
   </div>
  </div>
 </body>
</html>
