2430 3944
149 169 216 239 234
236 169 284 227 IV.
297 168 517 226 VESPASIANI
530 167 606 224 ΤΙΤΙ
618 168 818 225 DOMITIANI
830 169 939 226 ΤΕΜΡ.
952 169 1051 226 IURIS
1066 169 1168 227 CONS.

236 334 290 398 44.
313 331 353 398 D.
367 334 399 416 5,
415 335 446 412 1,
458 335 512 415 24,
526 333 557 396 2.
592 330 682 397 Idem
701 331 759 415 (so.
774 330 909 420 Paulus)
923 334 1010 400 libro
1026 335 1166 418 septimo

148 422 271 487 decimo
296 422 336 487 ad
355 421 521 487 Plautium
545 420 593 508 (Ρ.
611 420 736 510 1231).
760 459 803 470 -
826 424 900 488 ..si
922 425 1111 507 postulatur
1134 425 1167 488 in

146 533 218 577 rem
259 511 345 577 actio
383 511 537 577 adversus
572 512 732 596 legatum,
775 508 933 596 numquid
968 511 1080 589 danda
1116 514 1168 595 sit,

147 599 301 684 quoniam
338 621 377 665 ex
412 600 576 684 praesenti
611 599 817 684 possessione
853 600 934 667 haec
970 600 1059 667 actio
1095 602 1166 666 est?

146 687 278 755 Cassius
310 688 479 775 respondit
512 688 558 753 sio
586 688 792 769 servandum,
825 692 876 772 ut,
909 688 938 757 si
965 689 1166 756 subducatur

145 775 361 842 ministerium
391 778 433 856 ei,
460 799 527 842 non
550 775 595 842 sit
617 778 819 843 concedenda
843 777 941 860 acti03
973 778 1002 843 si
1025 800 1104 845 vero
1127 802 1167 847 ex

145 866 257 932 multis
281 867 382 932 servis
407 866 446 931 ds
468 888 533 931 uno
558 871 690 950 agatur,
712 888 779 932 non
802 865 848 933 sit
869 866 1059 939 inhibenda.

521 1041 573 1109 Dc
594 1046 789 1128 usucapione.
875 1079 878 1083 ·

233 1149 287 1216 45.
310 1149 351 1215 D.
364 1150 418 1231 41,
431 1148 462 1231 4,
476 1150 506 1214 4.
538 1148 710 1216 Iavolenus
724 1151 809 1217 libro
824 1151 965 1216 secundo
980 1173 1020 1216 ex
1032 1150 1165 1218 Plautio

146 1235 195 1325 (P.
217 1238 304 1325 153).
331 1275 369 1287 -
394 1238 536 1323 Emptor
563 1239 655 1304 fundi
682 1243 811 1324 partem
834 1238 904 1305 eius
928 1239 1071 1306 alienam
1094 1263 1165 1306 csse

143 1350 211 1393 non
229 1329 446 1413 ignoraverat.
477 1349 668 1413 responsum
688 1328 839 1394 estnihil
859 1351 932 1394 eum
950 1351 990 1394 ex
1009 1351 1048 1395 eo
1063 1328 1165 1396 fundo

144 1437 204 1483 usu
227 1419 406 1499 capturum.

233 1505 286 1569 46.
309 1503 348 1569 D.
362 1506 415 1586 41,
429 1506 460 1586 3,
475 1505 527 1589 13,
544 1509 571 1569 1.
606 1504 699 1570 Idem
718 1504 776 1592 (sc.
791 1503 929 1593 Paulus)
947 1507 1033 1572 libro
1049 1509 1164 1593 quinto
1205 1517 1207 1522 '

144 1594 185 1658 sd
212 1592 378 1658 Plautium
407 1591 457 1679 (P.
479 1591 589 1680 1112).
614 1630 653 1643 —-
678 1593 763 1660 llum
790 1595 846 1680 qui
875 1618 894 1660 a
921 1595 1047 1662 furioso
1077 1596 1165 1663 bona

143 1683 206 1747 fide
230 1682 324 1766 emit,
347 1704 525 1766 usucapere
548 1704 644 1767 posse
667 1705 858 1769 responsum
882 1688 940 1750 est.

298 1858 349 1924 De
369 1861 567 1926 servitutibus
582 1862 787 1943 praediorum
809 1863 1004 1928 rusticorum

231 1967 284 2032 47.
311 1966 350 2032 D.
366 1967 396 2049 8,
410 1966 441 2051 3,
455 1966 484 2044 5,
501 1969 529 2032 1.
574 1965 734 2051 Ulpianus
760 1967 843 2033 libro
868 1968 1009 2052 septimo
1033 1969 1161 2036 decimo

143 2056 183 2120 ad
216 2057 356 2121 edictum
384 2051 434 2141 (Ρ.
453 2053 556 2140 596⁰).
585 2091 622 2102 -
653 2054 807 2120 Neratius
838 2057 932 2122 libris
961 2078 1000 2121 ex
1027 2057 1160 2125 Plautio

143 2145 203 2214 sit:
235 2166 294 2209 nec
325 2145 480 2209 haustum
511 2165 571 2208 nec
604 2145 776 2227 appulsum
806 2146 932 2228 pecoris
959 2168 1019 2212 neo
1049 2151 1159 2212 cretas

143 2233 328 2298 eximendae
361 2233 522 2317 calcisque
555 2233 740 2319 coquendae
771 2233 823 2298 ius
855 2256 952 2318 posse
984 2236 1022 2308 in¹
1050 2237 1158 2302 alieno

142 2344 227 2406 esse,
249 2322 315 2387 nisi
338 2321 475 2386 fundum
496 2321 640 2385 vicinum
663 2321 819 2404 habeuti¹‚
843 2327 877 2387 et
899 2324 962 2388 hoc
984 2322 1162 2390 Proculum

142 2415 175 2475 et
189 2409 380 2475 Atilicinum
400 2409 602 2474 existimasse
621 2410 668 2474 ait
683 2410 882 2496 <Plautius>.
911 2412 966 2476 sed
986 2413 1056 2496 ipse
1071 2413 1161 2498 dicit,

141 2503 178 2564 ut
196 2500 335 2563 maxime
353 2499 450 2563 calcis
470 2498 655 2583 coquendae
674 2505 707 2563 et
725 2503 831 2565 cretae
851 2501 1039 2566 eximendae
1060 2506 1162 2569 servi-

140 2590 194 2652 tus
218 2587 373 2652 oonstitui
396 2588 514 2671 possit,
542 2609 608 2652 non
629 2589 717 2653 ultra
739 2610 850 2674 posse,
874 2611 970 2673 quam
995 2595 1160 2675 quatenus

143 2676 182 2742 ad
206 2698 279 2740 eum
302 2676 411 2760 ipsum
433 2676 569 2740 fundum
593 2698 674 2761 opus
699 2677 750 2741 sit.

569 2835 619 2901 Dc
641 2857 734 2918 aqua.

230 2944 284 3008 48.
313 2941 353 3006 D.
372 2942 424 3020 39,
444 2943 474 3026 3,
496 2944 548 3026 17,
568 2944 595 3007 1.
641 2942 762 3008 Paulus
790 2943 872 3008 libro
897 2942 1009 3028 quinto
1034 2945 1161 3011 decimo

142 3031 183 3096 ad
210 3031 376 3096 Plautium
404 3027 454 3115 (Ρ.
474 3027 586 3114 1215).
617 3068 655 3078 -
685 3031 858 3116 ..placuit
889 3054 954 3097 non
988 3031 1073 3098 alias
1101 3057 1162 3119 per

140 3121 281 3205 lapidem
305 3142 422 3205 aquam
446 3120 519 3185 duci
541 3141 648 3205 posse,
675 3121 738 3185 nisi
759 3120 874 3186 hocin
898 3120 1055 3186 servitute
1082 3144 1161 3189 con·

142 3208 305 3274 stituenda
327 3209 596 3292 comprehensum
620 3210 670 3273 sii.

229 3298 283 3363 49.
320 3296 359 3361 D.
380 3297 410 3380 8,
429 3298 459 3378 6,
479 3298 507 3361 7.
559 3296 679 3362 Paulus
712 3297 796 3362 libro
828 3298 927 3363 tertio
961 3297 1086 3366 decimo
1119 3282 1173 3365 ad'

139 3386 305 3452 Plautium
335 3381 385 3471 (P.
408 3383 530 3471 11912).
562 3423 599 3432 —
626 3436 655 3450 ..
675 3387 704 3450 si
732 3386 865 3452 alternis
894 3387 984 3452 horis
1012 3388 1065 3452 vel
1093 3411 1160 3454 una

213 3551 226 3599 1
247 3542 293 3598 Fi.
312 3541 425 3598 habeat.
