2430 3944
269 188 295 240 e.
313 182 555 242 nemobonus
573 216 610 228 -
629 192 653 241 ι.
672 172 870 241 cenninus
1013 187 1079 252 239

59 345 172 436 toris),
200 349 269 415 sive
295 351 326 415 ei
348 350 502 416 mandavi
523 354 561 414 ut
582 349 814 434 pacisceretur,
843 351 910 415 sive
935 353 1079 417 omnium

57 460 168 504 rerum
191 459 340 504 mearum
361 441 554 523 procurator
571 439 649 523 fuit,
671 442 708 503 ut
727 442 759 502 et
777 437 976 505 Puteolanus
995 441 1078 506 libro

56 529 168 611 primo
191 522 463 595 Adsessoriorum
487 528 615 613 scribit,
586 531 710 593 tcum
736 527 861 612 placuit
884 549 957 592 eum
980 529 1079 594 etism

56 637 127 682 rem
151 617 188 681 in
210 616 370 684 iudicium
392 617 558 682 deducere.

490 790 651 804 ——b—-on

413 914 451 999 7.
480 921 738 995 CAMPANUS

148 1066 382 1127 iurisconsultus
410 1085 428 1125 e
451 1067 617 1143 Pomponio
646 1071 678 1127 et
699 1067 827 1127 Valente
851 1067 1000 1147 laudatus,
1028 1069 1079 1144 qui

55 1156 93 1215 de
123 1157 194 1235 lege
221 1155 312 1215 Aelia
339 1155 444 1215 Sentis.
474 1155 551 1216 dixit
583 1159 614 1215 et
645 1156 731 1216 libris
763 1154 926 1216 scribendis
957 1176 1078 1234 operam

54 1245 156 1319 dedit,
186 1247 323 1305 osterum
346 1244 433 1304 nobis
456 1245 593 1322 ignotus,
617 1246 669 1304 sed
693 1243 872 1322 Oepuensis,
894 1248 931 1305 ut
953 1250 1080 1323 epperet

54 1339 88 1394 et
108 1332 217 1412 primi,
240 1332 432 1408 dividetur,
455 1333 575 1395 saeculi.

289 1503 733 1593 Fideicommissorum(?)
757 1512 857 1574 libri.

151 1634 229 1696 Cum
257 1635 428 1714 fragmenta
455 1655 491 1695 ex
514 1634 658 1714 Campani
683 1635 769 1696 libris
792 1639 913 1698 servate
936 1635 974 1696 ed
996 1636 1079 1696 fidei·

55 1725 221 1786 commissa
247 1724 433 1804 pertineant,
461 1724 499 1784 de
526 1725 583 1785 hec
610 1743 643 1784 re
671 1743 741 1784 eum
766 1724 919 1803 scripsisse
941 1726 1079 1786 conicias.

226 1878 278 1944 De
301 1878 440 1944 libertate
454 1900 515 1962 per
536 1880 807 1962 fideicommissum
829 1881 914 1945 dcto.

152 1988 180 2052 1.
210 1982 251 2051 D.
268 1985 321 2070 40,
341 1985 372 2069 5,
386 1986 438 2069 34,
454 1988 483 2051 1.
521 1983 720 2070 Pomponius
746 1986 831 2051 libro
854 1987 952 2052 tertio
975 1984 1079 2051 Fidei·

55 2075 309 2142 oommissorum
341 2071 391 2162 (P.
410 2073 501 2163 217).
528 2112 573 2122 -
601 2074 787 2160 Campanus
820 2076 880 2158 ait,
912 2075 941 2140 si
973 2075 1079 2139 minor

56 2165 157 2231 annis
181 2163 302 2248 viginti
324 2164 490 2248 rogaverit
511 2163 676 2245 heredem,
698 2168 736 2229 ut
758 2166 927 2250 proprium
951 2185 1079 2228 servum

56 2252 288 2335 manumittet,
316 2252 546 2335 praestandam
574 2253 604 2318 ei
626 2253 824 2335 libertatem,
853 2253 929 2337 quia
951 2253 1005 2316 hic
1027 2252 1080 2317 lex

55 2342 158 2408 Aelia
182 2339 294 2406 Sentis
315 2341 423 2407 locum
446 2340 643 2408 nonhabet.

151 2435 189 2496 cf.
218 2433 282 2495 cai.
307 2437 336 2513 2,
360 2437 434 2496 249.
490 2429 603 2495 ‘Verba
621 2482 628 2496 .
648 2482 653 2496 .
673 2435 974 2496 fideicommissorum
1005 2435 1079 2494 beec

54 2523 191 2584 maxime
213 2524 246 2582 in
268 2542 325 2582 usu
349 2543 413 2584 esse
437 2523 590 2584 videntur:
613 2528 693 2600 peto,
717 2543 835 2600 rogo.
852 2516 871 2584 .'
919 2526 937 2584 2
940 2526 1078 2602 ,.263sq

56 2610 201 2674 libertus
235 2630 353 2690 qnoque
387 2631 473 2672 servo
506 2632 561 2688 per
586 2572 858 2674 fideicdmmissum
878 2613 944 2672 duri
971 2610 1080 2689 potest,

55 2707 116 2763 ut.
133 2702 245 2764 ,heres
268 2703 393 2779 rogetur
413 2702 649 2762 manumittere.
665 2721 741 2763 .nec
761 2700 940 2780 interest,u
919 2705 1023 2761 utrum
1042 2701 1079 2761 de

56 2810 113 2851 suo
144 2789 268 2866 proprio
301 2809 386 2852 servo
417 2792 546 2851 testator
573 2794 673 2871 roget,
707 2810 745 2850 cn
776 2790 813 2850 de
841 2810 875 2850 eo
904 2791 956 2868 qui
984 2791 1079 2894 ipsius

56 2879 233 2940 heredis..
249 2873 332 2938 .sit'.
1072 2920 1075 2925 ,

152 2963 182 3028 2.
215 2962 256 3026 Ι).
275 2962 327 3047 38,
349 2964 376 3045 1,
393 2963 447 3027 47.
496 2961 586 3027 Idem
618 2960 675 3050 (sc.
699 2961 836 3048 Valens)
868 2963 954 3028 libro
987 2967 1080 3027 sexto

56 3012 403 3117 Fideicommissdrum
432 3047 480 3138 (P.
499 3052 566 3136 20).
593 3089 631 3098 -
662 3049 846 3136 Campanus
874 3051 987 3116 scribit
1013 3073 1080 3116 non

58 3141 180 3206 debere
198 3142 382 3223 praetorem
401 3142 472 3224 pati
492 3140 610 3206 donum
630 3163 746 3206 munus
766 3162 881 3224 operes
900 3140 1026 3225 imponi
1041 3141 1081 3224 ei,

58 3229 118 3315 qui
140 3251 179 3293 ex
196 3227 441 3294 fideicommissi
460 3251 557 3294 cause
576 3229 833 3295 manumittatur.
876 3229 931 3294 sed
950 3230 987 3312 si,
1007 3249 1080 3293 cum

60 3319 162 3384 sciret
184 3339 281 3402 posse
301 3339 334 3382 se
354 3318 387 3382 id
404 3340 563 3402 recusare,
587 3318 727 3404 obligari
746 3340 780 3383 se
799 3340 915 3402 passus
935 3319 988 3402 sit,
1010 3338 1079 3380 non

58 3406 275 3472 inhibendam
294 3429 465 3490 operarum
485 3406 688 3493 petitionem,
702 3406 778 3491 quia
794 3410 930 3472 donasse
947 3406 1079 3470 videtur.

492 3586 651 3594 ——a--n-
