2430 3944
96 173 159 237 132
176 172 223 228 111.
234 159 771 228 osncnruonnnscu'ernosu
781 170 996 230 cummunis
1007 142 1119 267 sorsin.-

186 337 216 402 2.
238 333 279 400 D.
293 334 348 418 29,
361 335 391 414 2,
406 335 458 399 60.
494 334 665 399 Iavolenus
689 335 773 400 libro
791 335 899 419 primo
919 354 958 400 ex
975 334 1119 423 posteri-5

97 425 207 490 oribus
230 423 399 488 Labeonis.
421 459 458 470 -
481 421 601 488 Filium
625 423 866 508 emancipatum
889 428 983 508 pater
1004 423 1119 499 solun-,-¹

95 513 247 578 heredem
274 512 417 577 instituit
445 516 490 596 et,
522 512 552 576 si
581 513 609 576 is
636 511 730 576 heres
758 534 824 577 non
852 516 952 597 esset,
982 500 1119 605 senoni:

95 603 235 667 liberum
267 606 301 665 et
332 601 482 666 heredem
516 622 585 665 esse
617 601 766 665 iusserat.
811 600 913 686 filius,
945 605 1119 687 tamquam-,²

97 694 190 775 pater
218 690 349 755 demens
378 689 507 773 fuisset,
539 689 699 754 bonorum
726 690 968 774 possessionem
993 691 1032 755 ab
1055 690 1119 754 ini

96 782 217 846 testato
242 778 338 862 petiit
360 781 393 842 et
417 778 464 842 ita
486 777 702 842 hereditatem
725 778 878 862 possedit
913 776 1029 845 ”Labeo
1048 779 1108 865 sit,¹

96 870 124 933 si
152 869 346 952 probaretur
373 888 453 931 sana
480 870 588 931 mente
616 871 710 950 pater
731 871 967 932 testamentum
989 792 1119 953 femensi

95 958 201 1022 filium
225 979 264 1020 ex
287 959 483 1020 testamento
508 956 595 1040 patri
617 955 769 1021 heredem
791 977 870 1022 esse.
913 957 976 1022 hoc
993 956 1100 1022 falson.

99 1049 196 1131 puto;
223 1067 299 1109 narn
326 1044 414 1109 filius
438 1044 658 1129 emancipatus
683 1065 756 1109 cum
778 1044 1119 1127 haesitaremus„

97 1137 212 1201 mento
242 1133 352 1198 datam
381 1133 422 1197 ad
446 1154 480 1197 se
503 1133 665 1218 pertinere
686 1133 806 1218 noluit,
833 1135 988 1200 continuo
1010 1154 1044 1199 ea
1061 1124 1119 1221 ud}

101 1224 314 1288 substitutum
351 1221 502 1286 heredem
539 1222 658 1287 transit
688 1243 747 1286 nec
778 1225 889 1306 potest
920 1222 1021 1288 rideri
1045 1226 1119 1305 pro*

98 1311 217 1377 herede
240 1311 390 1394 gessisse,
414 1311 478 1396 qui,
501 1314 538 1374 ut
560 1310 772 1376 hereditatem
791 1310 967 1396 omitteret,
989 1309 1090 1376 exalia

30 1472 32 1476 ,
95 1404 188 1483 parte
229 1399 325 1464 edicti
361 1399 601 1483 possessionem
636 1400 797 1464 bonorum
824 1403 925 1483 petat.
977 1399 1090 1466 Paulus

97 1491 130 1552 et
148 1488 304 1553 Proculus
323 1487 484 1553 Labeonis
509 1489 707 1553 sententiam
729 1488 895 1573 improbat
916 1493 949 1554 et
967 1490 1001 1554 iu
1017 1487 1090 1554 Invo-

99 1578 165 1642 leni
189 1577 352 1642 sententia
374 1580 432 1641 est.

510 1734 560 1800 Dc
583 1736 697 1819 tepetis.

189 1861 219 1925 3.
251 1859 291 1924 D.
311 1861 363 1943 31,
380 1858 434 1942 49,
453 1860 481 1925 3.
529 1859 648 1924 Paulus
681 1859 765 1924 libro
798 1860 913 1945 quinto
940 1861 981 1926 ad
1007 1861 1091 1945 legen

98 1950 215 2015 Iuliam
246 1954 278 2012 et
304 1948 440 2032 Papiam
467 1944 517 2034 (P.
537 1948 627 2034 949).
654 1985 699 1995 -
726 1946 834 2013 Labeo
863 1949 964 2014 refert
990 1966 1092 2034 agrum,

99 2039 190 2105 cuius
219 2036 445 2103 commercium
473 2058 540 2101 non
563 2036 680 2120 habes,
707 2036 811 2122 legari
833 2038 894 2101 tibi
919 2059 1014 2122 posse
1033 2035 1093 2100 rre-

98 2129 224 2194 batium
257 2126 546 2213 respondisse...
597 2125 653 2190 sed
685 2125 842 2191 Proculus
875 2127 938 2205 ait,
982 2127 1009 2191 si
1037 2123 1092 2208 quis

97 2217 248 2283 heredem
283 2237 376 2280 suum
411 2235 485 2279 eum
517 2213 666 2296 fundum,
704 2215 794 2278 cuius
827 2215 1048 2281 commercium
1073 2210 1094 2275 is

97 2309 191 2370 heres
223 2327 290 2369 non
321 2304 455 2385 habeat,
488 2303 563 2366 dare
595 2304 735 2367 iusserat
768 2302 812 2387 ei,
844 2302 901 2388 qui
932 2304 999 2369 eius
1026 2322 1095 2368 con-

99 2395 254 2458 mercium
273 2392 401 2475 habeat,
424 2389 593 2455 heredem1
617 2391 799 2475 obligatum
823 2413 894 2456 esse
994 2388 1097 2475 [vatin

99 2486 204 2566 ipsam
232 2503 314 2563 rem,
342 2481 370 2544 si
397 2479 477 2545 haee
505 2481 538 2546 in
562 2480 657 2545 bonis
681 2481 848 2545 testatoris
871 2481 983 2566 fuerit,
1011 2474 1099 2545 velsi

101 2593 166 2635 non
190 2575 254 2652 est,
276 2569 311 2633 in
336 2569 404 2633 eius
428 2569 713 2649 aestimationem].

188 2661 218 2722 4.
242 2657 281 2722 D.
297 2657 350 2736 33,
365 2658 395 2739 9,
409 2658 484 2741 3pr.
499 2659 541 2738 ἓξ
554 2661 582 2722 1.
593 2659 622 2722 2.
660 2657 822 2742 Ulpianus
838 2658 924 2724 libro
939 2659 1102 2724 vicensimo

103 2747 242 2812 secundo
266 2748 306 2810 ad
331 2745 487 2810 Sabinum
510 2743 558 2831 (P.
573 2742 685 2832 2641).
709 2782 752 2793 -
777 2746 966 2823 ..Quintus
989 2747 1106 2814 Mucius

103 2835 217 2900 scribit
235 2835 319 2900 libro
340 2835 478 2899 secundo
496 2835 576 2899 iuris
591 2836 704 2918 civilis,
723 2856 807 2917 penu
823 2836 935 2920 legata
949 2836 1108 2916 contineri,

103 2946 184 3010 quae
208 2925 277 2988 esui
299 2924 454 3008 potuique
478 2929 562 2987 sunt.
606 2922 691 2988 idem
714 2923 852 2990 Sabinus
877 2925 970 2990 libris
995 2926 1035 2990 ad
1059 2924 1110 2991 vi-

102 3012 231 3077 tellium
260 3012 446 3078 scribit
466 3013 521 3077 sed
549 3011 662 3077 Aristo
689 3015 783 3078 notat
810 3014 909 3079 etiam
939 3012 1020 3100 quac
1047 3012 1111 3080 esui

102 3102 257 3185 potuique
284 3122 350 3165 non
379 3104 456 3165 sunt
484 3101 643 3166 contineri
671 3102 795 3186 legato,
825 3107 864 3167 ut
890 3106 970 3186 puta
999 3127 1050 3188 ea,
1080 3103 1110 3168 in

104 3190 221 3274 quibus
246 3210 315 3254 esse
339 3191 488 3273 solemus,
512 3191 618 3255 oleum
642 3191 734 3274 forte,
757 3212 872 3278 garum
893 3193 1034 3257 muriam
1053 3192 1112 3257 mel

104 3283 273 3362 ceteraque
291 3279 343 3342 his
364 3279 489 3343 similia.
531 3279 627 3364 plane
646 3277 758 3364 inquit,
781 3280 810 3343 si
828 3302 930 3365 penus
950 3283 1113 3348 esculenta

102 3368 243 3453 legetur,
275 3366 382 3432 Labeo
414 3367 499 3433 libro
531 3389 617 3432 nono
645 3368 862 3453 posteriorum
892 3370 1007 3435 scribit
1033 3370 1112 3436 nihil

176 3548 189 3595 1
210 3540 258 3596 Fl.
277 3542 359 3611 putat
377 3541 516 3598 heredem.
