2430 3944
99 185 163 250 160
181 185 228 241 lll.
245 183 321 240 GAII
332 181 777 240 CLAUDIINERON.GALBAE
787 181 1089 240 numemculatoris

100 349 174 432 sint,
192 347 287 413 hodie
307 348 398 429 alter,
416 346 499 412 alter
517 350 649 431 postera
663 345 713 411 die
728 345 940 430 responderit,
957 345 1089 413 Procula

95 458 161 500 non
189 457 259 501 esse
288 435 368 500 duos
391 454 464 500 reos
488 457 525 500 ac
547 435 793 520 ne,obligatum
816 434 946 519 quidem
967 435 1089 539 intelleg

99 546 187 607 eum,
210 525 266 608 qui
289 528 420 608 postera
442 523 493 588 die
516 522 753 608 responderatL
775 545 848 589 cum
872 527 964 590 actor
985 525 1025 589 ad
1045 523 1089 589 alr

96 614 227 697 negotia
260 613 442 678 discesserit
473 614 525 677 vel
552 613 743 696 promissor,
776 612 853 678 licet
880 612 1019 698 peractis
1043 608 1089 677 illl

95 702 191 766 rebus
214 702 438 786 responderit)

184 812 285 872 Eisele
309 812 340 871 Z.
355 811 382 873 d.
398 812 532 873 San-St.
547 811 634 890 XIII,
652 813 727 870 149.

92 955 94 958 -
188 914 240 979 87.
264 914 302 978 D.
312 913 365 991 45,
378 915 445 998 1,8.
487 912 607 978 Paulus
631 913 715 977 libro
738 912 878 978 secundo
898 913 940 978 ad
958 911 1089 981 Sabinu

98 999 149 1089 (P.
161 999 270 1090 1625).
292 1001 390 1066 -In
412 1002 470 1066 illa
493 1001 715 1085 stipulatione:
741 998 782 1065 ‘si
801 1001 949 1066 kalendis
970 1000 1089 1068 Stichuu

96 1113 162 1156 non
192 1091 329 1174 dederis,
362 1091 471 1155 decem
499 1091 575 1155 dare
603 1089 777 1173 spondes‘l'
827 1093 956 1156 mortuo
983 1090 1089 1157 homin

99 1181 274 1265 quaeritur,
294 1202 334 1244 an
354 1178 470 1243 statim*
486 1183 560 1244 ante
579 1177 734 1243 kalendas
754 1178 809 1264 agi
823 1179 938 1262 possit.
975 1177 1089 1245 Sabinu

97 1269 253 1333 Proculus
278 1267 527 1352 exspectandum
553 1267 637 1332 diem
662 1267 764 1332 actori
786 1270 913 1351 putant.

187 1358 239 1422 88.
268 1356 552 1441 D.45,1,112,1.
597 1355 686 1420 Idem
715 1352 773 1442 (sc.
792 1354 1006 1444 Pomponius)
1028 1356 1089 1421 librr

97 1446 212 1530 quinto
244 1445 368 1509 decimo
397 1444 438 1509 ad
466 1442 621 1520 Quintum
648 1443 791 1510 Mucium
819 1441 870 1531 (P.
889 1442 980 1532 271).
1011 1440 1089 1509 -SJ

99 1552 170 1636 quis
198 1553 246 1615 ita
274 1551 448 1636 stipulatus
476 1550 587 1615 fuerit:
616 1550 687 1634 tpro
714 1535 820 1616 HS&
848 1552 928 1616 satis
956 1546 1089 1617 dubisl'8

98 1640 255 1704 Proculus
275 1639 321 1704 ait
340 1662 467 1724 semper
484 1639 519 1703 in
533 1639 756 1704 satisdationis
772 1639 983 1722 stipulatione
996 1638 1089 1722 venire¹

99 1728 184 1813 quod
210 1729 382 1793 interesset
405 1728 602 1813 stipulantis,
630 1731 666 1791 ut
690 1728 771 1792 alias
795 1731 866 1792 tota
890 1750 962 1794 sors
985 1729 1089 1809 inesset

97 1817 199 1882 veluti
227 1817 254 1881 si
282 1816 417 1901 idoneus
444 1817 623 1901 promissor
649 1828 725 1881 non‘
744 1817 799 1899 sit,
826 1817 912 1880 alias·
936 1816 1089 1901 minus,si

92 1906 132 1969 'in
161 1905 282 1990 aliquid
309 1905 442 1970 idoneus
471 1910 555 1971 esset
583 1904 722 1988 debitor,
754 1905 835 1970 alias
863 1905 960 1991 nihil,
990 1906 1017 1970 si
1041 1910 1089 1971 tull

97 1995 242 2079 locuples
271 2000 369 2079 esset,
396 1997 433 2057 ut
457 1998 569 2059 nostra
592 2016 658 2059 non
680 1994 809 2058 intersit
831 1995 912 2058 satis
935 1995 976 2059 ab
1000 2016 1035 2060 eo
1055 2014 1089 2060 ac

98 2083 218 2169 cipere,
236 2083 301 2147 nisi
319 2083 404 2168 quod
424 2083 611 2167 plerumque
629 2083 739 2147 idonci
754 2087 902 2147 nontam
917 2080 1089 2168 patrimonio

98 2195 194 2257 quam
217 2171 280 2236 fide
304 2193 430 2257 quoque
454 2172 711 2235 aestimarentur.
894 2172 897 2179 “

92 2264 93 2268 ’
186 2262 237 2325 89.
271 2260 309 2327 Ι).
328 2260 381 2339 45,
397 2264 426 2345 1,
441 2260 503 2326 138
514 2282 561 2344 pr.
611 2259 701 2324 Idem
729 2256 787 2346 (sc.
807 2258 1000 2349 Venuleius)
1026 2260 1089 2325 libro

97 2352 211 2435 quarto
237 2347 489 2432 Stipulationum
517 2346 567 2434 (P.
587 2345 655 2435 60).
680 2385 718 2395 -
743 2349 845 2435 Elum,
870 2351 926 2434 qui
954 2355 1089 2415 certarum

96 2437 313 2502 nundinarum
346 2437 456 2502 diebus
490 2437 560 2502 dari
591 2438 778 2521 stipuletur,
810 2436 915 2521 primo
943 2433 1089 2524 <tantum)

97 2526 146 2589 die
166 2530 275 2610 petere
296 2547 390 2609 posse
411 2525 550 2591 Sabinus
570 2525 623 2591 ait.
656 2525 813 2591 Proculus
832 2531 941 2592 autem
962 2532 994 2593 et
1011 2522 1090 2592 ceteri

97 2614 243 2678 diversae
262 2615 390 2679 scholae
406 2620 563 2692 auctores,
582 2614 735 2700 quamdiu
749 2615 800 2680 vel
815 2615 970 2701 exiguum
984 2620 1089 2698 tempus

97 2725 137 2766 ex
154 2702 371 2767 nundinarum
392 2704 496 2787 spatio
517 2707 707 2788 superesset,
725 2702 794 2787 peti
808 2725 904 2788 posse
920 2702 1089 2771 existimant

186 2791 237 2855 90.
262 2791 300 2858 D.
309 2792 362 2874 46,
373 2793 403 2876 3,
415 2793 467 2874 93,
477 2793 506 2856 3.
549 2790 703 2857 Scaevola
726 2792 809 2856 libro
834 2793 994 2878 singulari
1011 2791 1089 2869 Quae

97 2879 239 2944 stionum
266 2880 393 2964 publico
420 2883 635 2945 tractatarum
660 2878 710 2968 (P.
727 2878 813 2966 193).
838 2917 880 2928 -
905 2881 955 2968 (Si
980 2880 1037 2946 duo
1055 2873 1089 2942 rei

97 2969 164 3032 sint
197 2969 407 3052 promittendi
440 2974 473 3033 et
505 2969 588 3034 alter
620 2969 758 3034 alterum
790 2969 943 3035 heredem
975 2965 1089 3054 scripsit,

98 3056 305 3122 confunditur
323 3058 489 3142 obligatio.
527 3059 581 3122 sed
597 3059 624 3122 si
639 3080 712 3123 reus
728 3057 878 3123 heredem
893 3058 1089 3125 fideiussorem

98 3145 276 3230 scripserit,
308 3146 515 3211 confunditur
545 3143 727 3233 obligatio.)
778 3146 854 3230 quid
884 3198 950 3233 ...,
982 3149 1007 3213 si
1031 3143 1089 3210 fido

97 3232 204 3299 iussor
224 3255 312 3297 reum
331 3235 481 3299 heredem
501 3235 687 3319 scripserit?
725 3236 938 3302 confundetur
954 3229 1089 3320 obligatio

97 3322 270 3387 secundum
295 3323 407 3387 Sabini
431 3327 634 3405 sententiam,
659 3325 736 3390 licet
754 3323 909 3391 Proculus
933 3322 1089 3391 dissentiat

170 3487 184 3533 1
207 3479 280 3534 nto.
300 3481 410 3533 centum
430 3481 528 3535 aurcis.

168 3557 184 3596 ἢ
206 3551 279 3607 Tris.
300 3550 397 3606 dabis?
425 3557 549 3606 atreum
568 3550 676 3607 dederis
694 3549 724 3605 in
742 3551 826 3607 istem
846 3569 990 3611 summam.
