2430 3944
134 197 200 262 364
236 196 269 253 V.
288 195 440 251 NERVAE
460 195 506 250 ET
524 194 676 250 TRAIANI
694 194 802 251 TEMP.
820 195 917 250 IURIS
939 193 1122 250 CONSULTI

136 370 187 444 11,
199 369 237 426 11
259 366 291 425 P
305 360 416 446 1597),
434 365 560 424 LXXXI
579 357 630 446 (D
639 355 951 446 39228Ρ1755)
987 363 1157 440 Ulpianum

130 475 221 534 porro
252 455 400 533 quaedam
428 473 464 514 ex
490 455 648 530 Pomponii
675 454 762 514 libris
790 453 828 512 ad
856 453 988 513 edictum
1015 454 1155 514 hausisse

120 547 314 623 ¹apparet:v
294 563 382 605 v..ex
397 562 440 622 gr.
452 545 472 602 1.
481 543 525 603 XI
543 536 632 624 (D,
603 545 623 602 4
643 546 673 621 4,
685 544 765 617 16,2
790 535 1036 619 Pomponius.
1060 544 1156 602 refert

131 634 209 693 libro
240 633 400 692 vicensimo
429 634 590 694 octavo..
606 632 810 691 ‚Aristonem
838 623 999 712 putasse'),
1021 631 1041 690 1.
1057 631 1156 691 LXXI

130 715 183 803 (D.
194 725 246 794 39,
257 723 286 800 5,
300 723 339 782 18
359 714 476 780 Aristo
499 721 574 782 ait.
586 724 667 782 1..3
689 721 735 780 131
752 720 936 796 Pomponius
960 739 1029 778 enm
1052 721 1156 780 existi-

131 830 214 870 mare
237 812 360 870 refert.
376 809 559 888 ..denique
581 811 676 870 refert
698 809 872 870 Aristonem
896 800 1041 890 putare').

221 898 387 976 Ulpianum
405 898 594 976 Paulumque
612 898 765 958 Aristonis
786 899 950 958 sententias
975 897 1155 975 saepissime

129 989 261 1065 probare
281 988 389 1048 docent
407 1005 484 1065 quae
503 986 584 1064 apud
597 991 761 1064 utrumque
775 988 929 1064 leguntur,
944 986 1058 1046 scilicet
1072 987 1156 1063 apud

131 1077 296 1154 Ulpianum
310 1076 396 1136 haec:
413 1070 580 1153 ‘eleganter
589 1076 693 1136 Aristo
710 1120 734 1137 ..
749 1069 917 1152 respondit'
932 1076 968 1136 D.
980 1078 1009 1153 2,
1022 1077 1072 1153 14,
1085 1079 1114 1154 7,
1125 1078 1156 1138 2.

131 1158 247 1226 ‘Aristo
276 1208 308 1225 ..
337 1164 442 1224 scribit
546 1165 625 1242 quod
653 1183 724 1224 sane
752 1183 859 1224 verum
887 1158 944 1224 est'
973 1165 1008 1224 D.
1029 1166 1081 1237 43,
1103 1167 1157 1243 24,

134 1258 252 1333 11,11.
290 1248 484 1330 ‘Pomponius
581 1254 633 1329 ait,
656 1254 831 1314 Aristonem
855 1299 879 1314 ..
904 1253 1057 1327 adnotare,
1080 1255 1155 1314 haec

130 1362 204 1404 vera
227 1360 299 1403 esse.
338 1345 369 1402 et
387 1351 458 1401 sunt
476 1337 560 1402 vera'
581 1342 649 1401 Vat.
662 1344 713 1403 88.
752 1336 868 1402 ‘Aristo
888 1341 1056 1402 scribit
1077 1361 1157 1420 quae

132 1433 284 1492 sententia
310 1430 470 1508 benignior
497 1425 553 1490 est’
583 1430 618 1491 D.
640 1436 669 1508 7,
688 1434 718 1508 8,
740 1433 790 1505 14,
812 1433 840 1491 1,
887 1424 1002 1490 ‘Aristo
1032 1476 1065 1489 ..
1095 1450 1156 1491 ιιοιι

130 1522 209 1580 male
237 1514 342 1579 adicit'
373 1519 410 1580 D.
431 1521 482 1597 39,
501 1523 531 1595 2,
551 1521 602 1580 28.
645 1520 726 1596 apud
754 1519 885 1579 Paulum
917 1521 1003 1579 haec:
1036 1512 1155 1580 ‘Aristo

150 1612 280 1669 ..recte
303 1602 405 1686 putat'
428 1608 528 1682 D25,
540 1610 569 1685 2,
580 1612 609 1681 3,
621 1611 648 1669 5.
686 1602 802 1668 ‘Aristo
822 1608 1007 1668 aveterum
1015 1607 1157 1684 opinione

131 1697 291 1757 recessit.
312 1697 464 1775 ..idque
491 1697 628 1756 Iulianus
655 1701 738 1756 recte
766 1691 886 1773 probat'
914 1696 951 1756 D.
968 1699 1018 1774 35,
1034 1700 1063 1771 2,
1081 1701 1110 1776 1,
1127 1700 1156 1766 9,

131 1781 285 1846 Aristonis
299 1786 482 1846 sententiam
495 1785 688 1862 reprobatam
703 1804 769 1846 esse
785 1785 932 1862 Ulpianus
952 1785 1045 1844 semel
1057 1744 1157 1846 tradit

132 1875 169 1937 D.
190 1878 243 1948 40,
262 1877 291 1953 4,
312 1877 331 1934 2
356 1869 471 1934 ‘Aristo
500 1875 545 1934 ait
595 1865 726 1935 ..mili
749 1873 871 1935 ridetur
898 1892 986 1951 posse
1016 1871 1133 1935 dici..

131 1983 189 2040 quo
217 1965 283 2023 iure
310 1958 447 2038 utimur',
474 1965 548 2023 item
572 1922 690 2023 Paulus
724 1963 761 2023 D.
781 1965 834 2040 45,
855 1965 884 2041 1,
902 1959 954 2040 83,
975 1965 1007 2021 1:
1036 1957 1156 2023 ‘Aristo

134 2053 334 2128 existimavit,
358 2052 410 2111 sed
434 2097 463 2113 ..
487 2052 583 2130 magis
608 2055 654 2111 est
675 2047 733 2111 ut’

220 2142 365 2218 Denique,
385 2144 419 2200 ut
433 2140 509 2199 alios
524 2142 671 2216 omittam,
689 2140 862 2200 Marcianus
875 2140 908 2198 in
922 2140 1157 2200 Institutionum

132 2231 218 2290 libris
241 2229 394 2290 Aristonis
417 2229 582 2289 sententias
607 2229 713 2289 attulit
737 2220 772 2309 (l.
789 2228 833 2286 VI
855 2229 890 2287 D.
907 2230 957 2301 30,
975 2231 1015 2289 88
1036 2230 1069 2289 P.
1083 2232 1156 2303 104,

131 2319 151 2378 1.
175 2318 235 2378 VH
257 2318 295 2379 D.
319 2319 375 2391 33,
401 2321 433 2389 7,
459 2320 514 2395 17,
541 2321 557 2377 1
587 2317 619 2376 P.
647 2312 739 2397 123),
777 2318 926 2394 aliamque
961 2317 1010 2376 ius
1049 2319 1156 2379 fecisse

130 2407 395 2571 {idetgrg'gadere
419 2399 609 2486 (secundum
632 2405 785 2466 Aristonis
816 2406 997 2466 sententiam
1024 2402 1156 2467 constat’

165 2498 206 2556 ,3
233 2542 239 2567 ,
314 2541 320 2553 .

521 2637 545 2696 Ι.
577 2636 770 2713 Responsa.

222 2759 338 2831 Quibus
365 2760 590 2820 consulentibus
618 2778 762 2836 responsa
787 2759 890 2819 Aristo
920 2759 1051 2838 dederit,
1080 2781 1154 2822 non·

132 2868 288 2927 nunquam
313 2850 345 2908 in
366 2848 530 2910 Iustiniani
552 2848 686 2927 Digestis
713 2849 860 2909 traditum
889 2853 947 2908 est:
979 2849 1066 2910 (ielso
1093 2852 1156 2910 filio

133 2932 183 3021 (D.
204 2941 233 3010 2,
255 2940 304 3014 14,
325 2941 358 3014 7,
386 2939 438 3013 40,
457 2941 485 3010 7,
502 2932 616 3015 29,1),
642 2938 767 2997 Neratio
795 2937 897 2997 Prisco
927 2932 979 3018 (D.
994 2941 1046 3007 20,
1064 2942 1094 3018 3,
1111 2932 1155 3020 3),

133 3027 262 3087 Cerellio
278 3027 374 3086 Vitali
387 3019 436 3109 (D.
449 3029 478 3102 8,
490 3029 518 3101 5,
530 3029 558 3102 8,
570 3020 613 3108 5),
628 3026 754 3086 Neratio
769 3026 907 3103 Appiano
918 3023 968 3106 (D.
980 3029 1032 3101 40,
1045 3031 1074 3108 6,
1085 3027 1155 3109 43),

133 3116 262 3175 Traiano
286 3116 413 3192 principi
437 3107 612 3197 (1).37,12,
624 3107 669 3195 5).
704 3115 781 3174 illud
804 3117 963 3191 praeterea
984 3117 1151 3177 verisimile

133 3208 180 3266 est
209 3205 309 3281 ipsum
336 3223 481 3281 responsa
505 3221 600 3280 neque
624 3204 781 3280 collegisse
808 3223 905 3281 neque
929 3202 1071 3284 edidisse,
1101 3207 1154 3266 sed

132 3294 291 3354 Neratium
323 3293 485 3371 praecipua
521 3292 667 3369 quaedam
700 3293 851 3352 Aristonis
886 3311 1031 3368 responsa
1059 3294 1155 3354 Mem·

133 3383 296 3442 branarum
323 3381 408 3440 libris
436 3380 626 3458 proposuisse
653 3373 703 3461 (D.
726 3383 776 3458 18,
797 3383 825 3458 3,
846 3382 879 3457 53
911 3384 1009 3460 13,1,
1034 3386 1084 3458 12,
1106 3377 1154 3463 2),

134 3472 243 3549 quibus
275 3469 457 3545 Pomponius
489 3469 520 3528 in
553 3470 645 3529 variis
675 3471 774 3548 libris,
802 3470 916 3529 scilicet
940 3472 978 3529 ad
1010 3471 1155 3531 Sabinum

134 3555 186 3641 (o.
203 3561 297 3638 111,
318 3561 374 3634 623
398 3561 449 3634 41,
466 3561 493 3633 3,
511 3549 576 3639 ra),
600 3558 637 3617 aa
659 3558 693 3628 o.
711 3559 844 3618 Mucium
863 3550 913 3640 (D.
930 3561 981 3634 40,
998 3562 1027 3637 1,
1043 3564 1094 3639 29,
1112 3553 1154 3641 1),
