2430 3944
96 181 162 246 276
199 179 233 237 V.
250 177 402 234 NERVAE
421 178 469 232 ΕΤ
488 177 641 232 unumnl
658 175 766 232 ΤΕΜΡ.
784 175 880 231 muts
899 173 1010 230 001181

182 347 317 408 Iulianus
329 347 422 407 verbo
436 339 577 406 ‘constat'
592 344 765 420 saepissime
777 362 851 404 usus
866 347 921 403 est.
944 343 1010 403 ese

96 440 167 499 282.
184 439 257 498 355.
273 438 346 497 397.
361 437 435 495 465.
450 437 524 495 478.
541 437 614 494 492.
630 437 704 493 551.

460 613 507 672 De
529 612 621 686 feudo
644 613 744 686 leuato

185 733 228 800 3?
256 731 295 797 D.
310 731 363 814 35,
378 733 407 814 1,
421 731 474 795 30.
519 730 610 795 Idem
637 728 694 817 (sc.
707 727 870 817 Iulianus)
895 729 980 795 libro
1004 752 1010 812 ]

96 843 136 888 ex
153 818 288 887 Minicio
308 818 358 907 (P.
368 817 459 905 848).
477 854 522 866 —
539 816 574 884 si
594 820 768 904 separatim
786 818 867 883 mihi
885 821 974 883 totus
994 818 1010 881 1

95 931 185 995 pure,
208 909 271 975 tibi
295 908 355 975 sub
379 907 567 974 condicione
589 908 670 993 <per
692 907 962 990 vindicationem>
983 908 1010 971 le

95 998 196 1065 fuerit
229 1002 262 1063 st
293 1001 330 1063 tu
359 996 546 1080 decesseris,
579 1001 754 1081 antequam
783 996 928 1061 condicio
957 1001 1010 1060 ext

95 1111 156 1155 non
175 1092 293 1153 habebo
311 1091 521 1152 necessitatem
540 1090 666 1168 implere
685 1090 894 1167 condicionem,
913 1093 1010 1166 utpote

96 1180 216 1242 etiamsi
243 1179 377 1241 condicio
403 1179 559 1257 defecerit,
591 1198 661 1256 pars
686 1198 776 1256 quam
805 1179 1010 1240 uindicaturus

95 1269 171 1330 mihi
193 1269 355 1330 adcrescat.

466 1373 513 1435 De
535 1392 617 1435 seruo
640 1376 738 1450 leonte.

187 1493 231 1559 47
261 1492 299 1559 D.
315 1494 367 1573 33,
380 1492 411 1576 5,
428 1494 478 1559 12.
522 1492 611 1558 Idem
635 1492 688 1578 (so.
712 1491 871 1579 Iulianus)
900 1494 983 1558 libro
1007 1516 1010 1578 j

97 1605 136 1648 ex
153 1581 286 1648 Minicio
306 1579 355 1668 (P.
371 1579 462 1669 847).
480 1618 522 1629 -
542 1579 641 1647 Servo
664 1582 858 1668 generaliter
881 1584 989 1667 legato

97 1679 145 1737 est
168 1694 270 1737 omnes
294 1675 432 1754 heredes,
461 1676 486 1735 si
510 1675 552 1736 eis
577 1676 684 1736 electio
707 1675 778 1735 date
801 1679 859 1750 est,
889 1675 1010 1736 eundem

97 1764 216 1841 debere3
252 1764 277 1824 si
309 1783 370 1826 nou
399 1765 590 1825 consentiant
619 1766 756 1840 heredes,
789 1784 825 1824 ex
851 1769 1010 1825 testament

96 1853 201 1915 teneri.

442 1960 490 2019 De
512 1961 639 2019 tabernis
662 1961 770 2034 leuatis.

186 2078 216 2144 5.
245 2077 285 2143 Ι).
303 2078 355 2161 33,
370 2078 399 2158 3,
417 2079 444 2142 1.
494 2077 640 2144 Iulianus
668 2079 752 2145 libro
781 2080 885 2162 primo
914 2101 952 2143 ex
981 2078 1010 2142 M

98 2166 146 2254 (P.
166 2165 256 2253 845).
284 2202 329 2214 -
358 2166 420 2243 Qui
452 2166 532 2232 dues
565 2169 718 2234 tabernas
747 2169 934 2233 coniunctas
962 2168 1010 2232 ha'

98 2277 151 2322 eas
181 2255 327 2341 singulas
355 2254 480 2320 duobus
508 2257 639 2342 legavit.
687 2257 870 2342 quaesitum
897 2261 961 2340 est,
986 2257 1010 2322 si

98 2366 136 2408 ex
161 2345 326 2428 superiore
344 2343 480 2409 taberna
498 2345 531 2408 in
551 2345 737 2410 inferiorem
756 2345 997 2410 inaedificatum

97 2454 175 2497 num
194 2431 328 2498 inferior
351 2433 440 2497 oneri
458 2431 594 2498 ferundo
613 2434 647 2498 in
675 2434 849 2518 superioris
869 2433 1010 2498 taberna«

100 2519 327 2586 contineretur.
364 2521 530 2605 respondit
549 2524 738 2587 servitutem
755 2523 943 2606 impositam
960 2524 1010 2587 vid

185 2614 284 2674 Locus
312 2616 471 2690 corruptus
498 2612 627 2676 forta'sse
656 2617 697 2676 sic
726 2617 879 2676 emendari
910 2635 997 2692 posse

100 2721 172 2762 num
195 2702 318 2763 inferior
341 2703 425 2763 oneri
448 2703 574 2764 ferundo
600 2702 657 2781 [in]
682 2705 844 2781 superioris
867 2704 1009 2765 tabernae

98 2783 179 2870 com]
202 2793 361 2850 teneretur.

189 2877 362 2956 Sequuntur
383 2880 467 2940 haec:
492 2872 639 2941 ‘Iulianus
660 2885 759 2941 notat:
783 2882 938 2941 videamus

467 3057 515 3118 De
537 3060 628 3133 leuato
650 3061 744 3119 debiti.

188 3174 231 3240 6?
255 3174 293 3242 D.
310 3176 361 3255 30,
378 3177 449 3242 105.
483 3176 572 3241 Idem
592 3175 649 3264 (sc.
666 3175 827 3263 Iulianus)
845 3178 929 3241 libro
949 3179 1010 3261 prir

98 3261 232 3328 Minicio
261 3261 311 3350 (P.
326 3264 414 3351 846).
441 3301 479 3311 -
505 3264 666 3351 Legatum
693 3268 740 3330 ita
766 3272 849 3330 erat:
877 3266 972 3351 ‘quae
995 3267 1011 3331 I

99 3350 207 3416 Titius
222 3352 304 3417 mihi
318 3353 421 3436 debet,
439 3375 477 3418 ea
490 3353 584 3419 heres
598 3377 687 3419 meus
703 3352 870 3419 Cornelius
886 3355 963 3419 dare
978 3356 1010 3420 de

99 3437 190 3505 esto’.
231 3440 313 3505 nihil
332 3443 471 3525 amplius
491 3466 530 3507 ex
548 3443 610 3507 hoc
629 3444 737 3529 legato
757 3466 854 3527 quam
874 3446 1010 3510 actiones

99 3528 193 3593 heres
215 3533 380 3614 praestare
404 3531 507 3596 debet
