2430 3944
94 187 163 253 444
198 187 232 242 V.
250 185 401 241 NERVAE
420 185 466 240 ET
484 184 636 241 TRAIANI
654 185 762 241 TEMP.
779 185 877 241 IURIS
895 183 1074 241 consumi

95 371 191 454 caasa
217 370 439 433 sriperooouam
465 355 521 436 est,
546 351 622 432 quia
651 350 747 416 attero
772 354 894 416 anctore
920 369 991 414 enm
1018 350 1108 415 atino

96 461 150 523 affl
166 444 300 595 p22esD
315 528 367 611 34,
381 527 412 607 5,
425 527 478 592 22.
514 525 687 592 Iavolenus
706 527 790 591 libro
805 528 918 612 quinto
934 548 974 591 ex
988 525 1107 593 Cassio.

97 653 140 664 -
168 615 246 683 Cum
274 617 479 701 praerepto
506 621 604 680 mater
630 615 797 700 naufropio
814 617 919 698 periit.
974 636 1045 681 eam
1067 636 1110 681 es·

81 704 216 789 plorare
242 726 305 771 non
327 707 439 788 possit,
466 709 534 771 uter
555 706 647 807 prior
674 707 802 770 eastinot
801 724 839 770 us
863 706 918 785 sit,
944 704 1115 771 numento

96 799 142 860 est
162 796 282 861 medere
302 794 405 878 fitium
427 795 544 860 diutius
565 795 684 859 vixisse.

515 1029 623 1090 Liber
645 1029 698 1091 VI.

188 1153 253 1213 Hoo
279 1152 358 1212 libro
381 1154 418 1212 de
440 1153 533 1212 alieni
554 1155 629 1214 iuris
652 1153 788 1231 personis
810 1154 972 1214 Iavolenus
996 1154 1113 1213 videtur

98 1242 204 1321 egisse.
252 1241 327 1301 dixit
354 1245 435 1302 certe
463 1247 494 1301 et
517 1244 554 1302 de
576 1243 676 1319 patria
697 1246 848 1320 potestate
872 1246 903 1303 et
926 1243 964 1302 de
987 1241 1112 1319 libertis,

97 1331 143 1391 ita
180 1333 217 1390 ut
248 1330 514 1390 manumissionum
546 1351 658 1410 genera
691 1333 854 1408 explicaret
886 1335 917 1392 et
948 1331 986 1391 de
1019 1330 1117 1408 operis

98 1419 278 1479 libertorum
304 1419 398 1480 verba
424 1419 546 1480 faceret.
592 1420 628 1481 D.
649 1423 677 1494 2,
699 1423 727 1498 1,
749 1423 782 1496 2,
809 1420 890 1496 quod
912 1421 1113 1498 fragmentum

99 1507 193 1567 Lenel
216 1507 387 1583 suspicatur
409 1509 447 1566 ad
471 1512 562 1585 eaput
582 1509 728 1569 decanea
746 1509 937 1569 manumissis
956 1511 1113 1586 pertinere,

99 1596 200 1672 potins
241 1594 281 1655 ad
320 1596 453 1656 vindicta
493 1598 693 1659 manumissos
733 1599 923 1658 referendum
965 1602 1021 1660 est.
1081 1596 1113 1656 de

99 1684 198 1744 iustae
230 1688 261 1744 et
292 1685 446 1761 legitimae
478 1686 720 1746 manumissionis
753 1686 913 1762 generibus
940 1686 1113 1748 Iauolenum

100 1773 203 1833 eodem
228 1773 339 1850 ordine,
363 1792 421 1850 qno
444 1773 854 1851 GaiumInst.1‚17.l38
879 1768 1042 1857 (vindicta
1065 1777 1114 1836 aut

100 1880 190 1923 censu
213 1867 268 1922 aut
290 1856 511 1945 testamento'),
536 1863 659 1942 dixisse,
681 1865 754 1924 lieet
776 1864 956 1925 existimare.

341 2052 391 2119 De
412 2052 461 2117 ns
483 2054 538 2134 qni
560 2054 657 2118 alieni
679 2055 760 2120 ineis
782 2054 877 2119 sunt?

444 2183 491 2241 De
508 2185 612 2256 patrio
630 2188 777 2257 potestate.

139 2340 149 2361 .
190 2301 241 2366 23.
270 2299 308 2366 D.
326 2302 354 2383 1,
371 2303 399 2384 7,
416 2301 465 2366 16.
511 2299 682 2366 Iavolenus
706 2303 791 2366 libro
815 2307 906 2367 sexto
931 2325 970 2368 ex
994 2290 1118 2370 Cassio.¹

100 2390 297 2471 —Adoptio
319 2391 402 2454 enim
424 2391 459 2454 in
481 2389 530 2455 ns
548 2392 690 2473 personis
713 2392 811 2456 Ionam
833 2390 930 2470 habet,
953 2394 989 2457 in
1008 2392 1115 2474 quitos

101 2480 196 2544 etiam
218 2483 335 2543 potino
350 2482 450 2561 potest
471 2477 586 2544 mnae.

390 2672 441 2738 Do
462 2675 599 2738 vindicta
621 2677 829 2741 manumissis.

193 2789 244 2852 24.
274 2788 313 2853 D.
332 2790 362 2873 2,
384 2791 411 2871 1,
430 2789 459 2853 2.
504 2788 676 2855 Iavolenus
704 2790 787 2854 libro
816 2795 907 2854 sexto
932 2812 972 2854 ex
996 2788 1115 2855 Cassio.

102 2914 147 2923 —
173 2874 232 2942 Oui·
259 2878 431 2942 iurisdictio
453 2879 529 2942 doto
550 2883 606 2959 est,
633 2899 670 2942 eo
692 2900 807 2960 quoque
829 2899 970 2944 consessa
992 2900 1055 2945 esse
1076 2880 1115 2944 oi-

103 2968 222 3050 dentur,
244 2967 312 3031 sine
334 2967 444 3048 quitos
466 2967 637 3032 iurisdictio
660 2968 810 3049 explicari
832 2989 895 3032 non
913 2970 1025 3050 potuit.

414 3159 464 3225 De
486 3181 576 3226 censo
596 3164 806 3228 manumissis.

193 3275 245 3341 25.
263 3275 302 3340 D.
314 3275 366 3358 50,
383 3275 433 3359 16,
450 3275 522 3341 111.
553 3274 723 3341 Iavolenus
738 3278 820 3341 libro
836 3281 926 3343 sexto
942 3299 982 3342 ex
995 3278 1112 3345 Cassio.

102 3402 147 3412 —
171 3361 323 3430 ‘Censoe'
353 3368 398 3429 est
426 3365 604 3429 constituere
634 3371 663 3430 et
682 3367 867 3448 praecipere.
917 3369 999 3432 ande
1025 3369 1113 3433 etiam

103 3455 200 3519 disere
226 3454 356 3519 solemus
384 3451 497 3517 ‘censeo
521 3453 575 3517 too
594 3453 708 3534 faotas'
730 3461 760 3520 et
782 3453 886 3519 ‘semet
906 3456 1031 3538 aliquid
1051 3476 1113 3521 eert-

101 3541 220 3608 sus‘sse’.
265 3543 337 3607 inde
359 3543 491 3607 censoris
512 3563 623 3607 nomen
645 3545 766 3609 videtur
787 3565 849 3610 esse
871 3549 1011 3611 onam.
