2430 3944
146 168 188 230 28
217 167 264 222 11.
280 165 356 220 sarr
371 164 519 221 ananau
533 164 669 221 aaron,
680 163 943 223 1111111111.
952 166 1050 223 rasis
1061 167 1164 225 cons.
1206 167 1209 255 j

236 331 265 395 3.
288 329 328 393 D.
341 329 396 411 42,
411 329 440 408 8,
457 331 508 393 11.
549 325 727 393 Venuleius
751 326 944 394 Saturninus
966 329 1052 395 libro
1073 335 1166 398 sexto

144 418 397 483 Interdictorum
421 414 475 502 (D.
491 412 557 502 29).
576 454 620 463 -
640 415 773 482 Cassius
797 418 959 483 actionem
982 419 1168 491 introduxit
1206 453 1209 483 ;

144 508 178 573 11
203 507 236 571 id
260 507 345 590 quod
370 506 409 570 ad
432 506 583 570 heredem
606 507 763 590 pervenit.
1207 505 1209 532 ¹

234 626 348 704 Agitur
367 626 403 684 de
421 626 459 684 iis
479 644 556 703 quae
574 626 607 684 in
624 626 763 685 fraudem
782 627 962 687 creditorum
982 628 1165 691 factasunt.

144 716 239 775 Lenel
252 716 350 774 Edict.
369 735 397 790 p.
414 717 477 774 399
497 735 526 773 1.
542 717 560 773 1
577 715 633 773 ait:
658 709 777 774 ζ111111.
792 716 856 775 will
869 716 951 776 wohl
963 715 1049 776 nicht
1063 736 1165 795 sagon,
1203 714 1209 785 ,i

145 805 212 863 dass
228 803 350 864 Cassius
365 803 455 880 diese,
472 803 600 862 sondern
614 803 680 862 dass
694 823 726 862 er
740 803 911 881 uberhaupt
930 805 988 864 die
1006 806 1163 866 Bereiche·
1206 798 1209 881 ξ

143 893 329 971 rungsklage
344 911 400 954 aus
413 892 552 951 Delicten
566 893 710 952 adversus
724 893 865 952 heredem
879 894 1053 972 eingefflhrt
1066 889 1165 955 babe'.
1206 900 1209 977 f

236 1013 266 1077 4.
295 1010 334 1078 D.
349 1012 403 1094 44,
418 1009 450 1094 4,
463 1012 496 1096 4,
509 1010 562 1075 33.
607 1010 767 1094 Ulpianus
790 1011 875 1077 libro
899 1014 1165 1099 septuagensimo
1204 1040 1209 1066 =

146 1103 239 1165 sexto
269 1100 308 1163 ad
338 1101 479 1164 edietum
509 1096 693 1186 (11681).
722 1136 762 1146 -
792 1099 899 1164 Metus
928 1123 1026 1166 causa
1054 1123 1164 1187 excep-

144 1190 269 1253 tionem
297 1187 430 1254 Cassius
463 1210 529 1252 non
561 1191 777 1273 proposuerat
810 1194 985 1255 contentus
1018 1190 1085 1256 doli
1115 1212 1166 1257 ex·

146 1277 311 1362 ceptione,
335 1298 418 1361 quae
441 1280 492 1342 est
515 1277 686 1361 generalis.

234 1397 383 1474 Ulpianus
402 1397 499 1457 addit:
524 1391 587 1456 ‘ssd
607 1397 714 1456 utilius
731 1397 830 1456 visum
849 1402 895 1457 est
914 1398 1006 1457 etiam
1026 1398 1063 1458 de
1082 1403 1165 1459 metu

145 1505 296 1562 opponere
312 1480 538 1561 exceptionem'.
568 1487 605 1544 de
618 1486 743 1561 Ulpiani
757 1487 915 1559 sententia,
930 1487 1029 1565 qualis
1043 1487 1163 1565 quidem

135 1570 291 1653 traditur,
319 1575 404 1635 valde
429 1575 522 1633 dubia
544 1596 573 1636 r.
596 1567 787 1634 Ρ111111Π2
810 1596 838 1651 p.
856 1578 928 1637 199.
944 1578 1018 1653 232,
1042 1576 1096 1654 qui
1118 1577 1165 1637 vir

146 1664 340 1724 doctissimus
353 1684 383 1739 p.
395 1665 457 1723 199
473 1663 585 1722 iterum
599 1662 728 1740 dubitat,
747 1682 786 1722 an
805 1665 841 1722 de
856 1663 931 1724 Gaio
947 1663 1051 1725 Cassio
1067 1683 1164 1726 sermo

147 1753 200 1812 sit:
225 1747 449 1811 ‘Willkurlicho
467 1739 671 1829 haderungen
695 1770 744 1810 am
762 1752 874 1811 Edilrte
897 1754 975 1812 noch
996 1756 1089 1812 unter
1113 1755 1166 1814 der

144 1841 319 1919 Regierung
338 1842 389 1900 des
404 1840 545 1900 Tiberius
562 1840 661 1899 haben
680 1841 746 1899 eine
760 1840 952 1919 Vermutung
966 1861 1065 1920 gagen
1080 1837 1165 1905 sich'.

145 1933 178 1989 at
201 1932 271 1989 ante
294 1929 484 1989 Hadrianum
506 1931 660 2004 praetores
682 1929 787 2007 magni
807 1930 936 1990 nominis
959 1931 1166 1992 auctoritatis·

146 2038 202 2096 que
239 2019 400 2094 probatae,
439 2019 524 2077 euius
561 2018 679 2096 generis
716 2017 854 2078 Cassium
892 2019 984 2079 fuisse
1022 2025 1164 2096 apparet,

145 2104 279 2167 edictum
299 2127 382 2167 more
402 2107 526 2185 antiquo
546 2107 586 2166 ad
603 2107 711 2166 melius
729 2107 905 2183 produxisse
923 2111 1030 2186 negari
1049 2111 1166 2186 nequit

145 2198 182 2257 cf.
205 2196 376 2273 Aquillium
401 2196 523 2255 Gallum
545 2196 560 2254 I
583 2216 612 2270 p.
633 2197 706 2256 115.

323 2424 378 2483 III.
411 2424 622 2483 Sententiae
646 2424 681 2483 in
706 2429 835 2484 senatu
857 2427 986 2487 dictae.

236 2546 264 2607 1.
293 2543 368 2608 Tac.
392 2564 467 2607 ann.
493 2542 544 2620 13,
566 2544 608 2606 41
639 2548 677 2607 ad
708 2567 734 2608 a.
759 2550 800 2609 58
828 2555 987 2627 postquam
1016 2571 1066 2611 res
1096 2571 1165 2613 con·

143 2641 194 2698 tra
217 2637 382 2696 Tiridatem
405 2637 482 2696 bene
504 2638 606 2711 gestas
629 2637 775 2714 narravit,
798 2638 840 2697 sic
861 2641 975 2717 pergit:
1000 2634 1062 2700 ‘Ob
1084 2635 1165 2702 hacc

146 2721 368 2786 consalutatus
382 2721 560 2804 imperator
569 2719 600 2785 N
603 2743 668 2804 ero,
682 2726 715 2785 et
730 2727 860 2787 senatus
874 2724 1024 2788 consulto
1040 2726 1165 2808 suppli-

146 2809 291 2875 cationes
310 2810 451 2893 habitae,
474 2812 665 2894 statuaeque
689 2814 723 2876 et
745 2832 838 2875 arcus
862 2815 895 2875 et
918 2812 1064 2878 continui
1089 2834 1164 2878 con-

146 2899 273 2963 1111111
291 2898 440 2982 principi,
462 2901 561 2981 utque
580 2899 666 2963 inter
683 2899 783 2980 festos
802 2898 977 2966 referretur
996 2901 1074 2986 dies,
1098 2922 1164 2985 quo

144 2991 276 3072 patrata
290 2989 439 3069 victoria,
459 3009 523 3070 quo
537 2989 697 3068 nuntiata,
717 3008 779 3071 quo
799 2989 937 3053 relatum
957 2990 995 3053 de
1015 3011 1054 3054 ea
1068 2994 1165 3076 esset,

146 3077 272 3160 aliaque
294 3077 328 3140 in
352 3076 487 3140 eandem
510 3075 648 3140 formam
671 3076 900 3157 decernuntur,
928 3079 1007 3143 adeo
1030 3078 1164 3143 modum

146 3185 286 3250 egressa,
304 3169 341 3229 ut
358 3162 393 3229 O.
408 3162 541 3230 Cassius
560 3163 598 3229 de
618 3166 732 3230 ceteris
751 3165 929 3230 honoribus
949 3167 1116 3252 adsensus,
1136 3167 1164 3232 si

145 3276 205 3339 pro
228 3253 432 3336 benignitate
454 3253 604 3318 fortunae
629 3253 678 3317 dis
702 3258 812 3338 grates
836 3260 1022 3339 agerentur,
1050 3277 1091 3320 ne
1114 3261 1165 3321 to·

146 3349 216 3407 tum
246 3342 373 3426 quidem
407 3364 527 3406 annum
557 3341 851 3426 supplicationibus
885 3344 1033 3409 sufficere
1062 3345 1164 3409 disse-

145 3432 257 3514 ruerit,
281 3452 382 3515 eoque
402 3435 550 3514 oportere
571 3431 669 3494 dividi
688 3452 797 3495 sacros
817 3435 851 3496 et
869 3433 1060 3518 negotiosos
1085 3434 1165 3518 dies,

146 3521 219 3604 quis
243 3519 353 3584 divina
376 3521 518 3585 colerent
541 3522 574 3583 et
596 3519 738 3584 humana
760 3540 826 3584 non
849 3520 1065 3604 impedirent?
