2430 3944
102 141 173 196 ‚XIV

194 308 268 370 Inde
287 328 323 369 ex
342 328 367 369 a.
388 309 473 369 1556
493 308 524 366 15
543 308 641 368 lucem
659 306 837 383 prodierunt
853 305 994 366 Ouiacii
1013 304 1122 367 015555-
1156 337 1160 342 -

104 400 262 459 vationum
284 401 316 457 et
333 397 585 456 Emendationum
603 397 674 455 libri
692 395 831 469 XXVIII,
855 415 982 472 quorum
1000 396 1124 476 similes,

105 490 131 549 si
157 489 291 548 fructum
318 491 448 563 spectes,
475 486 553 545 nulli
577 487 704 544 exstant.
751 487 870 544 secutae
894 487 966 544 sunt
988 485 1123 546 eiusdem

104 577 164 638 5151
188 577 224 636 de
248 576 295 635 his
319 575 428 636 studiis
451 575 538 634 unice
561 574 662 633 meriti
685 593 712 632 a.
732 575 818 634 1558
842 573 874 633 in
892 573 980 632 Pauli
1003 577 1123 634 senten·

104 667 218 726 tiorum
245 664 283 725 ad
310 665 406 724 filium
433 664 526 723 libros
549 662 578 719 V
605 662 883 739 interpretationes,
911 664 943 722 et
964 682 1060 740 usque
1084 663 1123 722 ad

105 777 129 815 5.
161 757 246 816 1588
279 753 472 813 recitationes
505 752 664 812 sollemnes
696 751 735 810 ad
766 751 916 827 Africani,
954 752 1122 831 Papiniani,

103 844 204 922 Pauli,
231 841 406 919 Modestini,
434 840 559 917 Iuliani,
587 841 736 916 Marcelli,
765 839 926 901 Scaevolae
952 841 1046 902 libros
1071 842 1123 903 551

103 952 206 993 omnes
228 932 278 991 vel
301 935 382 990 certe
404 930 642 1006 Responsorum,
666 928 890 1007 Quaestionum,
915 930 1121 1009 Digestorum,

103 1022 142 1081 ad
166 1021 311 1097 edictum,
335 1019 424 1092 51155,
449 1038 527 1094 5555
550 1019 741 1078 recitationes
763 1019 832 1077 inde
856 1038 891 1078 ex
914 1038 940 1077 a.
962 1021 1048 1080 1570
1071 1021 1121 1080 551

103 1111 141 1170 ab
169 1111 234 1186 ipso
261 1109 312 1169 551
340 1112 376 1168 ab
404 1107 594 1167 auditoribus
622 1108 721 1168 editae
748 1099 845 1168 sunt.1
895 1109 1020 1167 accessit
1043 1126 1121 1168 com-

102 1202 267 1258 mentarius
290 1198 323 1256 iu
340 1197 535 1274 Digestorum
559 1197 683 1256 titulum
703 1197 739 1256 de
758 1196 874 1272 origine
892 1197 967 1256 iuris
986 1216 1012 1256 a.
1033 1199 1118 1258 1585

103 1289 307 1435 edltusOuiacii
330 1373 431 1434 studia
451 1375 602 1449 persecuti
628 1376 700 1434 5555
722 1376 754 1434 55
776 1374 931 1433 auditores
954 1376 986 1433 55
1008 1375 1120 1433 aemuli

101 1465 214 1540 plures,
233 1482 361 1541 quorum
378 1463 458 1521 inter
478 1463 547 1522 11155
561 1463 698 1538 inprimis
712 1463 911 1522 nominandus
927 1465 974 1522 est
988 1463 1119 1523 Petrus

101 1553 276 1612 Pithoeus
295 1543 556 1633 (1539-1596),
578 1552 629 1627 551
649 1551 848 1611 Mosaioarum
866 1555 898 1610 et
916 1551 1120 1611 Romanarum

100 1643 202 1719 legum
226 1641 431 1701 collectionem
455 1659 481 1698 a.
502 1641 586 1700 1573
607 1639 731 1698 Ρ5515115
755 1639 859 1714 edidit,
882 1639 999 1701 adiecto
1017 1640 1118 1701 Mode-

101 1731 174 1791 stini
196 1731 367 1806 fragmento
389 1748 477 1789 5555.

189 1819 273 1878 15555
309 1818 443 1877 aemulos
476 1815 591 1876 Ouiacii
623 1817 755 1876 eminent
785 1816 1003 1878 Franciscus
1034 1818 1118 1876 Bal-

101 1907 232 1967 duinus
257 1897 508 1988 (1520-1573)
537 1910 568 1965 55
596 1906 778 1965 Antonius
806 1907 1035 1984 Augustinus
1063 1906 1116 1965 Hi·

101 1999 213 2073 spanus
237 1987 817 2074 (1555555555555555(1517-1586).
859 1999 949 2073 55555
972 1997 1025 2056 1115
1047 1996 1119 2055 5551

102 2088 187 2147 1555
215 2104 317 2145 mense
340 2085 439 2162 Aprili
461 2084 672 2161 Argentorati,
699 2084 870 2159 insequenti
895 2103 972 2144 5555
995 2084 1117 2144 Heidel-

99 2174 211 2254 bergae
232 2175 409 2251 professoris
432 2191 556 2232 munere
580 2174 701 2231 functus
725 2174 857 2233 51558
880 2173 1016 2232 Basileae
1034 2191 1116 2232 com·

99 2265 282 2323 monterium
319 2262 413 2321 edidit
449 2262 485 2320 de
521 2261 596 2320 iuris
628 2261 790 2336 prudentia
821 2261 959 2319 Muciana
990 2260 1117 2322 eximiae

100 2351 255 2411 doctrinae
282 2352 413 2427 plenum.
460 2342 642 2428 ‘Equidem',
665 2349 777 2426 inquit,
806 2343 971 2427 ‘nunqnam
994 2369 1117 2425 possum

100 2440 164 2499 sine
183 2458 293 2516 magno
313 2440 415 2498 dolore
431 2441 549 2498 veteres
562 2439 790 2498 iurisconsultos
803 2440 914 2498 intueri
928 2441 994 2497 tam
1007 2439 1117 2499 misere

99 2530 153 2589 abs
167 2529 350 2588 Triboniano
364 2528 530 2602 discerptos
543 2572 587 2588 ...
603 2528 655 2586 sed
669 2532 755 2587 tanto
770 2530 867 2606 magis
881 2528 973 2588 velim
987 2528 1117 2588 dissecta

100 2637 203 2677 eorum
225 2618 360 2676 membra
383 2616 486 2692 colligi
510 2619 541 2676 et
565 2617 659 2676 veluti
681 2617 837 2693 religiosas
856 2617 1000 2693 reliquias
1015 2617 1116 2676 adser-

98 2707 174 2780 vari,
193 2726 229 2766 ex
243 2706 352 2783 quibus
366 2707 501 2782 profecto
516 2706 675 2765 aestimare
690 2707 783 2765 etiam
796 2724 875 2765 nnnc
889 2706 969 2783 licet,
984 2710 1116 2784 quantus

97 2796 192 2854 fuerit
220 2795 329 2854 veteris
352 2794 607 2870 iurisprudentiae
632 2795 784 2872 splendor,
812 2797 925 2870 555555
948 2793 1115 2871 amplitudo

98 2888 130 2944 et
152 2877 315 2943 maiestas'.
362 2884 552 2962 Augustinus
572 2902 643 2944 5555
661 2888 692 2942 55
710 2903 735 2943 a.
757 2884 841 2943 1543
861 2884 1115 2943 Emendationum

99 2977 131 3032 et
149 2971 331 3049 Opinionum
353 2973 447 3032 libros
466 2972 510 3030 IV
534 2977 564 3032 et
588 2992 613 3032 a.
635 2975 719 3032 1579
738 2973 905 3032 tractatum
928 2973 964 3031 de
986 2972 1112 3032 nomini·

97 3063 156 3121 bus
183 3061 313 3138 propriis
335 3068 388 3121 τοῦ
412 3058 586 3121 Πανδέκτου
610 3061 778 3120 Florentini
800 3060 901 3120 edidit.
947 3060 1116 3136 composuit

98 3154 256 3227 praeterea
280 3150 393 3210 similes
411 3154 503 3229 atque
516 3150 658 3209 Labittus
676 3149 797 3225 indices,
817 3151 869 3208 sed
888 3152 992 3209 555555
1007 3151 1114 3209 5555515

97 3239 172 3298 15515
200 3240 378 3315 prudentiae
407 3241 547 3317 55515555
570 3239 762 3315 fragmentis,
791 3258 867 3314 5555
896 3242 982 3297 extra
1007 3257 1115 3314 corpus

96 3329 171 3388 iuris
191 3329 303 3388 tradita
322 3334 393 3389 tunc
411 3333 484 3389 nota
503 3330 597 3407 55555.
628 3328 709 3406 quod
727 3331 761 3387 55
779 3327 944 3402 perficeret,
959 3328 1020 3386 iam
1035 3346 1114 3388 anno

169 3523 194 3571 1.
214 3517 244 3573 E.
264 3517 480 3588 spangenberg:
504 3516 594 3572 Jacob
612 3513 704 3585 Cujas.
741 3513 858 3586 Leipzig
877 3520 946 3572 1822
965 3533 993 3584 p.
1008 3521 1109 3584 24555.
