2438 3930
1014 179 1107 236 xm

102 341 168 405 ntis
193 345 316 403 oonstst
367 341 454 402 onius
485 341 605 420 generis
635 343 761 402 fuerent
791 343 906 404 liberae
933 347 977 407 rei
1005 349 1106 424 publi-

100 449 147 490 oao
165 430 344 507 temporibus
368 428 399 490 0.
424 429 524 506 Scipio
547 430 671 509 Nasica,
695 431 741 492 Ti.
765 430 980 512 Coruncanius,
1002 437 1035 498 P.
1054 437 1105 497 Li·

101 518 186 580 «nin
219 518 359 596 (trusus,
392 517 424 580 0.
456 518 599 598 Aquilius
637 519 757 598 Gallus,
794 521 893 581 Aulus
930 522 1104 603 Cascellius,

101 608 186 684 ptimo
213 612 281 685 post
316 607 522 684 psinoipatum
562 608 762 669 constitutum
799 611 919 672 seeooio
959 611 1103 676 Cocceius

99 695 195 758 llsrva
233 697 287 758 alii
307 697 385 760 iuris
406 697 502 774 periti
523 696 618 759 libros
641 698 762 774 quidem
782 698 819 758 de
836 698 903 758 iure
921 700 1003 762 civili
1021 721 1103 763 oom-

99 789 261 864 poflerumt,
291 785 494 862 respondendi
525 805 597 846 vero
630 786 727 847 officio
760 806 830 847 raro
858 789 979 849 tantum
1004 790 1104 851 iuneti

102 891 158 935 me
172 875 316 954 sidentur,
335 874 421 935 euius
439 874 560 952 generis
577 875 638 936 uini
655 878 691 935 ut
709 876 840 936 seeundo
860 879 981 937 saeculo
999 879 1103 955 plnres

99 958 263 1043 extiterunt,
299 964 345 1024 ita
377 982 416 1023 ue
450 966 540 1025 antea
575 964 695 1041 quidem
725 965 844 1025 desunt
898 969 991 1044 atque
1023 967 1104 1027 inter

101 1050 199 1113 libem
228 1053 274 1115 rei
299 1052 444 1129 publiano
474 1052 553 1113 iuris
577 1053 692 1128 peritos
720 1052 751 1113 in
778 1054 826 1113 his
853 1055 1004 1114 referendi
1032 1059 1104 1117 aunt

100 1138 223 1201 Aufidius
258 1141 396 1203 Namusa
429 1143 461 1200 et
491 1141 621 1202 Alfenus
653 1141 767 1216 Varus,
799 1142 881 1202 inter
912 1144 1002 1220 psimi
1031 1148 1104 1220 post

101 1228 286 1306 ,ruspans
308 1230 509 1291 constitutum
532 1231 645 1290 eaeouli
667 1231 781 1291 Fabius
803 1231 892 1290 Mela.

175 1317 209 1380 lu
233 1319 436 1396 proponendis
464 1322 495 1378 et
520 1319 673 1396 responsis
701 1323 732 1378 et
753 1320 901 1380 libnmum
923 1320 1102 1397 fragmentis

100 1404 289 1471 estiomenus
314 1411 504 1485 postenornm
532 1411 564 1469 et
588 1407 750 1469 Inat'niieni
780 1409 909 1468 maxime
936 1409 1100 1486 interpola-

99 1493 183 1555 'a'ones
207 1497 375 1575 detegenda
402 1499 493 1574 atqua
515 1497 651 1557 tollenda
674 1501 768 1557 erant.
805 1517 865 1574 qua
887 1498 920 1557 in
942 1517 974 1557 re
999 1517 1101 1576 quam·

102 1601 178 1658 quan
200 1589 304 1648 nostra
330 1588 432 1647 astate
459 1586 598 1646 nonnulli
626 1586 685 1647 viri
707 1586 875 1647 doctissimi
898 1589 989 1663 atone
1014 1605 1102 1664 sagn

100 1670 197 1733 oleum
217 1676 407 1753 aliquantum
429 1675 560 1734 assecuti
582 1678 666 1752 nunt,
688 1677 792 1735 tamen
814 1676 916 1735 nescio
941 1695 979 1736 an
1006 1676 1102 1737 maior

102 1777 160 1834 pse
174 1765 299 1839 posteris
318 1763 515 1843 relinquenda
533 1764 582 1826 sit.
619 1764 722 1840 itaque
740 1765 772 1824 in
788 1765 845 1824 hoo
857 1783 947 1841 opere
962 1767 1101 1826 uolonum

104 1850 192 1928 osso,
212 1871 289 1931 anae
312 1853 432 1930 qnidam
455 1853 516 1913 iam
538 1853 588 1914 uel
605 1856 688 1913 serto
707 1853 757 1915 vel
774 1853 973 1930 probabiliten
990 1873 1009 1913 a
1026 1855 1100 1915 viris

103 1935 184 2084 Ἐκ
206 1942 350 2002 instituta
378 1942 458 2002 esset
482 1943 535 2003 <vel
565 1942 686 2002 restitui
714 1946 830 2021 posset,
857 1943 984 2018 proponi
1012 1962 1099 2018 opor·

176 2117 356 2196 Ubicumque
383 2120 520 2196 priosum
546 2120 740 2195 prudentium
767 2119 928 2197 librorum,
961 2119 992 2177 id
1020 2119 1100 2196 qnod

105 2220 153 2265 nou
178 2227 241 2269 uam
273 2209 321 2282 fil,
354 2209 619 2285 interpretationes
656 2209 705 2269 uel
743 2208 892 2284 epitomae
929 2210 1049 2266 tantum
1081 2228 1100 2267 a

106 2296 212 2365 postoris
233 2299 332 2357 saetae
355 2317 374 2357 a
397 2298 577 2357 Triboniano
601 2298 754 2357 adhibitae
774 2300 853 2372 sunt,
876 2299 913 2356 ut
931 2315 1019 2356 suum
1038 2297 1100 2356 oui·

106 2399 150 2456 que
173 2386 368 2464 tubaesonus,
394 2387 427 2445 in
454 2387 581 2465 singulis
603 2387 780 2464 fragmentis
803 2386 978 2463 posterioris
1002 2387 1099 2446 oratio

106 2474 233 2547 aprione
256 2475 450 2536 discernenda
470 2479 544 2554 erat,
568 2476 648 2552 quod
663 2476 698 2534 in
716 2495 827 2552 magna
845 2478 931 2551 parte
949 2476 1099 2553 fragmen·

106 2559 188 2622 losum
208 2564 294 2624 hodie
318 2565 384 2625 fieri
406 2564 456 2624 vix
477 2568 586 2641 potest.
630 2584 689 2640 qua
713 2564 748 2623 de
772 2584 804 2624 ne
828 2584 895 2624 oum
918 2565 1100 2641 generalitor

107 2653 226 2712 constitui
248 2656 391 2731 nequest,
415 2653 451 2712 de
470 2655 602 2732 singulis
626 2654 711 2713 libris
734 2653 896 2714 uidendum
921 2655 976 2711 est.

176 2740 210 2800 In
232 2742 270 2802 iis
293 2761 411 2819 quoque
435 2742 534 2821 libris,
557 2744 589 2801 in
612 2742 720 2820 quibus
745 2745 775 2801 et
797 2742 932 2817 priorum
955 2760 1100 2816 responsa

108 2825 212 2889 colleota
246 2831 423 2910 digestaque
458 2835 528 2891 sunt
560 2835 591 2891 et
623 2832 746 2907 propria
779 2831 950 2908 colligentis
982 2830 1100 2890 adiecta

108 2913 234 2997 vitentur,
246 2921 366 2980 ¹similes
387 2919 590 2980 dubitationes
606 2921 752 2994 oriuntur,
772 2920 857 2979 ouius
871 2919 916 2978 rei
930 2920 1099 2995 exemplum

107 3006 230 3074 mutent
251 3009 354 3069 Alfeni
376 3007 452 3069 Vari
475 3010 611 3086 Digesta.

177 3097 278 3174 Neque
301 3117 352 3157 eos
375 3098 469 3158 libros
492 3098 540 3157 ius
564 3098 650 3159 oivils
673 3098 871 3171 illustrantes,
893 3098 945 3173 qui
964 3116 982 3155 a
1000 3116 1099 3175 gram-

104 3183 202 3246 natiois
234 3187 391 3264 compositi
426 3187 567 3248 videntur
599 3206 676 3264 esse,
708 3187 804 3246 veluti
834 3186 916 3245 Aelii
948 3185 1029 3246 Galli
1063 3187 1098 3245 de

102 3272 242 3337 verborum
261 3277 298 3336 ad
317 3277 365 3336 ius
385 3276 472 3337 oiuile
491 3276 707 3352 pertinentium
726 3275 952 3354 significatione,
976 3275 1099 3334 reioien·

100 3358 144 3420 dos
164 3366 280 3443 putavi3
308 3385 360 3426 eos
383 3385 469 3441 vero,
497 3366 606 3441 quibus
629 3385 666 3424 ne
690 3365 954 3443 grammaticorum
978 3366 1099 3441 quidem

96 3468 169 3512 more
186 3473 233 3514 res
250 3457 431 3529 tractantur,
450 3455 546 3515 veluti
566 3454 693 3513 Senecae
713 3455 824 3513 librum
843 3453 879 3512 de
898 3451 1098 3528 matrimonio,

95 3544 219 3617 quamvis
240 3544 390 3606 nonnulla
410 3544 514 3604 adius
532 3543 714 3620 pertinentia
732 3544 912 3623 referantur,
937 3561 982 3603 ex.
1001 3560 1048 3623 gu.
1066 3541 1104 3602 ie
