2430 3944
107 167 170 231 170
184 167 232 224 ΙΙΙ.
242 165 318 223 GAII
328 165 477 223 CLAUDII
485 165 620 224 NERON.
631 166 775 224 annum
785 165 895 224 ΤΕΜΡ.
904 166 1002 224 IURIS
1012 166 1115 225 CONS.

96 328 261 395 crederet'.
307 329 364 397 sed
392 330 421 395 si
448 330 608 415 peculium
636 330 756 395 habeat
780 333 837 396 aut
859 331 895 394 in
916 352 986 396 rem
1009 352 1116 396 meam

95 440 226 484 versum
250 418 293 484 sit
315 441 356 484 ex
377 440 415 483 eo
435 417 622 484 contractu¹
643 440 703 484 nec
721 419 819 484 velim
837 441 900 504 quo
919 419 1116 503 locupletior

97 508 159 572 sim
195 508 332 591 solvere,
368 508 518 592 replicari
551 507 588 572 de
622 506 696 573 dolo
729 509 814 573 malo
848 512 984 592 oportet.
1040 530 1117 572 nam

96 596 198 660 videri
222 618 272 661 me
295 596 405 662 dolum
428 597 549 661 malum
572 597 690 680 facere,
718 595 774 680 qui
796 619 835 660 ex
859 597 964 662 aliena
986 597 1115 662 iactura

96 685 222 749 lucrum
245 706 408 768 quaeram.

101 843 187 926 Quae
213 843 249 909 ia
270 844 416 926 fraudem
438 844 621 924 creditenim
641 843 727 925 factu
748 849 823 911 aaut
835 819 879 910 *ul
900 845 1117 912 restituuntur.

188 969 239 1033 13.
271 967 311 1032 D.
329 967 472 1052 42,8,6,
488 962 539 1032 13.
588 966 748 1051 Ulpianus
778 967 862 1032 libro
890 969 1118 1054 sexagensimo

98 1058 189 1121 sexto
213 1057 253 1120 ad
277 1057 419 1122 edictum
443 1053 492 1142 (P.
508 1053 618 1142 1452).
636 1092 679 1102 —
698 1104 723 1122 ..
747 1056 776 1120 si
798 1057 999 1122 necessarius
1022 1057 1118 1122 heres

99 1145 209 1230 legata
227 1145 439 1229 praestiterit,
457 1144 571 1209 deinde
588 1145 656 1209 eius
672 1145 759 1211 bona
771 1145 940 1230 venierint,
957 1145 1118 1211 Proculus

98 1233 153 1318 ait,
167 1234 295 1299 etiamsi
305 1234 528 1319 ignoraverint
536 1233 697 1321 legatarii,
711 1238 820 1298 tamen
830 1234 943 1298 utilem
953 1234 1119 1300 actionem

99 1321 304 1475 dandill'uu.
320 1418 349 1490 a,
365 1417 415 1477 rs.

188 1515 238 1580 14.
261 1514 299 1582 D.
308 1516 362 1596 42,
372 1516 402 1598 8,
413 1517 440 1581 7.
482 1515 600 1582 Paulus
625 1516 706 1580 libro
729 1515 953 1600 sexagensimo
973 1515 1117 1584 secundo

97 1605 138 1671 od
166 1605 304 1669 edictum
327 1601 377 1691 (P.
393 1602 480 1690 741).
506 1641 545 1652 -
571 1602 606 1670 Si
633 1605 760 1669 debitor
786 1605 820 1668 in
843 1603 991 1669 fraudem
1015 1604 1118 1671 credi·

96 1698 205 1758 torum
224 1693 348 1758 minore
367 1693 472 1778 pretio
490 1693 625 1759 fundum
640 1693 754 1758 scienti
770 1693 910 1778 emptori
924 1692 1117 1778 vendiderit,

98 1781 211 1846 deinde
238 1781 287 1860 hi,
315 1783 431 1866 quibus
461 1780 498 1857 de
526 1782 706 1848 revocando
734 1803 772 1848 eo
797 1781 880 1846 actio
904 1781 1014 1866 datur,
1043 1804 1118 1848 eum

97 1873 223 1956 petant,
251 1870 433 1954 quaesitum
460 1873 523 1952 est,
551 1892 593 1935 an
620 1871 761 1955 pretium
788 1871 959 1935 restituere
989 1870 1118 1936 debent.

97 1958 253 2024 Proculus
267 1959 431 2024 existimat
445 1958 631 2024 omnimodo
644 1959 879 2023 restituendum
893 1980 962 2023 esse
973 1959 1120 2047 fundum,

99 2048 228 2113 etiamsi
250 2048 392 2132 pretium
416 2070 483 2113 non
507 2049 661 2112 solvatur.

186 2159 301 2220 Paulus
329 2158 424 2220 addit:
453 2154 496 2218 ‘et
522 2158 702 2237 rescriptum
728 2160 776 2218 est
802 2159 965 2218 secundum
994 2158 1119 2220 Proculi

98 2242 299 2309 sententiam'.

376 2487 416 2570 8.
452 2490 653 2565 URSEIUS
688 2492 846 2565 FEROX

191 2635 404 2712 iurisperitus
428 2634 530 2696 Cassio
554 2638 586 2696 et
607 2635 735 2697 Proculo
759 2636 856 2696 minor
879 2628 982 2712 natu²,
1008 2635 1122 2710 Sabini,

100 2729 136 2785 ut
158 2725 287 2802 videtur,
311 2725 438 2802 auditor,
462 2724 515 2800 qui
537 2743 598 2784 non
619 2727 683 2784 tum
702 2725 907 2800 respondendo
931 2743 1021 2802 quam
1040 2726 1122 2801 prio·

102 2833 170 2874 rum
194 2814 268 2872 iuris
293 2814 498 2874 consultorum
521 2813 673 2889 responsis
697 2813 866 2890 digerendis
886 2832 1009 2889 operam
1027 2813 1121 2874 dedit.

102 2903 187 2962 ouius
212 2902 310 2977 operis
339 2920 400 2961 non
424 2904 493 2961 unte
516 2901 644 2961 Neronis
667 2904 812 2977 tempora,
834 2905 870 2960 ut
892 2900 1021 2978 uidetur,
1046 2901 1123 2962 editi

102 3009 197 3066 neque
223 3008 332 3049 nomen
354 3008 452 3066 neque
475 2992 687 3068 argumentum
710 2990 871 3050 memoriae
894 2991 1043 3050 traditum
1066 2995 1122 3051 est.

101 3073 152 3138 ‘ad
175 3073 327 3138 Urseium'
350 3079 457 3152 libros,
485 3098 612 3155 quorum
634 3079 805 3156 fragmenta
827 3079 860 3136 in
882 3078 1048 3138 Iustiniani
1070 3079 1122 3138 Di-

100 3167 195 3246 gestis
216 3170 339 3228 servata
362 3169 445 3245 sunt,
469 3167 637 3242 composuit
659 3166 780 3226 Salvius
802 3167 946 3227 Iulianus.

175 3325 188 3372 1
211 3319 259 3373 Fl.
281 3318 330 3373 sed
349 3317 373 3372 si
392 3335 425 3373 ex
444 3333 477 3373 eo
496 3318 582 3373 contr.
602 3319 693 3388 pecul.
711 3317 816 3373 habeat
834 3320 883 3372 aut
901 3318 931 3372 in
949 3335 1009 3374 rem
1027 3335 1123 3374 meam

103 3391 320 3515 versulmFlecis
343 3476 498 3530 cognomen
516 3476 605 3529 propo
623 3458 774 3514 Patavium
793 3462 822 3514 et
840 3460 943 3515 Tomos
967 3462 997 3515 et
1017 3459 1123 3532 Vespa·

102 3530 174 3588 siani
194 3531 307 3601 quidem
325 3533 419 3586 aetate
436 3531 582 3600 reperitur.
619 3529 777 3586 Wilmanns
795 3531 844 3585 Ex.
864 3536 944 3586 2633.
964 3536 1044 3587 2866.
