2430 3944
151 154 214 220 186
233 154 279 212 ΙΙΙ
290 153 367 210 GAlI
376 150 522 210 CLAUDII
528 152 662 209 NERON.
673 151 818 208 GALBAE
828 140 936 208 ΤΕΜΡ.
946 153 1044 209 Iulus
1054 153 1164 212 CONS.

475 334 526 400 De
546 334 710 415 usufructu
733 335 836 418 deputo.

240 454 282 515 1⁸.
305 448 500 516 Vatinii.
536 447 626 533 (Ulp.
640 450 661 514 l.
674 446 771 514 XVII
789 449 828 513 ad
848 447 922 513 sab.
940 447 975 514 P.
989 447 1104 538 2563).
1124 487 1167 497 -

148 539 316 604 Interdum
330 588 355 604 ..
375 539 437 604 etsi
454 561 520 604 non
540 538 606 602 sint
624 538 796 621 coniuncti,
813 541 924 602 tamen
944 561 1021 604 usus
1040 539 1167 605 fructus

148 630 276 713 legatus
305 628 401 692 alteri
429 627 600 712 adcrescit,
627 631 664 691 ut
690 629 770 710 puta
798 626 826 690 si
853 625 935 690 mihi
964 626 1058 691 fundi
1089 650 1167 693 usus

148 717 273 781 fructus
307 716 483 799 separatim
510 716 610 780 totius
639 718 672 778 et
698 715 762 779 tibi
789 714 937 779 similiter
964 714 1064 780 fuerit
1091 738 1167 782 usus

148 806 273 870 fructus
306 805 452 887 relictus,
480 825 557 868 nam
583 808 621 867 ut
646 801 846 868 Celsus...
874 808 907 867 et
933 802 1082 869 Iulianus
1106 856 1114 869 .
1134 852 1167 870 ..

149 894 308 977 scribunt,
336 914 495 958 concursu
518 895 628 976 partes
644 892 819 957 habemus.
866 892 953 975 quod
977 895 1010 957 et
1032 892 1068 956 in
1091 915 1167 976 pro-

148 982 286 1065 prietate
305 982 522 1066 contingeret,
540 1002 616 1045 nam
635 982 737 1045 altero
755 979 945 1065 repudiante
961 981 1045 1045 alter
1059 987 1166 1047 totum

148 1071 283 1135 fundum
302 1070 444 1134 haberet.
476 1069 586 1134 sedin
605 1091 665 1133 usu
678 1069 786 1135 fructu
805 1069 866 1134 hoo
884 1068 959 1153 plus
978 1073 1036 1153 est,
1052 1074 1168 1136 contra

148 1181 247 1242 quam
279 1157 471 1224 Atilicinum
503 1158 709 1243 respondisse
741 1157 889 1223 Aufidius
922 1155 1023 1224 Chius
1056 1159 1168 1242 refert,

148 1247 233 1331 quod
270 1251 303 1311 ct
339 1246 535 1312 constitutus
570 1246 674 1312 nihilo
711 1247 818 1311 minus
854 1246 993 1312 amissus
1026 1246 1078 1312 ius
1111 1247 1166 1312 ad·

151 1336 314 1402 crescendi
338 1335 491 1400 admittit.

154 1490 156 1497 ,
240 1421 283 1488 Ρ).
310 1423 349 1488 D.
365 1426 394 1502 7,
408 1425 438 1506 2,
455 1427 484 1508 l,
497 1424 527 1488 3.
572 1422 732 1506 Ulpianus
759 1422 844 1488 libro
873 1423 1012 1508 septimo
1039 1423 1165 1491 decimo

149 1513 190 1577 ad
214 1511 370 1577 Sabinum
394 1510 445 1598 (P.
459 1508 572 1597 2563).
594 1547 637 1558 -
660 1511 826 1576 Interdum
855 1558 887 1578 ..
915 1513 977 1577 etsi
1005 1533 1073 1576 non
1099 1514 1166 1578 sint

149 1602 321 1683 coniuncti,
344 1606 454 1666 tamen
475 1623 554 1666 usus
576 1599 700 1665 fructus
722 1600 851 1684 legatus
878 1598 973 1665 alteri
997 1600 1167 1686 adcrescit,

148 1692 185 1754 ut
207 1693 288 1773 puta
312 1690 340 1754 si
362 1689 444 1754 mihi
466 1689 557 1753 fundi
576 1689 796 1754 ususfructus
816 1690 992 1774 separatim
1011 1691 1114 1756 totius
1134 1696 1167 1755 et

148 1777 211 1842 tibi
239 1778 388 1843 similiter
414 1778 512 1843 fuerit
539 1777 681 1843 relictus.
726 1799 816 1861 nam,
843 1781 880 1842 ut
908 1781 941 1841 et
968 1776 1083 1843 Oelsns

149 1871 182 1931 et
198 1866 345 1932 Iulianus
429 1865 551 1948 scribit,
570 1888 726 1932 concursu
744 1871 855 1950 partes
874 1866 1041 1932 habemus.
1080 1868 1167 1953 quod

149 1960 182 2020 et
209 1955 244 2019 in
272 1956 471 2040 proprietate
499 1954 716 2040 contingeret,
742 1977 819 2019 nam
848 1955 950 2020 altero
973 1956 1166 2039 repudiante

149 2045 232 2108 alter
260 2048 366 2109 totum
390 2044 525 2109 fundum
547 2043 690 2109 haberet.
741 2044 796 2108 sed
823 2043 857 2107 in
885 2066 945 2108 usu
968 2043 1076 2110 fructu
1105 2047 1167 2111 hoe

149 2133 221 2218 plus
246 2136 304 2215 est,
328 2133 404 2217 quia
428 2137 460 2198 et
483 2133 678 2198 constitutus
703 2136 736 2196 et
758 2136 873 2216 postea
897 2132 1039 2199 amissus¹
1059 2134 1165 2200 nihilo

152 2223 258 2286 minus
283 2222 332 2286 ius
356 2221 562 2287 adcrescendi
585 2221 738 2286 admittit.

344 2388 394 2453 De
416 2391 605 2455 ornamentis
627 2389 825 2454 muliebribus
848 2390 963 2472 leporis.

240 2505 269 2568 2.
286 2503 454 2588 Dolus.
485 2503 658 2570 Africanus
673 2504 758 2569 libro
773 2504 913 2570 secundo
929 2504 1166 2580 Quaestionum

151 2590 200 2678 (P.
213 2589 293 2679 11³³).
312 2629 356 2638 —
374 2591 471 2676 Apud
489 2592 651 2657 Fufidium
666 2592 900 2668 Quaestionum
918 2593 1004 2658 libro
1025 2595 1167 2660 seeundo

149 2683 196 2745 ita
224 2681 378 2764 seriptum
406 2686 469 2746 est:
503 2681 530 2746 si
558 2681 674 2746 mulier
701 2680 902 2746 mandaverit
929 2681 1005 2768 tibi,
1037 2687 1075 2747 ut
1102 2683 1168 2748 sibi

149 2770 286 2834 uniones
318 2791 394 2833 usus
427 2770 477 2834 sui
510 2792 607 2835 causa
636 2792 771 2853 emeres,
803 2771 832 2834 si
850 2775 896 2848 ¹tu
922 2776 999 2854 post
1027 2775 1167 2836 mortem

151 2859 229 2941 cius,
252 2879 325 2922 cum
346 2861 476 2941 putares
496 2880 568 2923 eam
587 2859 703 2942 vivere,
726 2860 851 2943 emeris,
873 2859 1047 2924 Atilicinus
1066 2865 1168 2946 negat

150 2967 221 3010 esse
248 2947 374 3031 legatos
400 2947 446 3030 ei,
471 2947 523 3013 cui
546 2947 661 3013 mulier
688 2948 736 3013 ita
762 2948 922 3031 legaverit
948 2947 1167 3032 ‘ornamenta

151 3057 232 3118 quae
256 3057 329 3099 mea
352 3057 450 3101 causa
471 3041 586 3119 parata
609 3040 685 3101 sunt
709 3034 867 3122 eruntve';
894 3038 1071 3101 nonenim
1095 3037 1167 3102 eius

150 3145 248 3275 pausa
273 3125 375 3189 videri
397 3129 513 3208 parata
536 3147 619 3204 esse,
648 3147 729 3212 qnae
752 3125 819 3190 iam
841 3129 970 3191 mortua
993 3147 1032 3190 ea
1055 3131 1168 3210 empta

165 3213 279 3277 nerint.
798 3223 800 3226 ’

584 3302 634 3367 De
655 3305 730 3368 dote.

240 3417 269 3482 3.
306 3414 345 3480 D.
368 3417 419 3495 12,
439 3417 470 3500 4,
492 3418 568 3502 7pr.
622 3416 767 3482 Iulianus
800 3416 884 3482 libro
917 3421 1008 3482 sexto
1041 3416 1165 3483 decimo

150 3504 360 3591 Digestorum
397 3504 449 3592 (P.
471 3506 560 3592 266).
596 3542 633 3553 -
671 3505 733 3581 Qui
770 3526 804 3570 se
841 3505 956 3571 debere
992 3508 1166 3590 pecuniam
