2430 3944
395 213 420 263 6.
443 206 652 262 IAVOLENUS
670 206 818 263 PRISCUS
1044 210 1110 275 491

96 375 154 452 est,
181 371 283 435 diuisa
305 391 421 452 quoque
443 372 477 434 in
499 372 641 452 stupuias
658 391 809 452 personas
831 373 929 437 rideri
945 378 1057 457 potest,
1086 378 1115 438 et

96 460 165 523 ideo
183 459 302 541 sinputi
314 480 376 542 pro
394 479 452 524 sua
466 465 556 540 parte
574 464 602 523 et
619 461 791 524 ooudtoioni
803 481 916 542 parere
934 466 963 526 ot
980 463 1114 544 topatum

96 568 206 630 capere
214 552 354 630 possunt.
389 568 466 612 num
479 549 619 630 quamvis
635 569 758 614 summu
771 550 911 614 universe
924 548 1114 615 condicionil

96 637 141 702 sit
161 637 328 719 adscripta,
351 639 576 701 enumeratione
591 657 799 719 personarum
815 642 916 720 potest
937 640 1034 703 uideri
1052 659 1115 704 esse

98 726 208 790 dioisa.
249 726 284 789 in
307 747 339 790 eo
362 747 440 808 oero,
462 727 544 807 quod
565 727 623 790 uni
644 727 700 791 sub
717 728 893 792 eondieione
911 728 1043 809 deputam
1061 731 1113 811 est,

97 815 199 879 scindi
221 835 258 878 eu
280 815 429 879 umiderdi
451 815 586 879 eondioio
609 835 672 879 nou
690 815 779 896 debet,
802 821 831 879 et
848 817 949 880 omnis
965 836 1114 881 numerus

96 923 218 981 eorum,
248 905 303 985 qui
329 904 365 967 in
393 904 491 968 iocum
517 904 583 968 eius
609 903 849 986 substituuntur,
868 925 931 986 pro
958 905 1114 988 sinpniari

90 1012 230 1075 persono
252 995 295 1057 est
316 991 500 1056 habendus.'

387 1151 437 1216 De
458 1152 617 1216 uerborum
640 1152 827 1234 obtipatione.

191 1269 241 1332 76.
268 1267 306 1331 D.
320 1265 374 1348 45,
388 1266 418 1347 3,
432 1267 484 1331 36.
529 1265 702 1331 Iavolenus
730 1267 814 1332 libro
843 1271 959 1352 quarto
987 1268 1113 1333 decimo

87 1356 331 1440 Epistularum.
358 1392 394 1401 -
428 1355 516 1436 Quod
540 1376 645 1420 savus
670 1357 837 1437 stipulatus
864 1361 919 1440 est,
946 1378 1035 1440 quem
1063 1359 1114 1422 do

92 1447 204 1509 minus
225 1466 286 1527 pro
312 1445 450 1510 derelicto
477 1444 615 1526 habebut,
642 1445 762 1510 nultius
788 1451 833 1510 est
854 1447 1013 1527 momenti,
1039 1447 1114 1527 quea

95 1535 153 1616 qui
171 1554 235 1615 pro
262 1535 399 1599 derelicto
427 1554 492 1597 rem
515 1533 613 1613 habet,
642 1534 816 1598 omnimodo
839 1555 859 1598 a
882 1554 914 1599 se
936 1535 1040 1599 reiecit
1060 1554 1132 1599 neo

90 1627 193 1705 potest
210 1623 276 1687 eins
293 1622 432 1704 operibus
448 1623 509 1703 nti,
531 1643 618 1702 prum
638 1642 670 1686 eo
693 1621 833 1705 (uranos)
853 1623 921 1687 iure
938 1624 982 1687 ad
998 1643 1029 1687 se
1041 1643 1115 1704 per·

96 1713 195 1775 tinere
208 1711 316 1774 notuit.
352 1711 433 1792 quod
449 1711 479 1774 si
496 1711 536 1774 ub
548 1710 612 1774 atio
628 1709 834 1791 adprehensus
848 1716 899 1792 est,
917 1712 1115 1792 stipulatione

91 1801 128 1864 ei
144 1800 308 1880 adquirere
325 1799 451 1880 poterit;
473 1819 550 1863 nom
572 1804 601 1862 et
622 1799 695 1862 haee
712 1820 820 1880 penore
837 1800 970 1881 quodam
988 1802 1114 1864 donatio

98 1893 149 1953 est.
198 1889 280 1951 inter
306 1887 524 1951 hereditarium
551 1889 633 1952 enim
659 1906 780 1952 seruum
807 1893 835 1952 et
861 1909 943 1968 eum,
976 1889 1031 1970 qui
1051 1909 1113 1970 pro

96 1976 237 2041 derelicto
255 1976 390 2058 habetur,
403 1976 577 2057 plurimum
595 1977 724 2060 interest,
743 1977 890 2058 quoniam
906 1977 986 2040 uttn
998 1976 1116 2041 heredi·

96 2067 173 2130 tatis
209 2066 277 2129 iure
312 2065 471 2143 retinetur,
508 2085 561 2130 neo
593 2069 690 2146 potest
723 2063 903 2131 deretiotus¹
935 2066 1033 2129 uideri
1059 2066 1114 2146 qui

96 2155 240 2218 universo
257 2153 432 2218 amenitatis
450 2154 517 2217 iure
535 2142 714 2235 continetur,
732 2154 810 2218 alta
827 2154 981 2218 voluntate
994 2153 1113 2217 domini

94 2242 259 2307 ‹tueliotus
288 2262 350 2306 nou
374 2247 472 2322 potest
497 2243 595 2307 uideri
622 2243 665 2306 ad
689 2262 780 2307 usum
807 2243 878 2307 eius
895 2244 1061 2326 pertinere,
1092 2261 1114 2305 a

95 2352 157 2413 quo
182 2328 360 2395 dereiiotns²
383 2334 435 2395 est.

478 2435 528 2500 De
546 2437 741 2517 possessione.

192 2553 243 2616 77.
265 2551 305 2615 D.
317 2553 370 2632 41,
385 2553 414 2632 2,
429 2553 480 2617 24.
517 2550 607 2615 Idem
622 2549 680 2637 (so.
693 2548 880 2638 Iavolenus)
895 2552 979 2616 libro
994 2555 1112 2636 quarto

99 2640 226 2705 decimo
250 2640 483 2724 Epistularum.
509 2677 551 2686 -
576 2639 665 2720 Quod
685 2661 788 2705 seruus
810 2645 881 2706 tuns
903 2643 1064 2724 ipnorante
1086 2646 1113 2706 te

98 2731 131 2794 oi
148 2730 296 2811 possidet,
323 2731 358 2794 id
380 2735 412 2793 tu
435 2751 498 2793 nou
515 2730 667 2813 possides,
694 2730 841 2810 quoniam
863 2730 901 2809 is,
926 2731 1036 2813 quiin
1060 2736 1116 2795 tua

92 2821 244 2901 potestate
265 2823 316 2895 est,
337 2819 497 2899 ipnoranti
519 2818 574 2882 tibi
595 2839 659 2882 nou
680 2818 868 2899 corporalem
885 2821 1115 2902 possessionem,

97 2908 153 2973 sed
178 2908 294 2971 iustam
319 2912 419 2989 potest
445 2908 619 2989 udpuirere,
650 2908 729 2970 siout
755 2907 800 2989 id,
827 2909 909 2989 quod
934 2929 972 2972 en
995 2909 1114 2990 peoutio

99 2997 145 3061 ad
169 3016 239 3059 enm
260 2996 445 3079 peruenerit,
466 2997 616 3076 possidet.v
654 3016 730 3059 num
757 3000 822 3059 tum
837 3017 897 3078 per
919 3017 1040 3062 sermuu
1063 2998 1114 3061 do-

98 3085 207 3149 minus
242 3104 358 3166 quoque
387 3087 543 3167 possidere
579 3085 705 3163 dieitur,
743 3105 866 3151 summa
902 3087 1016 3151 seilicet
1045 3101 1123 3148 eum·

98 3174 234 3255 ratione,
260 3175 349 3256 prio,
375 3175 457 3255 quod
481 3195 519 3238 eu
546 3175 629 3238 iusta
653 3194 748 3239 aurosa
769 3176 966 3255 corporaliter
988 3195 1009 3238 a
1031 3193 1115 3237 seroo

100 3267 227 3339 tenetur,
253 3263 289 3326 id
310 3263 344 3325 in
364 3264 483 3344 peeutio
505 3264 585 3328 seroi
606 3267 650 3327 est
671 3268 700 3326 et
714 3263 885 3345 pendium,
908 3264 990 3344 quod
1010 3280 1116 3326 seruus

100 3352 232 3416 ciuiliter
267 3352 390 3433 quidem
419 3353 575 3433 possidere
610 3371 673 3415 nou
699 3355 813 3433 posset,
849 3352 903 3415 sed
932 3350 1117 3414 naturaiiter

175 3514 189 3561 1
210 3506 259 3562 Ft.
278 3506 456 3562 condicionis.

87 3612 90 3619 ·
174 3584 191 3631 2
211 3578 260 3633 ΡΙ.
279 3577 402 3633 relictus.
