2430 3944
382 201 407 248 4.
427 192 456 250 (1.
472 194 619 251 erastus
637 194 823 252 LONGINUS
1070 201 1110 266 51

112 357 231 509 collpptia
262 361 296 422 et
328 358 505 442 emplastra
532 362 565 422 et
593 363 700 423 cetera
727 360 795 423 eius
824 361 950 444 generis
979 360 1111 429 Cassius

113 466 215 509 10111.

185 557 220 616 cf.
243 556 320 617 Plin.
343 576 373 614 n.
396 558 424 616 h.
447 559 582 630 34,108
614 558 675 616 10111
707 601 739 616 ..
773 560 854 618 facta
885 562 1048 637 emplastra
1079 566 1110 623 et

115 646 221 722 collyria
236 650 414 704 mercantur.
447 645 531 706 Paul.
547 646 575 704 S.
589 646 643 719 HI,
660 649 688 724 6,
703 650 753 707 62.
786 648 988 710 Instrumento
1002 651 1109 712 medici

115 734 198 810 legato
221 734 347 810 collyria
369 736 401 792 et
423 734 587 810 emplastra
609 738 641 794 et
658 739 822 811 apparatus
842 737 936 797 omnis
955 739 1109 798 conficien-

117 822 202 882 dorum
220 822 515 902 medicamentorum,
533 823 663 898 itemque
677 824 859 884 ferramenta
871 826 973 902 legato
992 828 1110 888 cedunt.

456 999 503 1058 De
518 1001 634 1075 peculio
656 1002 755 1076 laqueo.

186 1117 236 1182 59.
273 1116 388 1200 1240,
413 1118 517 1201 7,28,
542 1119 570 1183 1.
623 1117 795 1185 Iavolenus
829 1120 913 1186 libro
945 1125 1036 1186 sexto
1070 1144 1108 1186 ex

64 1240 66 1249 ·
120 1202 211 1271 tassio
233 1205 282 1290 (P.
293 1203 361 1291 22).
379 1242 424 1253 -
443 1204 628 1289 statuliber,
651 1212 824 1294 antequam
847 1210 992 1275 condicio
1015 1211 1110 1276 liber·

119 1294 178 1358 tatis
195 1293 360 1380 optigerit,
381 1296 410 1359 si
428 1295 505 1379 quid
523 1302 752 1380 comparasset,
770 1298 894 1381 peculio
913 1299 1021 1383 legato
1041 1320 1108 1363 non

120 1402 258 1448 cessurum
285 1384 320 1447 in
347 1382 440 1448 libris
469 1383 542 1448 Gaii
570 1382 676 1449 Cassii
703 1383 861 1470 scriptum
889 1393 952 1472 cst,
982 1388 1046 1452 nisi
1074 1388 1107 1452 id
1179 1396 1188 1414 '

119 1470 240 1556 legatum
262 1473 297 1535 in
318 1475 447 1556 tempus
470 1473 631 1537 libertatis
654 1473 809 1539 collatum
832 1479 926 1542 esset.

439 1647 489 1714 De
509 1650 761 1732 fideicommissis,

190 1763 238 1829 60.
257 1762 491 1847 D.35,1‚43pr.
528 1764 647 1830 Paulus
661 1767 746 1831 libro
762 1770 876 1831 octavo
892 1767 930 1830 ad
944 1767 1107 1833 Plautium

123 1844 158 1934 (P.
173 1848 279 1938 1156).
306 1887 349 1899 —
376 1852 523 1918 Plautius
542 1902 549 1918 .
568 1853 717 1938 Rogatus
748 1859 797 1919 est
824 1854 916 1919 heres
944 1878 963 1919 a
990 1856 1105 1922 liberto

122 1941 263 2021 testatore,
291 1944 329 2006 ut
356 1941 516 2024 perceptis
545 1941 608 2006 sibi
635 1943 744 2008 decem
767 1946 871 2009 totam
896 1944 1106 2009 hereditatem

121 2030 297 2112 revenderet3
315 2033 428 2113 postea
446 2034 604 2112 patronus
623 2031 767 2097 defuncti
781 2032 938 2095 bonorum
953 2034 1108 2115 possessi·

122 2135 192 2182 onem
222 2123 334 2183 eontra
365 2119 494 2183 tabulas
527 2120 667 2201 petierat
698 2124 731 2185 et
757 2124 882 2203 partem
910 2118 1106 2205 hereditatis,

119 2223 177 2285 quae
210 2206 399 2290 debebatur,
431 2207 619 2272 abstulerat.
668 2208 823 2274 Proculus
854 2205 985 2272 Cassius
1018 2209 1106 2272 fidei·

118 2295 351 2359 commissarium
384 2317 442 2379 pro
475 2300 547 2361 rata
580 2295 664 2381 quod
692 2298 791 2361 solvit
818 2302 962 2380 repetere
990 2297 1104 2362 debere

115 2381 192 2447 aiunt.

181 2473 231 2536 61.
262 2470 300 2537 D.
315 2470 368 2557 35,
382 2473 413 2556 2,
427 2472 478 2537 31.
515 2473 713 2555 Pomponius
736 2473 820 2537 libro
845 2473 983 2538 secundo
1002 2474 1027 2538 F
1030 2474 1104 2539 idei-

112 2562 337 2625 conmissorum
374 2557 423 2647 (P.
447 2558 537 2647 215).
571 2599 616 2609 —
647 2611 686 2629 ..
724 2562 897 2627 secundum
930 2560 1034 2627 (tassii
1072 2569 1104 2627 et

111 2651 235 2713 1010111111
250 2649 444 2733 opinionem,
458 2650 487 2714 si
503 2651 656 2735 apupillo
666 2649 913 2714 fideicommissa
923 2650 1103 2734 capiuntur,

107 2741 221 2820 propter
246 2759 293 2819 ea,
317 2759 398 2823 quae
422 2760 441 2803 a
465 2738 643 2804 substituto
663 2741 758 2803 erunt
776 2738 897 2820 relicta,
921 2760 1032 2802 cavere
1051 2739 1102 2802 de-

109 2822 180 2889 bebit
197 2826 225 2890 is
244 2823 296 2890 c'ui
315 2827 467 2891 solvatur.
503 2849 579 2890 nam
599 2827 746 2912 quamvis
760 2826 910 2909 repetitio
926 2828 968 2890 sit
983 2848 1103 2909 eorum,

106 2931 172 2993 quae
189 2913 431 2979 fideicommissi
449 2916 580 2980 nomine
597 2937 663 2980 non
678 2915 787 2980 debita
802 2917 975 2997 solventur,
993 2919 1104 2980 tamen

103 3003 247 3068 sadadato
276 3006 405 3068 cautum
432 3002 527 3068 debet
555 3025 624 3069 esse
653 3003 693 3084 01,
728 3026 747 3067 0
776 3025 839 3088 quo
866 3003 1001 3086 pecunia
1029 3025 1102 3086 pro-

99 3087 300 3240 llicisceretur,
327 3113 369 3155 ns
393 3092 543 3156 damnum
569 3092 689 3157 sentiat
711 3091 876 3156 deficiente
900 3114 951 3175 eo,
977 3091 1028 3156 eui
1051 3114 1102 3157 so-

110 3183 192 3243 ntum
215 3181 286 3244 erit.

210 3337 261 3403 De
283 3337 419 3402 libertate
439 3338 546 3404 0011010
568 3340 652 3404 etde
674 3340 978 3405 manumissionibus.

177 3455 229 3518 62.
252 3453 290 3517 D.
300 3453 353 3532 40,
365 3453 433 3536 w,
445 3454 473 3517 1.
518 3452 676 3537 Ulpianus
698 3454 784 3518 libro
808 3460 923 3539 quarto
947 3453 988 3518 ad
1011 3451 1100 3515 Sabi·

93 3563 164 3608 num
195 3541 244 3628 (P.
264 3539 390 3628 24552).
421 3579 458 3589 -
489 3592 519 3610 ..
552 3542 579 3608 si
611 3542 787 3627 impuberis
819 3542 940 3607 tabulis
967 3540 1100 3604 libertas

857 3643 889 3702 4*
