2430 3944
93 175 169 241 -142
184 177 233 234 ΠΙ.
243 177 320 232 GAII
329 176 476 234 CLAUDII
484 175 621 232 Ninon.
632 175 775 232 cunels
785 175 895 236 ΤΕΜΡ.
904 176 1000 233 lusis
1010 175 1095 235 coul.
1121 194 1139 217 ⁴

518 356 568 422 De
590 358 706 442 tepetis

303 487 418 564 Lepsia
439 489 680 562 'quemadmodum
701 488 915 562 relinquuntur.

192 606 244 673 12.
272 607 310 671 D.
326 607 378 688 29,
393 607 422 691 7,
438 606 480 671 14
489 628 536 692 pr.
583 603 739 672 Scaeuola
765 606 852 672 libro
878 609 992 672 octavo
1014 605 1100 684 Quae

103 695 246 761 suenum
266 694 316 776 (P.
331 695 418 782 160).
439 731 481 743 -—
502 694 640 772 Quidam
659 695 812 777 referunt,
831 699 987 781 quantum
1005 697 1107 780 repeto.

102 784 188 869 apud
210 784 396 864 vivianum,
419 783 532 851 Sabini
555 788 588 848 et
606 781 711 850 Oessii
734 788 767 849 et
785 784 915 850 Proculi
938 783 1103 870 exposite!

101 895 172 939 esse
190 874 224 939 in
244 874 432 958 quaestione
451 873 637 939 huiusmodi
655 874 924 939 controversiam:
942 895 985 939 an
999 873 1102 959 legate

101 985 182 1047 quae
211 967 423 1047 posteaquam
451 962 594 1027 instituti
621 967 761 1028 mortem
787 962 938 1027 obierunt
961 958 1098 1028 codicilli!

102 1052 267 1135 adscripta
296 1051 345 1116 vel
373 1051 525 1135 adempta
553 1056 641 1136 sunt,
669 1073 689 1114 a
717 1049 906 1116 substitutis
931 1051 1098 1134 debeantur,

100 1141 132 1204 id
152 1144 202 1204 est
222 1139 413 1224 superinde
432 1140 521 1205 datio
541 1145 574 1204 et
593 1139 758 1223 ademptio
777 1140 876 1204 etiam
895 1139 958 1206 hoc
972 1144 1098 1224 tempore

100 1228 257 1294 codicillis
289 1228 376 1294 facta
408 1229 518 1293 valeat
549 1250 587 1293 ac
620 1229 648 1292 si
680 1231 878 1294 testamento
908 1227 996 1295 facta
1022 1224 1100 1293 esset

101 1317 186 1403 quod
213 1317 369 1382 Sabinum
397 1323 429 1382 et
453 1315 602 1383 Gessium
629 1316 834 1401 respondisse
863 1316 956 1382 aiunt
977 1308 1107 1397 Proculi·

99 1406 319 1470 dissentiente.

189 1516 334 1577 Scaevola
364 1517 461 1577 addit:
494 1510 562 1595 ‘ego
590 1564 625 1578 ..
658 1518 755 1578 ausim
788 1517 968 1578 seutentiam
995 1510 1096 1578 Ptoouli

99 1606 288 1666 verissimam
320 1605 426 1664 dicere.
475 1606 590 1666 nullius
618 1607 698 1666 enim
724 1606 869 1666 momenti
896 1609 945 1666 est
971 1607 1095 1684 legatum,
1125 1628 1128 1637 ·

99 1694 180 1774 quod
208 1692 314 1753 datum
342 1697 388 1754 est
415 1692 457 1771 ei,
489 1695 541 1772 qui
568 1697 704 1772 tempore
731 1695 939 1755 codicillorum
966 1696 997 1754 in
1022 1693 1094 1754 rebus
1123 1696 1139 1789 ζ

98 1781 239 1843 humanis
261 1803 321 1844 non
344 1785 399 1859 est,
422 1783 494 1843 licet
516 1784 691 1844 testamenti
713 1784 820 1862 fuerit3
844 1802 909 1843 esse
928 1785 1006 1843 enim
1023 1780 1095 1843 debet
1116 1778 1139 1833 ²⁴.

98 1873 147 1933 cui
171 1872 272 1950 detur,
296 1872 401 1932 deinde
425 1872 467 1932 sic
490 1873 606 1951 quaeri,
629 1891 668 1932 an
691 1873 795 1932 datum
817 1873 973 1951 consistat,
997 1875 1095 1932 utnon
1120 1872 1126 1931 '.

99 1964 168 2021 ante
191 1961 267 2021 iuris
290 1961 369 2022 ratio
394 1981 483 2038 quam
505 1981 634 2038 persona
656 1961 827 2040 quaerendo
850 1961 899 2022 sit.
940 1962 972 2021 et
993 1962 1024 2020 in
1042 1975 1095 2037 pro·
1113 1964 1123 2019 .'

97 2050 196 2127 posito
220 2051 316 2129 igitur
340 2050 420 2129 quod
442 2054 510 2125 post
533 2051 648 2111 obitum
672 2051 791 2110 heredis
814 2050 961 2110 codicillis
980 2051 1095 2128 legatum
1128 2072 1139 2121 ·.;

97 2140 147 2200 vel
174 2140 348 2216 ademptum
375 2142 434 2212 est,
461 2140 575 2198 nullius
600 2140 745 2199 momenti
768 2142 827 2216 est,
854 2139 926 2217 quia
948 2128 1095 2216 hersued
1136 2128 1139 2137 ’

98 2248 187 2305 quem
209 2247 374 2288 sermonem
393 2227 537 2304 conferat,
559 2223 592 2286 in
609 2228 699 2288 rebus
717 2223 857 2287 humenis
875 2246 935 2286 uon
954 2231 1001 2287 est
1018 2237 1094 2302 saque

2 2326 4 2330 ’
97 2317 249 2393 ademptio
274 2318 304 2376 et
327 2317 409 2376 datio
433 2336 512 2376 nunc
535 2335 614 2376 vana
636 2311 804 2377 efficietur?

190 2419 240 2483 13.
273 2415 344 2482 Gai.
363 2417 394 2500 2,
412 2419 486 2482 244.
518 2453 554 2464 -
585 2417 640 2482 An
672 2418 702 2482 ei
732 2419 788 2503 qui
814 2418 850 2482 in
877 2421 1038 2503 potestate
1062 2412 1095 2479 sit

99 2507 169 2571 eius
198 2527 293 2591 quem
320 2505 471 2571 heredem
496 2505 712 2590 instituimus,
739 2510 826 2572 reete
848 2505 995 2590 legemus
1019 2523 1096 2591 quae

97 2596 179 2659 ritur
271 2595 415 2660 diuersae
439 2594 570 2659 scholae
594 2603 742 2660 auctores
766 2617 826 2660 nec
845 2596 905 2660 sub
926 2595 1097 2662 condicione

96 2689 184 2748 recte
208 2684 321 2769 legari,
345 2685 420 2768 quie
443 2705 523 2767 quos
546 2683 582 2747 in
604 2687 768 2768 potestate
788 2683 958 2768 habemus,
981 2685 1027 2750 eis
1044 2699 1099 2748 nou

97 2773 202 2857 magis
227 2773 287 2837 sub
312 2772 498 2838 condicione
523 2793 621 2855 quam
644 2795 722 2856 pure
746 2772 861 2838 debere
883 2794 1063 2858 possumus.

388 2947 439 3016 De
461 2951 630 3034 lepatorum
648 2949 817 3033 peceribus.

378 3072 422 3126 De
440 3073 526 3141 leuato
542 3088 593 3140 per
611 3072 832 3127 vindicationem.

187 3181 238 3245 14.
258 3178 443 3266 uetares.
457 3179 556 3245 —In
574 3203 612 3247 eo
627 3182 697 3246 solo
712 3180 911 3246 dissentiunt
925 3182 1107 3266 prudentes,

96 3268 181 3352 quod
201 3266 340 3335 Sabinus
364 3270 492 3355 quidem
517 3274 549 3334 et
568 3269 698 3336 Cassius
790 3269 875 3353 quod
898 3271 946 3335 ita
964 3271 1107 3358 legatum

96 3359 140 3423 sit
159 3355 218 3445 (sc.
234 3379 291 3442 per
310 3356 586 3445 vindicationem),
610 3359 721 3424 statim
744 3361 820 3442 post
844 3358 967 3424 editam
986 3359 1108 3425 heredi·

95 3451 197 3512 tatem
212 3451 328 3531 putant
343 3449 411 3512 fieri
424 3449 585 3533 legatarii,
599 3447 727 3512 etiarnsi
741 3449 871 3533 ignoret
884 3447 947 3512 sibi
962 3447 1108 3535 legatum

96 3557 180 3620 esse,
209 3536 264 3601 sed
291 3541 504 3623 posteaquem
533 3537 642 3601 scierit
669 3539 702 3600 et
728 3535 929 3621 <spreverit>
954 3537 1109 3624 legatum,
