2430 3944
336 201 361 252 4.
384 194 414 249 L.
434 194 619 251 NERATIUS
638 194 787 252 Perseus
1001 195 1067 260 345

339 382 387 442 De
408 383 547 442 momdoto
570 383 681 442 emendi
702 383 787 442 seroi.

144 483 197 549 30.
224 480 265 548 D.
286 484 336 568 17,
357 485 385 565 1,
404 485 457 566 26,
476 483 507 547 7.
552 482 672 548 Paulus
699 483 785 548 libre
808 483 998 568 brigensimo
1022 507 1068 550 se-

53 573 159 638 eundo
189 571 229 637 ad
258 571 398 638 edietum
423 570 473 656 (P.
491 569 582 658 488).
607 607 649 618 -
673 621 702 636 ..
722 592 794 637 eum
821 593 944 654 servus,
973 595 1068 658 quem

54 661 213 727 mandatu
241 683 312 726 meo
341 682 480 744 emeras,
507 660 628 729 furtum
657 660 718 724 tibi
743 659 888 744 fecisset,
914 658 1068 726 Neratius

55 751 101 815 ait
129 750 277 815 mandati
305 749 433 814 actione
460 752 494 813 te
522 752 781 832 consecuturum,
808 753 845 815 ut
873 771 983 814 servus
1007 751 1068 816 tibi

54 859 159 904 noxae
187 838 336 920 dedatur,
364 838 393 902 si
420 844 532 903 tamen
555 837 624 902 sine
648 838 743 923 eulpa
765 843 823 903 tua
845 839 878 903 id
902 838 1069 923 acciderit,

56 928 142 1013 quod
176 927 205 991 si
237 949 298 1015 ego
332 927 464 992 scissem
496 926 595 991 talem
628 947 699 991 esse
732 947 859 992 servum
891 947 952 992 nec
978 949 1070 1011 prae·

55 1014 219 1100 dixissem,
237 1022 275 1080 ut
292 1016 399 1100 possis
417 1035 618 1099 praecavere,
636 1020 715 1081 tune
730 1015 844 1100 quanti
859 1018 916 1080 tua
929 1015 1069 1100 intersit,

55 1109 186 1170 tantum
209 1104 270 1169 tibi
292 1104 454 1187 praestari
477 1107 614 1188 oportet.

146 1211 199 1276 31.
222 1210 262 1275 D.
276 1212 329 1295 21,
347 1214 375 1294 1,
388 1210 441 1294 25,
455 1211 485 1276 3.
521 1207 681 1294 Ulpianus
699 1210 783 1276 libro
802 1211 908 1295 primo
927 1210 968 1276 ad
988 1210 1070 1276 edie-

54 1305 126 1367 tum
156 1299 309 1365 aedilium
332 1298 490 1365 curulium
514 1296 564 1385 (P.
584 1298 694 1385 1773).
717 1333 760 1346 -
782 1297 1010 1365 Procuratoris
1032 1299 1071 1364 fit

56 1388 180 1454 mentio
203 1388 238 1452 in
260 1389 322 1454 bac
341 1388 468 1452 actione
488 1386 545 1472 (sc.
566 1385 813 1472 redhibitoria).
841 1389 896 1454 sed
914 1387 1070 1453 Neratius

55 1482 302 1562 procuratorem
320 1477 374 1542 bic
393 1498 466 1541 eum
485 1476 706 1561 accipiendum
725 1477 781 1563 ait,
797 1498 864 1542 non
884 1477 1070 1562 quemlibet,

57 1566 113 1632 sed
143 1566 196 1631 eui
219 1566 368 1630 universa
390 1565 523 1650 negotia
547 1568 604 1630 aut
624 1564 658 1628 id
681 1565 803 1651 ipsum,
830 1570 963 1651 propter
986 1566 1071 1651 quod

57 1655 200 1720 deterius
229 1654 351 1719 factum
382 1654 426 1719 sit
453 1653 509 1739 (se.
537 1651 763 1740 mancipium),
795 1655 984 1720 mandatum
1013 1658 1071 1719 est.

419 1848 470 1914 De
491 1849 712 1914 communione.

384 1979 532 2039 Familiae
555 1979 747 2038 eroisoamdoe.

154 2080 207 2147 32.
235 2079 274 2145 D.
291 2080 342 2161 10,
357 2080 387 2165 2,
403 2079 454 2159 18,
470 2079 498 2144 7.
544 2077 705 2162 Ulpianus
728 2079 812 2144 libro
836 2100 923 2144 nono
947 2078 1072 2144 decimo

60 2170 99 2235 ad
133 2170 273 2235 edictum
308 2167 356 2255 (P.
375 2165 480 2256 633b).
509 2204 552 2214 -
652 2167 681 2232 si
713 2167 785 2252 quis
818 2165 875 2252 (se.
902 2165 1071 2254 heredum)

60 2259 147 2324 Titio
181 2258 327 2323 debitum
355 2257 505 2341 solverit,
535 2278 575 2321 ne
603 2257 723 2342 pignus
753 2256 887 2340 veniret,
918 2255 1072 2322 Neratius

62 2347 177 2413 scribit
194 2345 339 2411 familiae
359 2344 563 2411 erciscundae
581 2344 700 2410 iudicio
720 2366 791 2409 eum
811 2366 907 2428 posse
926 2345 1073 2431 experiri.

399 2510 552 2571 Communi
573 2511 740 2572 dividundo.

152 2613 205 2679 33.
229 2611 268 2677 D.
279 2614 331 2697 10,
345 2613 375 2697 3,
391 2613 420 2692 7,
436 2614 465 2677 1.
501 2611 590 2676 Idem
606 2609 663 2695 (sc.
677 2609 853 2697 Ulpianus)
866 2611 951 2676 libro
970 2612 1074 2676 vicen·

62 2704 144 2768 simo
165 2701 205 2766 ad
225 2702 366 2766 edietum
384 2698 434 2787 (P.
449 2701 539 2786 642).
557 2737 595 2748 -
611 2699 765 2766 Neratius
779 2700 894 2765 scribit
907 2700 1074 2784 arbitrum,

62 2793 90 2857 si
112 2790 303 2876 regionibus
325 2790 461 2854 fundum
484 2811 550 2854 non
572 2789 766 2872 vectigalem
789 2788 928 2854 divisum
948 2787 1073 2853 duobus

63 2880 303 2962 adiudicaverit,
326 2900 423 2965 posse
447 2878 539 2963 quasi
562 2879 597 2942 in
615 2878 739 2942 duobus
757 2877 865 2942 fundis
885 2877 1073 2942 servitutem

63 2989 281 3121 ΜΡΟέΪῖὐ.
295 3054 373 3119 isra.
386 3057 406 3135 c
421 3055 450 3118 3.
472 3091 510 3102 -
531 3053 582 3119 nx
601 3053 792 3138 quibusdam
806 3103 814 3118 .
827 3101 836 3118 .
850 3055 955 3119 sauss
974 3053 1074 3137 <usp

63 3145 237 3211 vindicatio
261 3149 374 3227 cessat,
399 3144 427 3207 si
450 3147 559 3207 tamen
582 3144 670 3207 iusta
693 3163 789 3208 causa
812 3146 861 3207 est
878 3143 1074 3228 possidendi,

64 3236 142 3299 utile
167 3232 328 3299 communi
348 3231 522 3296 dividundo
541 3231 707 3315 competit,
723 3234 761 3296 ut
778 3235 858 3315 puta
877 3233 904 3296 si
923 3251 1075 3296 excausa

65 3321 166 3388 debiti
190 3321 288 3387 soluti
310 3319 443 3404 (idmoiol
465 3319 678 3405 possideatur.
995 3395 997 3399 Ι

154 3409 213 3475 ‘Fr
231 3419 248 3474 7
265 3413 285 3490 ξ
301 3417 320 3475 3
336 3434 440 3474 comm.
456 3415 514 3475 div.
532 3415 582 3492 10,
598 3416 616 3473 3
640 3414 682 3474 ist
704 3413 794 3474 allem
812 3412 980 3472 Ansobeine
999 3413 1075 3470 naeb

139 3575 153 3623 1
175 3568 252 3624 Trio.
271 3584 305 3623 ex
323 3581 408 3620 causa
425 3565 544 3622 indebiti
563 3565 648 3621 soluti
666 3583 720 3624 rea.
755 3565 861 3622 emend.
881 3563 987 3620 Keller.
