2430 3944
141 203 175 258 V.
196 203 294 271 QUOD
316 202 483 258 ‘DIOITUR’
504 203 575 258 VEL
595 201 731 258 ‘VULGO
748 202 917 258 DICITUR’.
973 203 1038 266 591

383 374 433 439 De
455 376 516 458 lupe
538 375 678 457 Aquilio.

115 499 166 564 10.
190 499 228 563 D.
252 500 283 583 9,
306 500 336 582 2,
365 499 405 564 51
435 521 482 583 pr.
527 498 671 564 Iulianus
699 500 783 563 libro
817 500 1040 582 octogensimo

70 592 117 653 rto
149 587 365 673 Digestorum.
399 625 436 634 —
548 588 702 653 occidisse
731 588 828 653 dicito
856 589 953 673 vulgo
987 638 1017 653 ..
1030 639 1040 672 ,

69 679 79 740 i
101 679 216 741 mortis
235 699 366 740 oausam
389 677 535 760 quolibet
555 676 651 741 modo
669 677 827 761 praebuit.

117 766 168 830 11.
192 765 231 829 D.
246 766 275 846 9,
290 766 321 847 2,
336 767 412 849 8pr.
450 763 551 829 Gaius
574 765 657 830 libro
677 765 816 850 septimo
839 765 880 830 ad
899 765 1040 829 edietum

70 853 234 919 svinoiale.
262 865 304 900 ’-
338 853 514 918 Mulionem
538 903 591 937 ..,
618 854 645 917 si
670 876 729 937 per
756 853 952 938 imperitiam
981 855 1041 918 im-

70 947 138 1007 tum
161 943 322 1007 mularum
345 943 482 1006 retinere
506 963 570 1006 non
592 943 743 1027 potuerit,
768 941 797 1006 si
820 964 876 1007 eae
900 943 1042 1007 alienum

70 1031 190 1095 minem
226 1030 432 1115 obtriverint,
468 1030 568 1114 vulgo
606 1030 723 1096 dieitur
760 1031 873 1115 eulpae
909 1032 1041 1095 nomine

70 1119 137 1184 ieri.
174 1120 259 1183 idem
283 1119 407 1202 dieitur,
431 1124 465 1183 et
488 1120 515 1183 si
538 1121 672 1203 proptor
695 1119 918 1184 infirmitatem
945 1118 1040 1183 susti·
1095 1171 1099 1181 .

70 1229 101 1272 re
125 1206 285 1272 mularum
309 1210 465 1292 impetum
487 1229 553 1273 non
575 1209 727 1292 potuerit.

173 1484 176 1489 ‚
402 1361 452 1450 De
471 1385 663 1450 condictione.

117 1501 166 1564 12.
194 1499 234 1564 D.
265 1501 315 1578 14,
343 1501 372 1583 6,
395 1501 426 1565 4.
472 1497 627 1565 Scaevola
658 1501 742 1565 libro
771 1500 911 1566 seeundo
940 1498 1063 1575 Quae,

70 1610 177 1653 onum.
201 1625 245 1636 -
268 1588 442 1674 ...vulgo
467 1588 545 1653 dicit
531 1592 585 1653 tur
607 1588 675 1653 filio
699 1588 840 1654 famiiias
864 1590 950 1654 credi
973 1611 1041 1653 non
1102 1652 1107 1661 ,

70 1698 132 1742 ere
311 1763 361 1831 De
382 1765 541 1830 verboram
563 1763 689 1848 otiipat‘
676 1785 753 1829 eoae.

117 1881 167 1945 13.
191 1879 230 1945 Ι).
255 1881 284 1964 7,
310 1884 337 1963 1,
360 1881 413 1964 25,
429 1881 460 1957 6.
494 1878 654 1965 Ulpianus
672 1880 757 1944 libro
777 1883 893 1945 octavo
917 1879 1040 1945 decimo

69 1967 251 2124 ⁰Sabinum
275 2006 316 2015 -
336 1969 418 2033 ..in
438 1969 562 2034 duobus
580 1970 686 2034 bonae
704 1968 779 2033 fidei
797 1968 1040 2121 possessoribus

120 2107 154 2122 ..
183 2057 268 2142 apud
296 2055 486 2123 Scaevolum
519 2058 678 2143 agitatum
799 2063 832 2122 et
864 2058 910 2121 ait
940 2058 1040 2141 volgo

69 2080 185 2212 iditum
207 2148 428 2231 rationemque
451 2147 513 2211 hoe
535 2147 650 2229 faeere,
672 2151 710 2210 ut
733 2146 760 2210 si
780 2154 824 2211 'ex
846 2167 880 2210 re
907 2145 1040 2210 alterius

70 2235 200 2320 puletur
219 2243 276 2320 (so.
291 2231 426 2320 servus),
443 2237 568 2316 partem
587 2236 615 2299 ei
634 2236 805 2300 dumtaxat
823 2235 944 2318 quaeri,
965 2257 1041 2319 par-

70 2347 91 2388 n
116 2324 257 2389 domino.

115 2418 285 2493 of.D.41‚
310 2421 338 2494 1,
363 2420 467 2498 aaa.
1095 2481 1097 2485 .

117 2502 167 2566 14.
190 2499 229 2565 D.
252 2501 306 2584 46,
332 2503 359 2584 1,
384 2502 435 2586 70,
459 2501 488 2566 5.
534 2499 634 2566 Gaius
657 2500 741 2565 libro
769 2499 874 2582 primo
898 2500 936 2564 de
959 2499 1040 2564 Ver·

70 2612 142 2654 rum
167 2589 438 2673 Obligationibus.
465 2626 502 2636 -
528 2589 683 2673 ..volgo
713 2588 835 2653 dietum
862 2593 913 2652 ast
943 2590 1039 2652 male-

70 2686 173 2744 iorum
195 2678 417 2743 fideiussorem
441 2678 543 2762 accipi
566 2700 630 2744 non
654 2699 759 2761 posse.

119 2766 169 2831 15.
192 2766 231 2830 D.
254 2766 307 2849 46,
330 2768 360 2850 3,
384 2767 436 2848 95,
460 2768 489 2832 3.
526 2767 617 2830 Idem
641 2763 697 2849 (so.
720 2761 933 2851 Papinianus)
955 2766 1041 2830 libro

70 2855 203 2921 :ensimo
235 2863 349 2920 octavo
380 2854 619 2931 Quaestionum.
642 2890 687 2902 -
710 2903 744 2920 ..
772 2855 869 2938 volgo
900 2856 1042 2918 iactatur

70 2946 248 3009 eiussorem
272 2944 326 3027 qui
351 2943 490 3009 debitori
512 2944 604 3008 heres
628 2943 750 3027 extitit,
778 2964 817 3007 ex
840 2964 938 3007 eausa
961 2943 1040 3006 fide-

70 3032 181 3098 isionis
206 3032 347 3096 liberari.

356 3172 406 3238 De
429 3175 552 3238 iudiciis
571 3174 711 3254 privatis.

117 3290 168 3354 16.
201 3286 272 3353 Gai
304 3286 514 3374 4,104.’-
594 3289 731 3372 .vulgo
764 3287 889 3370 dieitur,
920 3309 936 3350 e
969 3288 1040 3370 lege

70 3381 109 3444 tia
132 3380 224 3442 litem
248 3401 332 3442 anno
356 3382 389 3442 et
413 3399 467 3441 sex
488 3340 654 3442 mensibus
676 3377 769 3441 mori

119 3469 170 3531 17.
197 3465 313 3531 (tais
318 3466 424 3548 1,14.
447 3501 488 3511 -
557 3467 687 3550 ‚vulgo
710 3465 787 3530 dicit
773 3469 834 3548 t,ur
863 3462 1041 3529 Sabinoot

70 3558 141 3622 asio
165 3555 292 3638 plaeere
316 3517 424 3620 bmnia
447 3519 565 3619 iudicia
588 3553 787 3620 absolutoria
811 3574 888 3617 esse.
