2430 3944
358 175 383 225 6.
405 166 614 224 IAVOLENUS
632 166 780 224 PRISOUS
1006 167 1072 232 449

320 366 370 432 De
391 367 465 433 abiis
486 368 630 432 mandati
648 367 817 450 aeneribne.

150 493 203 559 45.
226 492 266 558 D.
281 495 311 577 3,
326 492 356 572 5,
371 493 423 557 27.
463 490 635 555 Iavolenus
654 491 736 555 libro
755 495 869 556 octavo
891 513 930 555 ex
948 489 1073 558 Cassio.

58 620 104 632 -
136 581 175 649 Si
210 584 280 666 quis
314 581 466 646 mandata
499 579 577 644 Titii
607 581 728 662 neaotia
759 579 825 644 Seii
852 581 956 664 aessit,
991 580 1075 645 Titia

57 672 205 738 mandati
231 674 348 735 tenetur
374 670 470 752 iisqne
496 670 658 734 aestimari
683 668 777 752 debet,
810 673 926 750 quanto
955 668 1021 734 Seii
1047 674 1077 734 et

61 760 143 826 Titii
164 761 295 825 interest.
329 759 407 823 Titii
427 762 530 822 antem
548 758 671 822 interest
686 761 836 838 quantam
854 759 883 822 is
902 757 971 822 Seia
982 779 1075 840 prae

57 855 143 916 stare
164 849 255 930 debet,
278 847 329 912 eni
350 847 395 912 vet
417 846 560 911 mandati
581 846 627 910 aet
648 847 837 929 nenotiernrn
852 851 1006 930 aestarnni
1023 867 1076 911 ne·

57 940 145 1005 mine
171 937 321 1018 obtinatus
347 941 399 1001 est.
446 935 529 999 Titio
551 939 655 999 antem
677 936 756 999 aetio
779 936 918 1018 competit
938 955 1008 999 earn
1030 956 1073 1020 eo,

56 1029 112 1094 eni
138 1027 300 1092 mandavit
326 1024 430 1089 atiena
458 1024 578 1106 nebetta
599 1023 746 1107 aerenda,
773 1028 802 1088 et
822 1027 988 1106 antequam
1009 1025 1076 1106 ipse

56 1117 225 1200 quiequam
252 1115 374 1179 domino
399 1117 546 1196 praestet,
571 1113 647 1195 qnia
669 1113 705 1177 a
725 1113 754 1177 ei
775 1113 877 1178 abesse
898 1114 1017 1178 videbar
1039 1115 1075 1178 in

57 1202 161 1289 qnod¹
184 1203 333 1286 obbiaatne
356 1207 408 1267 est.

480 1366 589 1426 Liber
610 1366 661 1425 IX.

311 1484 361 1550 De
383 1485 458 1551 attis
479 1487 622 1551 mandati
640 1486 825 1568 aeneribns?

151 1611 205 1676 46.
228 1609 268 1674 Ι).
282 1611 335 1693 17,
351 1612 379 1692 1,
392 1610 445 1675 51.
485 1609 658 1674 Iavolenus
677 1608 761 1674 libro
781 1631 868 1675 nono
888 1632 926 1674 ex
945 1607 1070 1676 Cassio.

61 1737 102 1749 -
135 1696 294 1783 Sponsor'
319 1699 536 1780 quamvisper
557 1718 690 1762 errorem
712 1699 887 1764 antediem
908 1701 1074 1781 peeanwni

57 1790 197 1867 solverit,
228 1793 357 1871 repetere
389 1793 491 1852 tamen
521 1808 543 1851 a
574 1783 640 1851 reo³
665 1807 728 1851 nan
748 1792 850 1868 potest
876 1785 929 1875 (se.
956 1791 1075 1854 aetiane

60 1877 201 1962 depensi)
218 1897 256 1941 aa
276 1897 316 1941 ne
336 1876 479 1941 mandati
500 1876 622 1957 qaidern
643 1876 801 1960 actionem,
823 1881 988 1959 antequam
1010 1879 1075 1942 dies

62 1965 335 2046 savinneium,
358 1986 427 2030 enm
449 1985 500 2030 rea
522 1963 651 2029 habebit.

152 2055 207 2120 47.
243 2052 283 2118 D.
308 2055 359 2134 11,
383 2055 411 2134 1,
436 2054 477 2118 14
501 2075 548 2136 pr.
597 2052 769 2117 Iavolenus
801 2053 886 2117 libro
918 2075 1003 2118 nono
1037 2075 1076 2118 ex

61 2141 187 2210 Caesio.
213 2179 251 2190 -
276 2141 315 2208 Si
332 2145 368 2224 is,
391 2144 479 2207 enias
496 2142 619 2206 nornine
635 2161 735 2207 irenae
752 2143 903 2207 indteinm
921 2147 1077 2225 aeeeptnrn

59 2239 114 2308 est,
139 2236 281 2297 manente
298 2231 411 2296 indicia
430 2231 504 2296 tiber
521 2232 677 2296 indicatas
694 2236 747 2314 est,
764 2251 835 2296 reas
852 2231 968 2296 absolvi
985 2232 1075 2313 debet,

59 2343 116 2388 nee
143 2322 307 2404 quiequam
333 2321 532 2402 interrobatia
560 2321 594 2384 in
620 2321 688 2383 inre
712 2320 798 2400 faeta
820 2320 973 2402 proderit,
1000 2321 1077 2401 qnia
1196 2395 1199 2404 Ι

60 2413 129 2476 eins
156 2429 320 2492 personae,
357 2411 445 2474 enters
475 2410 599 2473 nomine
629 2410 700 2490 qais
731 2429 800 2473 enm
832 2409 895 2474 atio
926 2410 1077 2474 aetianern

59 2499 162 2582 babet,
184 2497 395 2581 obtinatienen
418 2498 587 2578 transferre
606 2503 704 2578 potest
724 2498 760 2562 in
782 2518 860 2582 enm,
881 2499 937 2580 qni
954 2499 990 2563 in
1008 2499 1078 2563 inre
1140 2521 1142 2525 ·

59 2607 156 2654 snam
182 2607 244 2651 esse
270 2585 456 2670 eonfitetnrffi
482 2587 565 2651 aetat
589 2587 727 2650 atiennrn
753 2606 874 2650 sernum
900 2607 992 2651 snnrn
1014 2607 1077 2652 esse

59 2674 268 2759 confitendo];
291 2675 379 2740 tiberi
401 2680 503 2740 antem
525 2675 660 2740 bominis
681 2676 805 2739 nornine
826 2675 901 2756 qnia
923 2696 992 2740 earn
1013 2677 1077 2740 atie

59 2767 144 2832 aetio
170 2784 233 2828 non
260 2767 315 2848 est,
342 2785 380 2828 ne
401 2785 459 2846 per
485 2765 752 2846 interemtionem
779 2764 901 2845 quiden
926 2771 983 2828 ant
1008 2785 1077 2829 ean·

58 2854 226 2936 fertionem
253 2853 418 2934 transferri
439 2855 560 2934 poterit.
606 2852 683 2936 [qno
710 2873 784 2917 easn
805 2855 931 2937 eveniet,
957 2857 993 2918 nt
1013 2874 1077 2918 non

60 2948 141 3008 reete
166 2941 300 3006 beminis
328 2941 415 3007 tiberi
441 2943 565 3006 nornine
590 2948 693 3007 aetam
719 2942 761 3006 sit
784 2962 853 3007 earn
875 2962 908 3006 eo
930 2943 985 3024 qni
1006 2963 1077 3007 eon·

58 3033 164 3114 fessas
184 3029 255 3114 est]

154 3119 207 3184 48.
236 3119 274 3184 D.
288 3118 365 3182 ibid.
379 3121 399 3199 ξ
415 3119 444 3183 1.
462 3155 506 3164 -
524 3117 567 3183 In
585 3123 680 3184 tetam
697 3123 798 3183 autern
816 3119 1016 3198 confessiones
1030 3120 1078 3183 ita

62 3213 154 3274 ratae
175 3212 259 3288 sant,
286 3209 316 3273 si
337 3207 384 3294 id,
410 3209 492 3290 qnod
511 3209 547 3272 in
569 3208 785 3289 confessionem
807 3209 903 3286 aenit,
928 3213 956 3271 et
977 3208 1027 3271 ins
1049 3211 1079 3272 et

61 3302 215 3364 naturam
237 3298 368 3379 recipere
383 3302 490 3379 potest.

138 3476 156 3596 b
175 3471 425 3598 bbbiubbeiussor.
497 3542 575 3597 3Ft.
594 3541 631 3597 ab
649 3559 682 3598 eo
697 3543 799 3599 emend.
822 3542 989 3596 Mommsen.

117 3641 345 3690 Imperatoria.
358 3640 408 3681 reu.
422 3640 456 3683 ed.
470 3642 573 3686 Bremer.
595 3643 629 3697 11,
640 3646 659 3686 2.
845 3636 883 3685 ‘bb
