2430 3944
96 181 163 254 274
199 188 232 242 V.
251 188 401 244 NERVAE
420 188 468 243 ET
487 188 640 243 TRAIANI
658 189 766 246 TEMP.
785 189 881 245 IURIS
899 187 1081 245 corisum

99 361 147 420 vel
176 357 352 437 glossatoris
381 357 428 416 vel
452 357 626 418 Triboniani
653 377 775 422 manum
806 357 990 436 suspicantes
1014 349 1066 440 (D.
1086 361 1116 437 3,

99 453 127 527 3,
144 452 194 509 76.
222 448 257 505 D.
278 449 330 525 46,
345 449 375 522 8,
395 440 451 528 23)
471 447 637 506 Mommsen
660 448 807 523 probante
829 446 984 525 Kouegero
1002 467 1032 523 p.
1049 449 1113 506 161

96 559 124 598 n.
147 541 207 614 121
238 527 396 594 ‘Iulianus'
426 538 496 595 anta
525 530 701 611 ‘respondit'
728 535 815 613 quasi
837 537 987 614 glossema
1013 536 1116 596 delen·

98 618 168 686 dum
193 626 306 699 oenset,
334 623 426 682 Lensl
454 642 525 684 varo
548 627 647 684 notat:
681 620 806 702 ‘potest
833 627 870 683 ut
896 624 977 684 Trib.
1003 625 1117 684 omissa

97 714 214 775 Minioii
245 711 383 788 opinione
416 712 527 772 Iuliani
556 713 781 774 adnotationem
811 713 858 772 his
886 712 986 773 verbis
1018 713 1115 773 iutro·

98 795 237 864 duxerit'.
261 795 410 880 ‘dagegeu
428 796 567 879 mdohte',
591 802 691 879 inquit
705 802 851 879 Kmeger,
875 796 922 861 ‘D.
941 803 992 877 17,
1011 805 1040 881 1,
1059 803 1115 862 33:

98 895 236 971 Rogatus
334 891 470 949 Iulianus
491 890 593 951 verius
615 893 705 968 putat
727 910 787 951 von
810 891 867 951 den
885 890 1116 968 Kompilatoren

166 983 245 1041 trote
269 979 321 1039 der
344 979 525 1055 Inscription
549 980 633 1038 nicht
656 999 711 1040 ans
734 979 869 1039 Iulianus
897 980 935 1038 ad
957 979 1116 1040 Minicium

98 1072 206 1146 selbst,
234 1069 364 1128 sondern
391 1086 445 1126 aus
473 1068 554 1127 einer
581 1069 720 1144 spateron
744 1067 939 1146 Anffihrung,
963 1071 1042 1128 etwa
1065 1067 1117 1127 bei

97 1160 218 1235 Ulpian,
240 1159 429 1217 entnommen
448 1150 532 1216 sein'.
564 1157 658 1217 Lenal
676 1176 747 1217 vero
766 1157 928 1234 genuinam
947 1157 1116 1216 orationem

97 1251 174 1308 hano
197 1247 291 1306 fuisse
316 1246 439 1305 oonioit:
463 1240 534 1305 ‘non
556 1248 683 1306 tenetur.
720 1246 869 1306 lulianus:
893 1246 995 1307 verius
1017 1239 1115 1321 puto'.

98 1340 263 1413 uisumque
283 1335 357 1394 haee
379 1352 428 1394 res
452 1334 611 1412 sehabet,
634 1334 712 1394 illud
730 1353 783 1410 pro
812 1338 895 1395 oerto
918 1335 1117 1395 statuendum

101 1431 161 1503 est,
185 1424 264 1502 quod
285 1423 423 1500 Krueger
444 1423 570 1483 iudioat:
594 1418 667 1483 ‘Der
684 1423 826 1483 Weohsel
847 1424 995 1484 zwisohen
1018 1425 1117 1483 ersten

97 1515 160 1573 und
186 1513 296 1571 dritten
324 1511 436 1570 Person
535 1511 619 1589 giebt
646 1512 754 1571 kainon
776 1513 892 1572 Anhalt
919 1511 1019 1589 dafdr,
1050 1512 1116 1570 dass
1149 1542 1153 1548 ·

97 1603 145 1661 die
182 1604 260 1661 erste
292 1600 406 1660 Person
438 1601 494 1659 auf
522 1601 620 1660 Iulian
657 1594 760 1680 geha'3
795 1619 892 1678 neque
928 1601 1030 1660 minus
1067 1619 1116 1659 oa·

98 1690 228 1749 vendam
279 1707 343 1749 esse
394 1707 509 1762 censeo,
555 1708 593 1748 ne
638 1689 730 1749 verba
761 1684 953 1768 frespondi’,
1005 1682 1117 1766 ‘puto',

98 1773 178 1858 ‘ego’
206 1779 325 1856 aliaque
353 1777 485 1837 eiusdem
518 1778 636 1856 generis
664 1778 764 1838 omnia
791 1779 830 1837 ad
856 1778 1011 1838 Minicium
1039 1778 1116 1837 refe·

100 1870 214 1927 rantur.
981 1856 997 1879 *

186 1956 336 2033 Equidem
359 1973 395 2014 ea
417 1957 573 2029 commata,
596 1954 628 2013 in
647 1956 755 2030 quibus
774 1954 899 2032 legitur:
924 1949 1038 2015 ‘verius
1059 1951 1117 2016 est'

99 2039 152 2125 (D.
163 2047 215 2123 33,
227 2046 254 2120 5,
268 2046 317 2103 12.
338 2046 389 2122 41,
400 2046 429 2122 4,
441 2046 468 2104 8.
489 2045 541 2121 41,
554 2046 581 2121 7,
592 2035 636 2125 7),
659 2044 760 2119 potius
782 2045 900 2104 Iuliano
922 2046 1118 2106 attribuenda

97 2135 211 2210 iudico,
248 2133 375 2192 fortasse
411 2151 447 2192 ea
478 2151 609 2210 quoquo,
646 2133 678 2191 in
710 2133 819 2210 quibus
850 2134 925 2192 talia
955 2134 1117 2211 leguntur:

99 2216 234 2299 ‘poterit'
263 2212 312 2301 (D.
331 2224 380 2295 19,
397 2224 425 2298 1,
441 2214 512 2302 29),
541 2215 613 2281 ‘non
640 2215 764 2297 poterit'
791 2214 843 2304 (D.
858 2225 910 2298 46,
927 2225 954 2298 l,
973 2215 1044 2303 19),
1073 2217 1117 2283 ‘se

98 2305 245 2370 tuebitur’
265 2306 314 2388 (D.
327 2311 378 2386 24,
390 2313 418 2386 1,
429 2301 486 2388 39)
505 2308 683 2387 similiaque,
701 2329 756 2370 nea
774 2310 873 2369 minus
892 2329 936 2388 ea,
955 2310 987 2368 in
1006 2313 1117 2388 quibus

99 2399 239 2472 traditur,
263 2397 334 2473 quid
357 2391 515 2474 ‘plerique'
539 2398 709 2457 existiment
732 2392 947 2477 (D.17,1,33.
967 2401 1061 2477 41,4,
1072 2395 1118 2482 8),

99 2488 185 2546 ouius
209 2486 327 2564 generis
349 2487 447 2545 multa
470 2486 502 2545 in
525 2487 634 2546 iuliani
657 2487 742 2546 libris
766 2488 918 2565 leguntur.

188 2574 231 2634 Ut
253 2574 291 2633 ad
314 2575 414 2650 ipsum
436 2567 773 2649 redeamusMinioium
795 2576 930 2653 priorum
952 2576 1027 2636 iuris
1049 2597 1117 2638 oon-

100 2664 261 2736 sultorum,
298 2662 433 2739 inprimis
462 2663 566 2723 Sabini
603 2667 634 2723 at
661 2663 766 2743 Cassii,
800 2683 944 2741 responsa
976 2668 1117 2727 attulisse

98 2751 244 2811 videmus.
302 2753 376 2811 haee
416 2752 496 2812 enim
531 2753 687 2829 leguntur:
734 2747 891 2813 ‘Sabinum
926 2756 1117 2830 respondisse

99 2840 238 2898 Minicius
264 2833 370 2899 refert'
398 2842 434 2900 D.
451 2843 625 2920 19,1,6‚4
649 2841 752 2918 Pomp.
799 2835 956 2901 ‘Sabinum
984 2844 1117 2904 refertur

100 2923 296 2989 existimasse'
315 2929 352 2990 D.
367 2932 419 3008 40,
436 2932 486 3006 12,
501 2932 543 2990 30
566 2929 673 2989 Iulian.
684 2932 703 2990 1.
713 2929 750 2990 V.
787 2925 929 2990 ‘Sabinus
947 2927 1117 3008 respondit'

99 3017 136 3079 D.
159 3019 266 3097 12,1,
291 3019 332 3077 22
360 3017 418 3077 Iul.
440 3019 460 3079 l.
484 3019 535 3078 IV.
592 3013 688 3079 ‘euius
717 3013 772 3100 (se.
796 3013 913 3100 Sabini)
947 3023 1116 3082 sententiae

100 3104 222 3165 Cassius
250 3126 367 3183 quoque
395 3101 452 3167 est'
475 3108 510 3167 D.
526 3109 578 3183 40,
595 3110 645 3185 12,
660 3110 702 3168 30
725 3107 781 3166 Iul.
797 3109 816 3166 l.
831 3106 866 3166 V.
905 3102 1041 3169 ‘Cassius
1064 3130 1116 3170 ne·

100 3188 196 3272 gavit'
219 3195 255 3255 D.
269 3198 318 3268 19,
330 3197 359 3272 2,
370 3196 411 3254 32
431 3196 488 3255 Iul.
499 3196 579 3256 LIV.
616 3197 647 3255 in
671 3197 738 3256 aliis
760 3197 913 3257 nonnullis
935 3198 1116 3275 fragmentis

100 3283 175 3343 iuris
208 3284 413 3343 consultorum
444 3285 579 3359 priorum
611 3285 732 3344 nomina
759 3304 778 3344 a
805 3285 988 3346 Triboniano
1016 3287 1116 3346 deleta

102 3390 167 3432 esse
185 3372 347 3432 verisimile
366 3375 420 3431 est.
458 3373 511 3431 aad
528 3373 651 3449 propria
670 3393 787 3451 quoque
802 3393 944 3450 responsa
957 3375 1114 3435 Minicium

101 3460 251 3520 addidisse
287 3460 334 3519 his
365 3461 523 3536 probatur:
561 3456 710 3522 ‘Minicius
741 3463 944 3541 interrogatus
1070 3484 1115 3523 re-

101 3549 222 3625 spondit
310 3548 448 3609 iulianus
470 3553 557 3610 notat
580 3545 634 3612 ...'
658 3551 693 3609 D.
710 3554 738 3627 6,
754 3555 783 3628 1,
799 3554 838 3611 61
862 3552 914 3613 lib.
924 3553 975 3613 VI.
1014 3547 1114 3630 ‘quae-
