2430 3944
463 117 488 166 7.
507 110 696 167 PROCULUS
1022 112 1085 178 109

94 276 135 340 rel
160 276 248 361 quasi
280 296 389 357 snum,
420 274 506 358 quod
537 275 672 339 interest
703 275 936 359 praestabitur,
974 280 1006 342 et
1038 277 1086 341 its

94 364 228 431 Proculus
250 364 285 429 in
307 369 519 449 procuratore
541 362 719 446 respondit

164 453 212 519 10.
234 453 275 518 D.
291 451 343 535 10,
358 453 389 535 3,
402 451 433 534 4,
447 453 476 517 3.
490 453 513 517 4
526 455 559 516 ιι
574 452 625 531 10,
639 452 669 537 3,
683 452 713 518 5.
739 449 829 518 Idem
844 449 902 539 (se.
911 451 1085 539 Ulpianus)

95 542 158 608 litro
186 562 274 607 nono
307 540 432 606 decimo
464 541 506 605 sd
535 541 675 605 edictum
703 539 754 626 (P.
773 537 853 628 639)
881 545 914 606 et
940 540 1084 607 lulianus
1167 618 1169 623 ,

95 629 160 696 ntro
194 629 336 696 secundo
374 628 415 694 ad
446 627 598 694 Urseium
635 627 686 717 (P.
714 626 805 716 494).
842 665 885 676 -
922 628 1013 695 Sicut
1050 679 1085 696 ..

95 719 177 803 ipsius
199 720 246 784 rei
268 717 386 784 divisio
409 717 497 782 venit
519 718 553 782 in
577 718 739 784 communi
762 718 938 785 dividundo
956 718 1087 803 iudicio,

93 807 127 872 ita
145 809 242 873 etiam
264 806 502 892 praestationes
525 807 708 874 veniunt..
722 808 843 891 .plane
867 808 990 873 fructus
1010 813 1086 873 ante

93 897 225 982 percepti,
249 918 348 981 quam
370 916 422 960 res
446 895 627 961 communis
647 899 741 979 esset,
765 897 817 961 vel
840 901 987 980 sumptus
1010 902 1086 962 ante

93 984 196 1051 laeti
186 1008 222 1050 ιιι
260 984 423 1050 communi
456 983 630 1050 dividundo
662 985 815 1050 indicium
847 1006 912 1050 non
943 987 1087 1050 veniunt.

93 1077 245 1158 eapropter
273 1072 388 1138 scribit
414 1071 576 1157 Iulianus,
609 1073 637 1137 si
663 1073 757 1138 missi
783 1074 817 1137 in
844 1075 1085 1157 possessionem

95 1161 183 1227 dsmni
199 1161 361 1227 inlecti
334 1183 436 1226 simus
451 1164 484 1226 st
499 1167 583 1246 ante,
601 1183 699 1246 quam
712 1162 879 1248 possidere
892 1162 1087 1247 iuberemur,

94 1271 138 1337 ego
163 1251 306 1316 insulam
333 1250 467 1335 fulsere,
495 1254 660 1334 sumptum
688 1251 789 1316 istum
818 1251 980 1316 communi
1005 1251 1086 1316 divi-

95 1337 181 1405 dundo
203 1338 325 1404 iudicio
349 1338 500 1422 consequi
524 1361 575 1403 me
593 1360 659 1404 non
676 1361 781 1424 posse.
802 1339 807 1424 Ι
828 1339 884 1405 ιιι
903 1340 932 1404 si
949 1361 1002 1406 res
1021 1362 1086 1405 non

48 1466 50 1507 2
94 1427 297 1494 defenderetur
320 1430 354 1491 et
375 1426 448 1492 ideo
471 1427 551 1492 iussi
574 1450 685 1493 sumus
709 1432 895 1513 apraetore
916 1450 970 1494 eas
990 1429 1085 1494 aedes

93 1517 236 1598 pesudsre
264 1521 299 1581 et
326 1537 365 1581 ιιι
390 1516 454 1581 hoe
481 1516 659 1581 dominium
687 1538 798 1582 earum
819 1517 1086 1603 nancisceremur,

94 1603 240 1689 respondit
256 1603 413 1670 Proculus
437 1605 601 1670 communi
623 1605 797 1671 dividundo
820 1603 938 1672 iudicio
957 1610 1085 1691 partem

96 1693 146 1758 eins
165 1693 330 1778 impensae
352 1715 404 1758 me
428 1700 631 1759 servaturum
654 1716 732 1760 esse.

163 1805 256 1865 Lenel
273 1807 374 1865 notat:
393 1798 568 1865 ‘verisimile
587 1809 633 1865 est
650 1806 803 1866 Iulianum
821 1805 974 1866 interdicti
992 1805 1087 1876 Quem

65 1928 69 1941 ι
98 1890 200 1953 fundum
222 1893 405 1953 mentionem
426 1889 553 1954 fecisse'.

436 2065 487 2131 De
509 2067 570 2148 depe
590 2066 731 2149 Aquileia.

167 2191 213 2254 11.
241 2189 281 2255 D.
296 2189 327 2270 9,
340 2190 371 2273 2,
384 2190 437 2269 27,
453 2193 480 2254 1.
527 2186 689 2273 Ulpianus
715 2192 799 2255 libro
823 2194 937 2255 octavo
962 2190 1086 2255 decimo

102 2274 228 2342 ededict
214 2285 283 2343 tum
309 2240 359 2364 (P.
362 2240 530 2364 62I).-
558 2277 594 2343 Si
622 2301 732 2344 servus
761 2279 940 2344 communis
970 2278 1015 2360 [id
1039 2285 1088 2344 est

103 2384 168 2431 neus
194 2371 227 2432 et
255 2370 344 2449 tuus]
376 2389 503 2432 servum
528 2389 635 2432 meum
659 2368 823 2448 occiderit,
850 2369 915 2450 legi
938 2368 1088 2453 Aquiliae

48 2502 50 2531 ,
102 2450 168 2520 locus
193 2460 244 2521 est
272 2456 426 2520 adversus
453 2460 498 2540 de,
528 2456 555 2520 si
582 2460 640 2520 tua
667 2456 834 2522 voluntate
862 2457 953 2542 fecit,
982 2458 1088 2523 etita

48 2538 50 2549 '
102 2537 245 2609 Proculum
281 2545 484 2609 existimasse
516 2543 650 2610 Urseius
682 2546 789 2610 refert.
845 2547 929 2630 quod
963 2547 990 2610 si
1022 2568 1087 2611 non

102 2631 280 2698 ιιΙιιιιιιιι
265 2635 322 2698 tua
344 2631 435 2715 fecit,
462 2655 587 2698 cessare
610 2635 760 2698 noralem
783 2635 957 2713 actionem,
981 2657 1021 2699 ιιι
1046 2636 1089 2699 ιιι

100 2715 124 2781 in
140 2725 294 2804 potestate
318 2723 415 2801 servi,
438 2719 520 2786 odri¹
544 2722 605 2786 soli
629 2722 756 2787 serviat.

167 2811 228 2874 12⁸.
261 2808 378 2875 Collat.
398 2811 449 2895 12,
471 2812 500 2893 7,
519 2810 549 2876 9.
593 2809 753 2896 Ulpianus
785 2811 869 2876 libro
897 2810 1014 2876 XVIII
1047 2815 1087 2876 ad

100 2893 215 2963 edietum
231 2895 281 2985 (P.
296 2897 385 2984 623).
402 2935 440 2948 -
461 2898 618 2964 Proculus
637 2949 666 2966 ..
685 2900 864 2982 respondit,
887 2922 961 2965 cum
980 2900 1088 2965 coloni

99 2988 164 3051 servi
182 2989 292 3052 villam
311 2988 504 3071 exusserint,
524 2989 673 3053 colonum
692 2989 743 3052 vel
763 3011 801 3053 ex
819 2991 927 3054 locato
946 2989 997 3053 vel
1016 2991 1087 3072 lege

97 3070 207 3157 Aquilia
240 3077 357 3155 teneri,
390 3075 437 3141 ita
469 3082 506 3140 ut
538 3078 669 3142 colonus
703 3099 812 3143 servos
845 3081 955 3162 posset
986 3099 1087 3142 noxae

97 3158 190 3230 dedere
213 3168 246 3229 et
269 3165 297 3229 si
320 3186 385 3229 uno
409 3164 527 3230 iudicio
550 3187 602 3230 res
624 3172 709 3230 esset
725 3166 875 3250 iudicata,
899 3167 1001 3231 altero
1022 3189 1087 3230 am·

96 3250 162 3331 plius
183 3275 247 3318 non
271 3253 442 3338 agendum.

169 3339 232 3408 12¹².
256 3341 296 3408 D.
309 3342 340 3426 9,
353 3343 384 3425 2,
398 3343 451 3422 27,
466 3344 518 3406 11.
554 3342 715 3428 Ulpianus
733 3344 817 3408 libro
835 3348 949 3408 octavo
964 3342 1087 3406 decimo

152 3487 165 3535 1
184 3481 230 3536 ΡΙ.
248 3485 282 3536 ut
297 3481 361 3536 tibi.
