<?xml version="1.0" encoding="UTF-8"?>
<!DOCTYPE html PUBLIC "-//W3C//DTD XHTML 1.0 Transitional//EN"
    "http://www.w3.org/TR/xhtml1/DTD/xhtml1-transitional.dtd">
<html xmlns="http://www.w3.org/1999/xhtml" xml:lang="en" lang="en">
 <head>
  <title>
</title>
<meta http-equiv="Content-Type" content="text/html;charset=utf-8" />
  <meta name='ocr-system' content='tesseract 3.04.00' />
  <meta name='ocr-capabilities' content='ocr_page ocr_carea ocr_par ocr_line ocrx_word'/>
</head>
<body>
  <div class='ocr_page' id='page_1' title='image "./iurisprudentiae02bremgoog_0528.png"; bbox 0 0 2430 3944; ppageno 0'>
   <div class='ocr_carea' id='block_1_1' title="bbox 364 180 1085 248">
    <p class='ocr_par' dir='ltr' id='par_1_1' title="bbox 364 180 1085 248">
     <span class='ocr_line' id='line_1_1' title="bbox 364 180 1085 248; baseline 0.008 -14"><span class='ocrx_word' id='word_1_1' title='bbox 364 186 388 238; x_wconf 81' lang='grc'>7.</span> <span class='ocrx_word' id='word_1_2' title='bbox 412 181 611 237; x_wconf 81' lang='lat' dir='ltr'>IUVENTIUS</span> <span class='ocrx_word' id='word_1_3' title='bbox 630 180 763 238; x_wconf 81' lang='lat' dir='ltr'>CELSUS</span> <span class='ocrx_word' id='word_1_4' title='bbox 1004 182 1085 248; x_wconf 83' lang='lat'>495.</span> 
     </span>
    </p>
   </div>
   <div class='ocr_carea' id='block_1_2' title="bbox 25 350 1093 3626">
    <p class='ocr_par' dir='ltr' id='par_1_2' title="bbox 57 350 1073 605">
     <span class='ocr_line' id='line_1_2' title="bbox 59 350 1073 428; baseline 0 -18"><span class='ocrx_word' id='word_1_5' title='bbox 59 352 182 428; x_wconf 82' lang='lat' dir='ltr'>legatus</span> <span class='ocrx_word' id='word_1_6' title='bbox 204 351 237 409; x_wconf 90' lang='lat' dir='ltr'>in</span> <span class='ocrx_word' id='word_1_7' title='bbox 259 351 396 427; x_wconf 85' lang='lat' dir='ltr'>Thracia,</span> <span class='ocrx_word' id='word_1_8' title='bbox 419 351 523 410; x_wconf 92' lang='lat' dir='ltr'>consul</span> <span class='ocrx_word' id='word_1_9' title='bbox 547 351 601 409; x_wconf 89' lang='lat' dir='ltr'>sub</span> <span class='ocrx_word' id='word_1_10' title='bbox 626 350 768 427; x_wconf 83' lang='lat' dir='ltr'>Traiano,</span> <span class='ocrx_word' id='word_1_11' title='bbox 794 355 831 410; x_wconf 88' lang='lat' dir='ltr'>ut</span> <span class='ocrx_word' id='word_1_12' title='bbox 852 351 985 427; x_wconf 79' lang='lat' dir='ltr'>videtur,</span> <span class='ocrx_word' id='word_1_13' title='bbox 1012 352 1073 428; x_wconf 91' lang='lat' dir='ltr'>pri·</span> 
     </span>
     <span class='ocr_line' id='line_1_3' title="bbox 57 438 1073 515; baseline 0 -16"><span class='ocrx_word' id='word_1_14' title='bbox 57 461 155 512; x_wconf 91' lang='lat' dir='ltr'>mum,</span> <span class='ocrx_word' id='word_1_15' title='bbox 177 438 288 498; x_wconf 89' lang='lat' dir='ltr'>iterum</span> <span class='ocrx_word' id='word_1_16' title='bbox 312 440 416 499; x_wconf 84' lang='lat' dir='ltr'>consul</span> <span class='ocrx_word' id='word_1_17' title='bbox 439 458 516 498; x_wconf 90' lang='lat' dir='ltr'>anno</span> <span class='ocrx_word' id='word_1_18' title='bbox 538 442 610 515; x_wconf 83' lang='lat'>129,</span> <span class='ocrx_word' id='word_1_19' title='bbox 632 439 664 498; x_wconf 91' lang='lat' dir='ltr'>in</span> <span class='ocrx_word' id='word_1_20' title='bbox 681 440 829 499; x_wconf 87' lang='lat' dir='ltr'>Hadriani</span> <span class='ocrx_word' id='word_1_21' title='bbox 851 440 1008 499; x_wconf 91' lang='lat' dir='ltr'>consilium</span> <span class='ocrx_word' id='word_1_22' title='bbox 1026 460 1073 499; x_wconf 90' lang='lat' dir='ltr'>re·</span> 
     </span>
     <span class='ocr_line' id='line_1_4' title="bbox 57 531 242 605; baseline -0.011 -16"><span class='ocrx_word' id='word_1_23' title='bbox 57 532 165 605; x_wconf 88' lang='lat' dir='ltr'>ceptus</span> <span class='ocrx_word' id='word_1_24' title='bbox 187 531 242 587; x_wconf 87' lang='lat' dir='ltr'>est.</span> 
     </span>
    </p>

    <p class='ocr_par' dir='ltr' id='par_1_3' title="bbox 57 616 1084 1404">
     <span class='ocr_line' id='line_1_5' title="bbox 150 616 1074 692; baseline 0.002 -16"><span class='ocrx_word' id='word_1_25' title='bbox 150 617 267 676; x_wconf 82' lang='lat' dir='ltr'>Plinius</span> <span class='ocrx_word' id='word_1_26' title='bbox 292 636 338 691; x_wconf 90' lang='lat' dir='ltr'>ep.</span> <span class='ocrx_word' id='word_1_27' title='bbox 360 619 389 692; x_wconf 86' lang='lat'>6,</span> <span class='ocrx_word' id='word_1_28' title='bbox 409 618 427 676; x_wconf 85' lang='lat'>5</span> <span class='ocrx_word' id='word_1_29' title='bbox 452 617 562 676; x_wconf 88' lang='lat' dir='ltr'>litteris</span> <span class='ocrx_word' id='word_1_30' title='bbox 586 617 624 676; x_wconf 93' lang='lat' dir='ltr'>ad</span> <span class='ocrx_word' id='word_1_31' title='bbox 642 616 754 676; x_wconf 89' lang='lat' dir='ltr'>Ursum</span> <span class='ocrx_word' id='word_1_32' title='bbox 777 616 855 676; x_wconf 90' lang='lat' dir='ltr'>datis</span> <span class='ocrx_word' id='word_1_33' title='bbox 879 616 915 676; x_wconf 90' lang='lat' dir='ltr'>de</span> <span class='ocrx_word' id='word_1_34' title='bbox 934 620 1074 692; x_wconf 88' lang='lat' dir='ltr'>praetore</span> 
     </span>
     <span class='ocr_line' id='line_1_6' title="bbox 57 699 1074 782; baseline 0.001 -16"><span class='ocrx_word' id='word_1_35' title='bbox 57 708 134 766; x_wconf 89' lang='lat' dir='ltr'>haec</span> <span class='ocrx_word' id='word_1_36' title='bbox 161 707 278 766; x_wconf 86' lang='lat' dir='ltr'>narrat:</span> <span class='ocrx_word' id='word_1_37' title='bbox 308 699 495 782; x_wconf 74' lang='lat' dir='ltr'>‘scripseram</span> <span class='ocrx_word' id='word_1_38' title='bbox 524 705 655 765; x_wconf 87' lang='lat' dir='ltr'>tonuisse</span> <span class='ocrx_word' id='word_1_39' title='bbox 682 705 834 765; x_wconf 77' lang='lat' dir='ltr'>Varenum</span> <span class='ocrx_word' id='word_1_40' title='bbox 862 709 899 765; x_wconf 92' lang='lat' dir='ltr'>ut</span> <span class='ocrx_word' id='word_1_41' title='bbox 921 707 978 766; x_wconf 86' lang='lat' dir='ltr'>sibi</span> <span class='ocrx_word' id='word_1_42' title='bbox 1006 725 1074 767; x_wconf 85' lang='lat' dir='ltr'>evo-</span> 
     </span>
     <span class='ocr_line' id='line_1_7' title="bbox 60 793 1084 872; baseline -0.001 -18"><span class='ocrx_word' id='word_1_43' title='bbox 60 813 129 855; x_wconf 87' lang='lat' dir='ltr'>care</span> <span class='ocrx_word' id='word_1_44' title='bbox 148 797 244 854; x_wconf 88' lang='lat' dir='ltr'>testes</span> <span class='ocrx_word' id='word_1_45' title='bbox 261 795 379 871; x_wconf 86' lang='lat' dir='ltr'>liceret;</span> <span class='ocrx_word' id='word_1_46' title='bbox 403 794 483 871; x_wconf 92' lang='lat' dir='ltr'>quod</span> <span class='ocrx_word' id='word_1_47' title='bbox 501 793 640 869; x_wconf 88' lang='lat' dir='ltr'>pluribus</span> <span class='ocrx_word' id='word_1_48' title='bbox 658 813 796 872; x_wconf 90' lang='lat' dir='ltr'>aequum,</span> <span class='ocrx_word' id='word_1_49' title='bbox 819 795 999 872; x_wconf 87' lang='lat' dir='ltr'>quibusdam</span> <span class='ocrx_word' id='word_1_50' title='bbox 1017 795 1084 853; x_wconf 78' lang='grc' dir='ltr'><strong>ιιι.</strong></span> 
     </span>
     <span class='ocr_line' id='line_1_8' title="bbox 59 883 1074 961; baseline 0 -19"><span class='ocrx_word' id='word_1_51' title='bbox 59 904 153 961; x_wconf 89' lang='lat' dir='ltr'>quum</span> <span class='ocrx_word' id='word_1_52' title='bbox 167 886 198 942; x_wconf 90' lang='lat' dir='ltr'>et</span> <span class='ocrx_word' id='word_1_53' title='bbox 213 884 333 960; x_wconf 90' lang='lat' dir='ltr'>quidem</span> <span class='ocrx_word' id='word_1_54' title='bbox 347 883 540 958; x_wconf 72' lang='lat' dir='ltr'>pertinaciter</span> <span class='ocrx_word' id='word_1_55' title='bbox 553 883 661 955; x_wconf 80' lang='lat' dir='ltr'>visum,</span> <span class='ocrx_word' id='word_1_56' title='bbox 680 883 808 942; x_wconf 84' lang='lat' dir='ltr'>maxime</span> <span class='ocrx_word' id='word_1_57' title='bbox 822 884 937 944; x_wconf 89' lang='lat' dir='ltr'>Licinio</span> <span class='ocrx_word' id='word_1_58' title='bbox 953 884 1074 960; x_wconf 81' lang='lat' dir='ltr'>Nepoti,</span> 
     </span>
     <span class='ocr_line' id='line_1_9' title="bbox 58 971 1075 1050; baseline 0.001 -19"><span class='ocrx_word' id='word_1_59' title='bbox 58 973 112 1050; x_wconf 92' lang='lat' dir='ltr'>qui</span> <span class='ocrx_word' id='word_1_60' title='bbox 140 973 277 1048; x_wconf 79' lang='lat' dir='ltr'>sequenti</span> <span class='ocrx_word' id='word_1_61' title='bbox 304 976 425 1048; x_wconf 89' lang='lat' dir='ltr'>senatu,</span> <span class='ocrx_word' id='word_1_62' title='bbox 455 989 523 1030; x_wconf 91' lang='lat' dir='ltr'>cum</span> <span class='ocrx_word' id='word_1_63' title='bbox 551 971 587 1029; x_wconf 89' lang='lat' dir='ltr'>de</span> <span class='ocrx_word' id='word_1_64' title='bbox 619 972 708 1031; x_wconf 89' lang='lat' dir='ltr'>rebus</span> <span class='ocrx_word' id='word_1_65' title='bbox 736 971 804 1030; x_wconf 91' lang='lat' dir='ltr'>aliis</span> <span class='ocrx_word' id='word_1_66' title='bbox 831 973 1008 1050; x_wconf 80' lang='lat' dir='ltr'>referretur,</span> <span class='ocrx_word' id='word_1_67' title='bbox 1037 973 1075 1032; x_wconf 91' lang='lat' dir='ltr'>de</span> 
     </span>
     <span class='ocr_line' id='line_1_10' title="bbox 58 1059 1075 1137; baseline 0.001 -19"><span class='ocrx_word' id='word_1_68' title='bbox 58 1062 195 1137; x_wconf 83' lang='lat' dir='ltr'>proximo</span> <span class='ocrx_word' id='word_1_69' title='bbox 233 1066 355 1120; x_wconf 87' lang='lat' dir='ltr'>senatus</span> <span class='ocrx_word' id='word_1_70' title='bbox 392 1060 529 1119; x_wconf 88' lang='lat' dir='ltr'>consulto</span> <span class='ocrx_word' id='word_1_71' title='bbox 567 1059 710 1119; x_wconf 78' lang='lat' dir='ltr'>disseruit</span> <span class='ocrx_word' id='word_1_72' title='bbox 743 1060 919 1136; x_wconf 87' lang='lat' dir='ltr'>finitamque</span> <span class='ocrx_word' id='word_1_73' title='bbox 952 1079 1075 1121; x_wconf 89' lang='lat' dir='ltr'>causam</span> 
     </span>
     <span class='ocr_line' id='line_1_11' title="bbox 58 1148 1074 1224; baseline 0.001 -16"><span class='ocrx_word' id='word_1_74' title='bbox 58 1150 246 1209; x_wconf 82' lang='lat' dir='ltr'>retractavit.</span> <span class='ocrx_word' id='word_1_75' title='bbox 288 1148 404 1207; x_wconf 91' lang='lat' dir='ltr'>addidit</span> <span class='ocrx_word' id='word_1_76' title='bbox 431 1148 522 1207; x_wconf 89' lang='lat' dir='ltr'>etism</span> <span class='ocrx_word' id='word_1_77' title='bbox 545 1150 708 1224; x_wconf 88' lang='lat' dir='ltr'>petendum</span> <span class='ocrx_word' id='word_1_78' title='bbox 731 1167 749 1207; x_wconf 90' lang='lat' dir='ltr'>a</span> <span class='ocrx_word' id='word_1_79' title='bbox 772 1150 946 1210; x_wconf 89' lang='lat' dir='ltr'>consulibus</span> <span class='ocrx_word' id='word_1_80' title='bbox 968 1154 1005 1209; x_wconf 90' lang='lat' dir='ltr'>ut</span> <span class='ocrx_word' id='word_1_81' title='bbox 1029 1169 1074 1209; x_wconf 90' lang='lat' dir='ltr'>re·</span> 
     </span>
     <span class='ocr_line' id='line_1_12' title="bbox 58 1237 1083 1316; baseline -0.002 -18"><span class='ocrx_word' id='word_1_82' title='bbox 58 1239 174 1298; x_wconf 84' lang='lat' dir='ltr'>ferrent</span> <span class='ocrx_word' id='word_1_83' title='bbox 197 1237 253 1296; x_wconf 90' lang='lat' dir='ltr'>sub</span> <span class='ocrx_word' id='word_1_84' title='bbox 276 1237 412 1312; x_wconf 84' lang='lat' dir='ltr'>exemplo</span> <span class='ocrx_word' id='word_1_85' title='bbox 435 1237 512 1312; x_wconf 86' lang='lat' dir='ltr'>legis</span> <span class='ocrx_word' id='word_1_86' title='bbox 535 1237 666 1296; x_wconf 83' lang='lat' dir='ltr'>ambitus</span> <span class='ocrx_word' id='word_1_87' title='bbox 689 1238 725 1296; x_wconf 89' lang='lat' dir='ltr'>de</span> <span class='ocrx_word' id='word_1_88' title='bbox 744 1238 811 1316; x_wconf 87' lang='lat' dir='ltr'>loge</span> <span class='ocrx_word' id='word_1_89' title='bbox 829 1239 1083 1315; x_wconf 72' lang='lat' dir='ltr'>repetundarum,</span> 
     </span>
     <span class='ocr_line' id='line_1_13' title="bbox 58 1325 1083 1404; baseline 0 -18"><span class='ocrx_word' id='word_1_90' title='bbox 58 1346 98 1386; x_wconf 86' lang='lat' dir='ltr'>an</span> <span class='ocrx_word' id='word_1_91' title='bbox 129 1327 265 1403; x_wconf 78' lang='lat' dir='ltr'>placeret</span> <span class='ocrx_word' id='word_1_92' title='bbox 296 1325 328 1384; x_wconf 92' lang='lat' dir='ltr'>in</span> <span class='ocrx_word' id='word_1_93' title='bbox 359 1326 496 1385; x_wconf 85' lang='lat' dir='ltr'>futurum</span> <span class='ocrx_word' id='word_1_94' title='bbox 526 1326 564 1384; x_wconf 88' lang='lat' dir='ltr'>ad</span> <span class='ocrx_word' id='word_1_95' title='bbox 592 1345 658 1385; x_wconf 87' lang='lat' dir='ltr'>eam</span> <span class='ocrx_word' id='word_1_96' title='bbox 684 1326 781 1401; x_wconf 85' lang='lat' dir='ltr'>legem</span> <span class='ocrx_word' id='word_1_97' title='bbox 810 1327 888 1387; x_wconf 90' lang='lat' dir='ltr'>adici</span> <span class='ocrx_word' id='word_1_98' title='bbox 915 1331 963 1404; x_wconf 89' lang='lat' dir='ltr'>ut,</span> <span class='ocrx_word' id='word_1_99' title='bbox 995 1328 1083 1395; x_wconf 88' lang='lat' dir='ltr'>sicut</span> 
     </span>
    </p>

    <p class='ocr_par' dir='ltr' id='par_1_4' title="bbox 25 1414 1075 2380">
     <span class='ocr_line' id='line_1_14' title="bbox 59 1414 1072 1492; baseline 0 -17"><span class='ocrx_word' id='word_1_100' title='bbox 59 1415 286 1476; x_wconf 84' lang='lat' dir='ltr'>accusatoribus</span> <span class='ocrx_word' id='word_1_101' title='bbox 312 1414 481 1491; x_wconf 90' lang='lat' dir='ltr'>inquirendi</span> <span class='ocrx_word' id='word_1_102' title='bbox 506 1415 696 1490; x_wconf 84' lang='lat' dir='ltr'>testibusque</span> <span class='ocrx_word' id='word_1_103' title='bbox 719 1414 916 1475; x_wconf 84' lang='lat' dir='ltr'>denuntiandi</span> <span class='ocrx_word' id='word_1_104' title='bbox 939 1421 1072 1492; x_wconf 87' lang='lat' dir='ltr'>potestas</span> 
     </span>
     <span class='ocr_line' id='line_1_15' title="bbox 25 1490 1074 1584; baseline 0.001 -21"><span class='ocrx_word' id='word_1_105' title='bbox 25 1490 30 1503; x_wconf 66' lang='grc'><strong><em>’</em></strong></span> <span class='ocrx_word' id='word_1_106' title='bbox 58 1522 96 1563; x_wconf 85' lang='lat' dir='ltr'>ex</span> <span class='ocrx_word' id='word_1_107' title='bbox 119 1523 157 1563; x_wconf 90' lang='lat' dir='ltr'>ea</span> <span class='ocrx_word' id='word_1_108' title='bbox 179 1505 246 1581; x_wconf 83' lang='lat' dir='ltr'>lego</span> <span class='ocrx_word' id='word_1_109' title='bbox 269 1506 360 1576; x_wconf 88' lang='lat' dir='ltr'>esset,</span> <span class='ocrx_word' id='word_1_110' title='bbox 389 1503 434 1562; x_wconf 88' lang='lat' dir='ltr'>ita</span> <span class='ocrx_word' id='word_1_111' title='bbox 456 1503 515 1562; x_wconf 85' lang='lat' dir='ltr'>reis</span> <span class='ocrx_word' id='word_1_112' title='bbox 539 1522 656 1579; x_wconf 90' lang='lat' dir='ltr'>quoque</span> <span class='ocrx_word' id='word_1_113' title='bbox 679 1503 772 1563; x_wconf 88' lang='lat' dir='ltr'>ficret.</span> <span class='ocrx_word' id='word_1_114' title='bbox 819 1506 943 1564; x_wconf 85' lang='lat' dir='ltr'>fuerunt</span> <span class='ocrx_word' id='word_1_115' title='bbox 965 1506 1074 1584; x_wconf 90' lang='lat' dir='ltr'>quibus</span> 
     </span>
     <span class='ocr_line' id='line_1_16' title="bbox 57 1591 1075 1671; baseline 0 -19"><span class='ocrx_word' id='word_1_116' title='bbox 57 1595 131 1652; x_wconf 89' lang='lat' dir='ltr'>haec</span> <span class='ocrx_word' id='word_1_117' title='bbox 161 1593 225 1652; x_wconf 89' lang='lat' dir='ltr'>eius</span> <span class='ocrx_word' id='word_1_118' title='bbox 254 1591 350 1651; x_wconf 89' lang='lat' dir='ltr'>oratio</span> <span class='ocrx_word' id='word_1_119' title='bbox 378 1594 413 1650; x_wconf 91' lang='lat' dir='ltr'>ut</span> <span class='ocrx_word' id='word_1_120' title='bbox 440 1611 507 1651; x_wconf 86' lang='lat' dir='ltr'>sera</span> <span class='ocrx_word' id='word_1_121' title='bbox 534 1601 565 1651; x_wconf 92' lang='lat' dir='ltr'>et</span> <span class='ocrx_word' id='word_1_122' title='bbox 587 1592 799 1667; x_wconf 87' lang='lat' dir='ltr'>intempestiva</span> <span class='ocrx_word' id='word_1_123' title='bbox 827 1596 857 1652; x_wconf 92' lang='lat' dir='ltr'>et</span> <span class='ocrx_word' id='word_1_124' title='bbox 879 1597 1075 1671; x_wconf 87' lang='lat' dir='ltr'>praepostera</span> 
     </span>
     <span class='ocr_line' id='line_1_17' title="bbox 57 1680 1074 1758; baseline 0 -17"><span class='ocrx_word' id='word_1_125' title='bbox 57 1681 243 1758; x_wconf 83' lang='lat' dir='ltr'>displiceret,</span> <span class='ocrx_word' id='word_1_126' title='bbox 266 1700 342 1757; x_wconf 87' lang='lat' dir='ltr'>quae</span> <span class='ocrx_word' id='word_1_127' title='bbox 366 1680 475 1740; x_wconf 90' lang='lat' dir='ltr'>omisso</span> <span class='ocrx_word' id='word_1_128' title='bbox 499 1683 604 1740; x_wconf 86' lang='lat' dir='ltr'>contra</span> <span class='ocrx_word' id='word_1_129' title='bbox 622 1681 739 1740; x_wconf 88' lang='lat' dir='ltr'>dicendi</span> <span class='ocrx_word' id='word_1_130' title='bbox 757 1685 890 1756; x_wconf 91' lang='lat' dir='ltr'>tempore</span> <span class='ocrx_word' id='word_1_131' title='bbox 910 1685 1074 1757; x_wconf 77' lang='lat' dir='ltr'>castigaret</span> 
     </span>
     <span class='ocr_line' id='line_1_18' title="bbox 56 1769 1073 1850; baseline 0 -20"><span class='ocrx_word' id='word_1_132' title='bbox 56 1773 214 1847; x_wconf 87' lang='lat' dir='ltr'>peractum</span> <span class='ocrx_word' id='word_1_133' title='bbox 256 1769 305 1830; x_wconf 91' lang='lat' dir='ltr'>cui</span> <span class='ocrx_word' id='word_1_134' title='bbox 345 1769 495 1845; x_wconf 91' lang='lat' dir='ltr'>potuisset</span> <span class='ocrx_word' id='word_1_135' title='bbox 535 1788 698 1829; x_wconf 86' lang='lat' dir='ltr'>occurrere.</span> <span class='ocrx_word' id='word_1_136' title='bbox 756 1770 912 1831; x_wconf 88' lang='lat' dir='ltr'>Iuventius</span> <span class='ocrx_word' id='word_1_137' title='bbox 952 1772 1073 1850; x_wconf 90' lang='lat' dir='ltr'>quidem</span> 
     </span>
     <span class='ocr_line' id='line_1_19' title="bbox 59 1858 1073 1935; baseline 0.001 -17"><span class='ocrx_word' id='word_1_138' title='bbox 59 1858 164 1918; x_wconf 78' lang='lat' dir='ltr'>Celsus</span> <span class='ocrx_word' id='word_1_139' title='bbox 190 1861 313 1935; x_wconf 88' lang='lat' dir='ltr'>praetor</span> <span class='ocrx_word' id='word_1_140' title='bbox 339 1861 493 1934; x_wconf 84' lang='lat' dir='ltr'>tamquam</span> <span class='ocrx_word' id='word_1_141' title='bbox 521 1859 743 1918; x_wconf 88' lang='lat' dir='ltr'>emendatorem</span> <span class='ocrx_word' id='word_1_142' title='bbox 769 1863 891 1918; x_wconf 88' lang='lat' dir='ltr'>senatus</span> <span class='ocrx_word' id='word_1_143' title='bbox 915 1864 946 1919; x_wconf 88' lang='lat' dir='ltr'>et</span> <span class='ocrx_word' id='word_1_144' title='bbox 968 1860 1073 1919; x_wconf 88' lang='lat' dir='ltr'>multis</span> 
     </span>
     <span class='ocr_line' id='line_1_20' title="bbox 61 1946 1072 2025; baseline 0 -19"><span class='ocrx_word' id='word_1_145' title='bbox 61 1951 91 2006; x_wconf 93' lang='lat' dir='ltr'>et</span> <span class='ocrx_word' id='word_1_146' title='bbox 124 1948 319 2008; x_wconf 86' lang='lat' dir='ltr'>vehementer</span> <span class='ocrx_word' id='word_1_147' title='bbox 353 1947 511 2022; x_wconf 90' lang='lat' dir='ltr'>increpuit.</span> <span class='ocrx_word' id='word_1_148' title='bbox 564 1946 719 2021; x_wconf 88' lang='lat' dir='ltr'>respondit</span> <span class='ocrx_word' id='word_1_149' title='bbox 756 1947 870 2024; x_wconf 88' lang='lat' dir='ltr'>Nepos,</span> <span class='ocrx_word' id='word_1_150' title='bbox 906 1967 1072 2025; x_wconf 88' lang='lat' dir='ltr'>rursusque</span> 
     </span>
     <span class='ocr_line' id='line_1_21' title="bbox 60 2033 1074 2113; baseline -0.002 -17"><span class='ocrx_word' id='word_1_151' title='bbox 60 2033 179 2096; x_wconf 78' lang='lat' dir='ltr'>Celeus:</span> <span class='ocrx_word' id='word_1_152' title='bbox 207 2039 314 2096; x_wconf 88' lang='lat' dir='ltr'>neuter</span> <span class='ocrx_word' id='word_1_153' title='bbox 343 2036 533 2096; x_wconf 86' lang='lat' dir='ltr'>contumeliis</span> <span class='ocrx_word' id='word_1_154' title='bbox 560 2036 744 2111; x_wconf 84' lang='lat' dir='ltr'>temperavit</span> <span class='ocrx_word' id='word_1_155' title='bbox 850 2036 924 2094; x_wconf 89' lang='lat' dir='ltr'>mihi</span> <span class='ocrx_word' id='word_1_156' title='bbox 953 2037 1074 2113; x_wconf 91' lang='lat' dir='ltr'>quidem</span> 
     </span>
     <span class='ocr_line' id='line_1_22' title="bbox 58 2120 1073 2203; baseline 0 -21"><span class='ocrx_word' id='word_1_157' title='bbox 58 2120 137 2184; x_wconf 92' lang='lat' dir='ltr'>illud</span> <span class='ocrx_word' id='word_1_158' title='bbox 168 2124 260 2184; x_wconf 89' lang='lat' dir='ltr'>etiam</span> <span class='ocrx_word' id='word_1_159' title='bbox 283 2125 477 2200; x_wconf 85' lang='lat' dir='ltr'>peracerbum</span> <span class='ocrx_word' id='word_1_160' title='bbox 501 2125 561 2183; x_wconf 89' lang='lat' dir='ltr'>fuit</span> <span class='ocrx_word' id='word_1_161' title='bbox 591 2125 671 2200; x_wconf 93' lang='lat' dir='ltr'>quod</span> <span class='ocrx_word' id='word_1_162' title='bbox 693 2131 765 2183; x_wconf 91' lang='lat' dir='ltr'>sunt</span> <span class='ocrx_word' id='word_1_163' title='bbox 787 2125 865 2183; x_wconf 90' lang='lat' dir='ltr'>alter</span> <span class='ocrx_word' id='word_1_164' title='bbox 887 2125 977 2184; x_wconf 90' lang='lat' dir='ltr'>alteri</span> <span class='ocrx_word' id='word_1_165' title='bbox 1000 2124 1073 2203; x_wconf 91' lang='lat' dir='ltr'>quid</span> 
     </span>
     <span class='ocr_line' id='line_1_23' title="bbox 59 2212 1073 2289; baseline -0.001 -15"><span class='ocrx_word' id='word_1_166' title='bbox 59 2215 205 2289; x_wconf 88' lang='lat' dir='ltr'>pararent</span> <span class='ocrx_word' id='word_1_167' title='bbox 231 2213 363 2273; x_wconf 88' lang='lat' dir='ltr'>indicati.</span> <span class='ocrx_word' id='word_1_168' title='bbox 409 2232 478 2271; x_wconf 90' lang='lat' dir='ltr'>nam</span> <span class='ocrx_word' id='word_1_169' title='bbox 507 2218 538 2272; x_wconf 91' lang='lat' dir='ltr'>et</span> <span class='ocrx_word' id='word_1_170' title='bbox 566 2212 670 2272; x_wconf 85' lang='lat' dir='ltr'>Celsus</span> <span class='ocrx_word' id='word_1_171' title='bbox 697 2213 808 2289; x_wconf 86' lang='lat' dir='ltr'>Nepoti</span> <span class='ocrx_word' id='word_1_172' title='bbox 836 2233 872 2272; x_wconf 85' lang='lat' dir='ltr'>ex</span> <span class='ocrx_word' id='word_1_173' title='bbox 898 2214 1001 2274; x_wconf 87' lang='lat' dir='ltr'>libello</span> <span class='ocrx_word' id='word_1_174' title='bbox 1026 2232 1073 2273; x_wconf 88' lang='lat' dir='ltr'>re·</span> 
     </span>
     <span class='ocr_line' id='line_1_24' title="bbox 60 2296 830 2380; baseline -0.001 -19"><span class='ocrx_word' id='word_1_175' title='bbox 60 2301 183 2378; x_wconf 89' lang='lat' dir='ltr'>spondit</span> <span class='ocrx_word' id='word_1_176' title='bbox 206 2305 237 2362; x_wconf 92' lang='lat' dir='ltr'>et</span> <span class='ocrx_word' id='word_1_177' title='bbox 259 2301 345 2362; x_wconf 83' lang='lat' dir='ltr'>Celso</span> <span class='ocrx_word' id='word_1_178' title='bbox 369 2303 468 2378; x_wconf 88' lang='lat' dir='ltr'>Nepos</span> <span class='ocrx_word' id='word_1_179' title='bbox 493 2321 529 2360; x_wconf 85' lang='lat' dir='ltr'>ex</span> <span class='ocrx_word' id='word_1_180' title='bbox 551 2302 772 2380; x_wconf 78' lang='lat' dir='ltr'>pugillaribus,</span> <span class='ocrx_word' id='word_1_181' title='bbox 788 2349 794 2362; x_wconf 95' lang='lat'><strong>.</strong></span> <span class='ocrx_word' id='word_1_182' title='bbox 810 2296 830 2361; x_wconf 94' lang='lat'><strong>.&#39;</strong></span> 
     </span>
    </p>

    <p class='ocr_par' dir='ltr' id='par_1_5' title="bbox 56 2390 1074 2912">
     <span class='ocr_line' id='line_1_25' title="bbox 148 2390 1072 2468; baseline 0.003 -20"><span class='ocrx_word' id='word_1_183' title='bbox 148 2391 196 2448; x_wconf 82' lang='lat' dir='ltr'>Ab</span> <span class='ocrx_word' id='word_1_184' title='bbox 228 2390 293 2468; x_wconf 89' lang='lat' dir='ltr'>ipso</span> <span class='ocrx_word' id='word_1_185' title='bbox 323 2393 409 2466; x_wconf 89' lang='lat' dir='ltr'>patre</span> <span class='ocrx_word' id='word_1_186' title='bbox 437 2393 467 2449; x_wconf 91' lang='lat' dir='ltr'>et</span> <span class='ocrx_word' id='word_1_187' title='bbox 494 2391 649 2468; x_wconf 87' lang='lat' dir='ltr'>Aristone,</span> <span class='ocrx_word' id='word_1_188' title='bbox 682 2394 716 2449; x_wconf 91' lang='lat' dir='ltr'>ut</span> <span class='ocrx_word' id='word_1_189' title='bbox 741 2391 875 2462; x_wconf 84' lang='lat' dir='ltr'>videtur,</span> <span class='ocrx_word' id='word_1_190' title='bbox 907 2391 1072 2452; x_wconf 88' lang='lat' dir='ltr'>instructus</span> 
     </span>
     <span class='ocr_line' id='line_1_26' title="bbox 57 2471 1068 2560; baseline 0.001 -22"><span class='ocrx_word' id='word_1_191' title='bbox 57 2471 109 2560; x_wconf 92' lang='lat' dir='ltr'>(D.</span> <span class='ocrx_word' id='word_1_192' title='bbox 135 2481 191 2554; x_wconf 89' lang='lat'>31,</span> <span class='ocrx_word' id='word_1_193' title='bbox 215 2481 257 2538; x_wconf 88' lang='grc'>20</span> <span class='ocrx_word' id='word_1_194' title='bbox 286 2473 315 2538; x_wconf 75' lang='lat' dir='ltr'>‘a</span> <span class='ocrx_word' id='word_1_195' title='bbox 342 2482 428 2555; x_wconf 90' lang='lat' dir='ltr'>patre</span> <span class='ocrx_word' id='word_1_196' title='bbox 454 2479 497 2538; x_wconf 88' lang='lat' dir='ltr'>sic</span> <span class='ocrx_word' id='word_1_197' title='bbox 520 2480 622 2555; x_wconf 88' lang='lat' dir='ltr'>accepi</span> <span class='ocrx_word' id='word_1_198' title='bbox 645 2472 744 2554; x_wconf 93' lang='lat' dir='ltr'>quod&#39;.</span> <span class='ocrx_word' id='word_1_199' title='bbox 781 2479 828 2544; x_wconf 88' lang='lat' dir='ltr'>D.</span> <span class='ocrx_word' id='word_1_200' title='bbox 847 2482 903 2556; x_wconf 86' lang='lat'>40,</span> <span class='ocrx_word' id='word_1_201' title='bbox 925 2483 956 2558; x_wconf 81' lang='lat'>7,</span> <span class='ocrx_word' id='word_1_202' title='bbox 976 2482 1068 2556; x_wconf 88' lang='grc'>29,1</span> 
     </span>
     <span class='ocr_line' id='line_1_27' title="bbox 57 2561 1074 2648; baseline 0.003 -22"><span class='ocrx_word' id='word_1_203' title='bbox 57 2561 175 2626; x_wconf 81' lang='lat' dir='ltr'>‘Aristo</span> <span class='ocrx_word' id='word_1_204' title='bbox 190 2565 275 2627; x_wconf 82' lang='lat' dir='ltr'>Celso</span> <span class='ocrx_word' id='word_1_205' title='bbox 294 2561 472 2648; x_wconf 81' lang='lat' dir='ltr'>rescripsit&#39;)</span> <span class='ocrx_word' id='word_1_206' title='bbox 492 2572 523 2627; x_wconf 93' lang='lat' dir='ltr'>et</span> <span class='ocrx_word' id='word_1_207' title='bbox 540 2568 744 2644; x_wconf 89' lang='lat' dir='ltr'>respondendo</span> <span class='ocrx_word' id='word_1_208' title='bbox 764 2574 795 2628; x_wconf 91' lang='lat' dir='ltr'>ot</span> <span class='ocrx_word' id='word_1_209' title='bbox 809 2568 894 2628; x_wconf 91' lang='lat' dir='ltr'>libris</span> <span class='ocrx_word' id='word_1_210' title='bbox 909 2570 1074 2629; x_wconf 88' lang='lat' dir='ltr'>scribendis</span> 
     </span>
     <span class='ocr_line' id='line_1_28' title="bbox 57 2655 1073 2734; baseline 0.001 -19"><span class='ocrx_word' id='word_1_211' title='bbox 57 2675 182 2732; x_wconf 89' lang='lat' dir='ltr'>operam</span> <span class='ocrx_word' id='word_1_212' title='bbox 201 2655 284 2716; x_wconf 88' lang='lat' dir='ltr'>dedit</span> <span class='ocrx_word' id='word_1_213' title='bbox 301 2659 444 2716; x_wconf 90' lang='lat' dir='ltr'>successit</span> <span class='ocrx_word' id='word_1_214' title='bbox 445 2676 502 2734; x_wconf 90' lang='lat' dir='ltr'>que</span> <span class='ocrx_word' id='word_1_215' title='bbox 521 2658 640 2718; x_wconf 88' lang='lat' dir='ltr'>scholae</span> <span class='ocrx_word' id='word_1_216' title='bbox 659 2658 796 2733; x_wconf 86' lang='lat' dir='ltr'>princeps</span> <span class='ocrx_word' id='word_1_217' title='bbox 814 2676 854 2734; x_wconf 87' lang='lat' dir='ltr'>pa</span> <span class='ocrx_word' id='word_1_218' title='bbox 854 2660 895 2716; x_wconf 94' lang='lat' dir='ltr'>tri</span> <span class='ocrx_word' id='word_1_219' title='bbox 914 2657 1073 2719; x_wconf 89' lang='lat' dir='ltr'>Celsot</span> <span class='ocrx_word' id='word_1_220' title='bbox 1020 2665 1073 2718; x_wconf 90' lang='lat' dir='ltr'>aut</span> 
     </span>
     <span class='ocr_line' id='line_1_29' title="bbox 56 2738 1071 2828; baseline 0.004 -24"><span class='ocrx_word' id='word_1_221' title='bbox 56 2748 128 2804; x_wconf 88' lang='lat' dir='ltr'>ante</span> <span class='ocrx_word' id='word_1_222' title='bbox 147 2745 306 2804; x_wconf 85' lang='lat' dir='ltr'>Neratium</span> <span class='ocrx_word' id='word_1_223' title='bbox 325 2745 460 2806; x_wconf 86' lang='lat' dir='ltr'>Priscum</span> <span class='ocrx_word' id='word_1_224' title='bbox 478 2749 532 2805; x_wconf 86' lang='lat' dir='ltr'>aut</span> <span class='ocrx_word' id='word_1_225' title='bbox 551 2765 618 2806; x_wconf 92' lang='lat' dir='ltr'>cum</span> <span class='ocrx_word' id='word_1_226' title='bbox 633 2746 756 2805; x_wconf 89' lang='lat' dir='ltr'>Neratio</span> <span class='ocrx_word' id='word_1_227' title='bbox 773 2738 970 2828; x_wconf 89' lang='lat' dir='ltr'>(Pomponius</span> <span class='ocrx_word' id='word_1_228' title='bbox 985 2745 1071 2824; x_wconf 65' lang='lat'>553:</span> 
     </span>
     <span class='ocr_line' id='line_1_30' title="bbox 56 2827 1073 2912; baseline 0.004 -20.052"><span class='ocrx_word' id='word_1_229' title='bbox 56 2827 238 2894; x_wconf 79' lang='lat' dir='ltr'>suecessit</span> <span class='ocrx_word' id='word_1_230' title='bbox 250 2835 370 2910; x_wconf 88' lang='lat' dir='ltr'>..patri</span> <span class='ocrx_word' id='word_1_231' title='bbox 389 2833 474 2893; x_wconf 84' lang='lat' dir='ltr'>Celso</span> <span class='ocrx_word' id='word_1_232' title='bbox 495 2834 599 2894; x_wconf 86' lang='lat' dir='ltr'>Celsus</span> <span class='ocrx_word' id='word_1_233' title='bbox 617 2835 697 2893; x_wconf 90' lang='lat' dir='ltr'>filius</span> <span class='ocrx_word' id='word_1_234' title='bbox 716 2838 746 2894; x_wconf 88' lang='lat' dir='ltr'>et</span> <span class='ocrx_word' id='word_1_235' title='bbox 759 2835 879 2896; x_wconf 86' lang='lat' dir='ltr'>Priscus</span> <span class='ocrx_word' id='word_1_236' title='bbox 894 2831 1049 2896; x_wconf 88' lang='lat' dir='ltr'>Neratius&#39;</span> <span class='ocrx_word' id='word_1_237' title='bbox 1051 2833 1073 2912; x_wconf 90' lang='lat'>.)</span> 
     </span>
    </p>

    <p class='ocr_par' dir='ltr' id='par_1_6' title="bbox 56 2923 1073 3357">
     <span class='ocr_line' id='line_1_31' title="bbox 146 2923 1073 3001; baseline 0.004 -21"><span class='ocrx_word' id='word_1_238' title='bbox 146 2923 228 2981; x_wconf 85' lang='lat' dir='ltr'>Ante</span> <span class='ocrx_word' id='word_1_239' title='bbox 256 2923 451 3001; x_wconf 83' lang='lat' dir='ltr'>Digestorum</span> <span class='ocrx_word' id='word_1_240' title='bbox 483 2924 576 2983; x_wconf 89' lang='lat' dir='ltr'>libros</span> <span class='ocrx_word' id='word_1_241' title='bbox 604 2924 730 2982; x_wconf 87' lang='lat' dir='ltr'>XXXIX</span> <span class='ocrx_word' id='word_1_242' title='bbox 758 2924 910 2985; x_wconf 87' lang='lat' dir='ltr'>Hadriano</span> <span class='ocrx_word' id='word_1_243' title='bbox 939 2926 1073 3000; x_wconf 89' lang='lat' dir='ltr'>principe</span> 
     </span>
     <span class='ocr_line' id='line_1_32' title="bbox 56 3011 1073 3092; baseline 0.002 -22"><span class='ocrx_word' id='word_1_244' title='bbox 56 3011 241 3087; x_wconf 84' lang='lat' dir='ltr'>compositos</span> <span class='ocrx_word' id='word_1_245' title='bbox 273 3017 304 3071; x_wconf 89' lang='lat' dir='ltr'>et</span> <span class='ocrx_word' id='word_1_246' title='bbox 336 3013 374 3071; x_wconf 90' lang='lat' dir='ltr'>ab</span> <span class='ocrx_word' id='word_1_247' title='bbox 409 3012 466 3071; x_wconf 86' lang='lat' dir='ltr'>hac</span> <span class='ocrx_word' id='word_1_248' title='bbox 494 3012 610 3071; x_wconf 89' lang='lat' dir='ltr'>collect</span> <span class='ocrx_word' id='word_1_249' title='bbox 588 3015 669 3072; x_wconf 85' lang='lat' dir='ltr'>itone</span> <span class='ocrx_word' id='word_1_250' title='bbox 698 3013 824 3092; x_wconf 89' lang='lat' dir='ltr'>alienos,</span> <span class='ocrx_word' id='word_1_251' title='bbox 856 3014 1020 3074; x_wconf 87' lang='lat' dir='ltr'>fortasse</span> <span class='ocrx_word' id='word_1_252' title='bbox 1011 3033 1073 3073; x_wconf 88' lang='lat' dir='ltr'>1am</span> 
     </span>
     <span class='ocr_line' id='line_1_33' title="bbox 56 3100 1072 3180; baseline 0.001 -22"><span class='ocrx_word' id='word_1_253' title='bbox 56 3100 190 3160; x_wconf 86' lang='lat' dir='ltr'>Traiano</span> <span class='ocrx_word' id='word_1_254' title='bbox 213 3100 346 3177; x_wconf 88' lang='lat' dir='ltr'>principe</span> <span class='ocrx_word' id='word_1_255' title='bbox 365 3101 583 3177; x_wconf 82' lang='lat' dir='ltr'>Epistularum,</span> <span class='ocrx_word' id='word_1_256' title='bbox 607 3101 832 3180; x_wconf 82' lang='lat' dir='ltr'>Quaestionum,</span> <span class='ocrx_word' id='word_1_257' title='bbox 856 3101 1072 3163; x_wconf 78' lang='lat' dir='ltr'>Commentari-</span> 
     </span>
     <span class='ocr_line' id='line_1_34' title="bbox 56 3188 1072 3291; baseline 0 -43"><span class='ocrx_word' id='word_1_258' title='bbox 56 3207 146 3248; x_wconf 91' lang='lat' dir='ltr'>orum</span> <span class='ocrx_word' id='word_1_259' title='bbox 183 3188 254 3248; x_wconf 87' lang='lat' dir='ltr'>libri</span> <span class='ocrx_word' id='word_1_260' title='bbox 284 3193 354 3266; x_wconf 88' lang='lat' dir='ltr'>post</span> <span class='ocrx_word' id='word_1_261' title='bbox 356 3208 390 3248; x_wconf 88' lang='lat' dir='ltr'>ea</span> <span class='ocrx_word' id='word_1_262' title='bbox 419 3190 450 3248; x_wconf 89' lang='lat' dir='ltr'>iu</span> <span class='ocrx_word' id='word_1_263' title='bbox 482 3190 676 3291; x_wconf 86' lang='lat' dir='ltr'>Digestorum</span> <span class='ocrx_word' id='word_1_264' title='bbox 708 3190 802 3251; x_wconf 89' lang='lat' dir='ltr'>libros</span> <span class='ocrx_word' id='word_1_265' title='bbox 834 3191 960 3266; x_wconf 90' lang='lat' dir='ltr'>recepti,</span> <span class='ocrx_word' id='word_1_266' title='bbox 997 3209 1072 3266; x_wconf 90' lang='lat' dir='ltr'>quos</span> 
     </span>
     <span class='ocr_line' id='line_1_35' title="bbox 56 3277 652 3357; baseline 0.007 -22"><span class='ocrx_word' id='word_1_267' title='bbox 56 3277 258 3336; x_wconf 85' lang='lat' dir='ltr'>Tribonianus</span> <span class='ocrx_word' id='word_1_268' title='bbox 280 3278 426 3357; x_wconf 86' lang='lat' dir='ltr'>neglexit,</span> <span class='ocrx_word' id='word_1_269' title='bbox 450 3279 551 3338; x_wconf 89' lang='lat' dir='ltr'>emissi</span> <span class='ocrx_word' id='word_1_270' title='bbox 575 3282 652 3339; x_wconf 89' lang='lat' dir='ltr'>sunt.</span> 
     </span>
    </p>

    <p class='ocr_par' dir='ltr' id='par_1_7' title="bbox 72 3313 1093 3626">
     <span class='ocr_line' id='line_1_36' title="bbox 147 3313 1073 3447; baseline 0 -24"><span class='ocrx_word' id='word_1_271' title='bbox 147 3365 268 3425; x_wconf 87' lang='lat' dir='ltr'>Laudat</span> <span class='ocrx_word' id='word_1_272' title='bbox 294 3366 418 3426; x_wconf 85' lang='lat' dir='ltr'>Sextum</span> <span class='ocrx_word' id='word_1_273' title='bbox 447 3367 567 3426; x_wconf 84' lang='lat' dir='ltr'>Aelium</span> <span class='ocrx_word' id='word_1_274' title='bbox 594 3360 643 3446; x_wconf 93' lang='lat' dir='ltr'><strong>(D.</strong></span> <span class='ocrx_word' id='word_1_275' title='bbox 662 3372 714 3440; x_wconf 90' lang='lat'>19,</span> <span class='ocrx_word' id='word_1_276' title='bbox 731 3372 764 3442; x_wconf 90' lang='lat'>1,</span> <span class='ocrx_word' id='word_1_277' title='bbox 780 3370 822 3428; x_wconf 89' lang='grc'>38</span> <span class='ocrx_word' id='word_1_278' title='bbox 828 3359 899 3447; x_wconf 89' lang='grc'>,1),</span> <span class='ocrx_word' id='word_1_279' title='bbox 929 3313 1073 3426; x_wconf 81' lang='lat' dir='ltr'>Catonem</span> 
     </span>
     <span class='ocr_line' id='line_1_37' title="bbox 72 3448 1071 3536; baseline 0 -24"><span class='ocrx_word' id='word_1_280' title='bbox 72 3454 109 3514; x_wconf 94' lang='lat' dir='ltr'>D.</span> <span class='ocrx_word' id='word_1_281' title='bbox 130 3456 187 3531; x_wconf 85' lang='lat'>50,</span> <span class='ocrx_word' id='word_1_282' title='bbox 208 3456 261 3531; x_wconf 91' lang='grc'>16,</span> <span class='ocrx_word' id='word_1_283' title='bbox 282 3457 332 3531; x_wconf 90' lang='lat'>98,</span> <span class='ocrx_word' id='word_1_284' title='bbox 353 3448 400 3535; x_wconf 95' lang='lat'>1),</span> <span class='ocrx_word' id='word_1_285' title='bbox 432 3456 561 3514; x_wconf 90' lang='lat' dir='ltr'>Brutum</span> <span class='ocrx_word' id='word_1_286' title='bbox 593 3449 643 3535; x_wconf 90' lang='lat' dir='ltr'><strong>(D.</strong></span> <span class='ocrx_word' id='word_1_287' title='bbox 668 3459 838 3536; x_wconf 89' lang='grc'>18,2,11,</span> <span class='ocrx_word' id='word_1_288' title='bbox 861 3450 907 3535; x_wconf 94' lang='lat'>1),</span> <span class='ocrx_word' id='word_1_289' title='bbox 939 3455 1071 3513; x_wconf 89' lang='lat' dir='ltr'>Drusum</span> 
     </span>
     <span class='ocr_line' id='line_1_38' title="bbox 72 3503 1093 3626; baseline -0.006 -24"><span class='ocrx_word' id='word_1_290' title='bbox 72 3543 110 3613; x_wconf 90' lang='lat' dir='ltr'><strong>D.</strong></span> <span class='ocrx_word' id='word_1_291' title='bbox 128 3545 179 3620; x_wconf 88' lang='lat'>19,</span> <span class='ocrx_word' id='word_1_292' title='bbox 197 3548 224 3620; x_wconf 91' lang='lat'>1,</span> <span class='ocrx_word' id='word_1_293' title='bbox 239 3536 305 3625; x_wconf 90' lang='lat'>38),</span> <span class='ocrx_word' id='word_1_294' title='bbox 328 3544 477 3603; x_wconf 84' lang='lat' dir='ltr'>Rutilium</span> <span class='ocrx_word' id='word_1_295' title='bbox 496 3540 545 3625; x_wconf 92' lang='lat' dir='ltr'><strong>(D.</strong></span> <span class='ocrx_word' id='word_1_296' title='bbox 559 3548 586 3623; x_wconf 82' lang='lat'>7,</span> <span class='ocrx_word' id='word_1_297' title='bbox 602 3547 632 3624; x_wconf 89' lang='grc'>8,</span> <span class='ocrx_word' id='word_1_298' title='bbox 649 3548 700 3624; x_wconf 88' lang='grc'>10,</span> <span class='ocrx_word' id='word_1_299' title='bbox 714 3541 761 3626; x_wconf 91' lang='lat'>8),</span> <span class='ocrx_word' id='word_1_300' title='bbox 777 3503 932 3616; x_wconf 66' lang='lat' dir='ltr'>Quintum</span> <span class='ocrx_word' id='word_1_301' title='bbox 940 3543 1093 3600; x_wconf 66' lang='lat' dir='ltr'>Nudum</span> 
     </span>
    </p>
   </div>
   <div class='ocr_carea' id='block_1_3' title="bbox 0 0 1220 3944">
    <p class='ocr_par' dir='ltr' id='par_1_8' title="bbox 0 0 1220 3944">
     <span class='ocr_line' id='line_1_39' title="bbox 0 0 1220 3944; baseline 0 0"><span class='ocrx_word' id='word_1_302' title='bbox 0 0 1220 3944; x_wconf 95' lang='lat' dir='ltr'> </span> 
     </span>
    </p>
   </div>
  </div>
 </body>
</html>
