2430 3944
366 211 391 261 4.
415 206 446 261 L.
466 204 650 261 NERATIUS
668 204 815 261 Pfflseus
1030 206 1094 270 341

445 392 492 451 De
513 395 604 452 servis
626 393 734 467 legatis.

174 493 226 558 11.
258 492 295 557 D.
315 494 368 571 33,
387 493 418 578 5,
438 494 488 558 18.
539 492 694 559 Scaevola
725 493 810 559 libro
842 494 939 559 tertio
970 494 1094 562 decimo

81 581 317 658 Quaestionum
337 581 388 667 (P.
403 578 492 668 171).
519 617 557 629 -
582 581 725 648 Homine
743 583 854 669 legato
873 580 1026 647 Neratius
1047 583 1094 648 ait

79 670 164 735 nihil
192 670 246 756 agi
271 670 441 754 repudiato
464 670 634 755 Pamphilo
658 671 768 756 itaque
791 692 864 736 eum
887 673 996 756 ipsum
1018 671 1096 756 eligi

104 780 188 824 osse.

80 784 102 845 P
174 849 225 914 12.
247 845 354 929 1).35,
370 850 398 932 1,
413 849 466 914 37.
501 847 621 913 Paulus
644 848 729 913 libro
749 848 908 936 singulari
927 848 966 912 ad
985 850 1093 932 legem

81 936 211 1002 Fufiam
230 934 401 1002 Caniniam
420 933 469 1023 (P.
484 935 573 1024 925).
599 972 637 983 -
663 934 698 1001 Si
717 937 789 1022 quis
808 959 890 1020 eum,
910 959 1004 1022 quem
1023 937 1094 1020 ipse

82 1025 311 1090 manumittere
332 1047 399 1091 non
421 1029 561 1110 poterat,
588 1026 745 1112 legaverit
767 1026 827 1104 ita,
851 1030 888 1091 ut
911 1047 984 1090 aum
1007 1026 1095 1111 lega-

81 1115 186 1179 tarius
219 1115 476 1197 manumitteret,
510 1115 585 1196 [etsi
614 1136 633 1178 a
661 1115 771 1199 legato
799 1125 866 1193 non
893 1114 1093 1198 repellatur,]

81 1225 150 1269 non
169 1207 220 1268 est
239 1203 478 1286 compellendus
504 1207 542 1268 ut
564 1205 782 1287 manumittat,
801 1204 954 1289 quoniam
973 1203 1095 1268 totiens

84 1291 260 1357 secundum
297 1292 498 1357 voluntatem
535 1293 703 1358 testatoris
740 1292 846 1358 facere
882 1292 1097 1376 compellitur,

83 1381 232 1466 quotiens
261 1385 373 1446 contra
400 1381 506 1465 legem
533 1380 616 1447 nihil
645 1382 689 1446 sit
711 1381 865 1447 futurum.
910 1380 1009 1465 idque
1032 1377 1097 1444 Ne·

82 1470 186 1534 ratius
215 1470 359 1553 scripsit,
387 1475 420 1533 et
445 1469 555 1533 tame'n
582 1492 602 1534 a
629 1470 737 1556 legato
764 1491 830 1535 non
855 1491 926 1534 esse
949 1491 1022 1534 eum
1045 1489 1096 1532 re-

82 1558 284 1642 pellendum,
317 1559 471 1642 quoniam
503 1558 608 1641 magis
639 1558 833 1643 legatarium
861 1557 981 1643 aliquid
1009 1579 1095 1623 oom-

82 1646 216 1712 modum
243 1650 382 1711 testator
408 1648 444 1710 in
470 1647 532 1712 hoc
563 1668 655 1711 servo
685 1669 780 1731 quam
803 1647 954 1711 heredem
977 1646 1095 1711 habere

83 1735 249 1800 voluisset.

172 1827 293 1888 Inclusa
314 1830 408 1888 verba
430 1847 449 1887 a
472 1829 653 1888 Triboniano
676 1829 791 1888 inserta
814 1847 879 1888 esse
901 1828 1027 1889 Pernice
1050 1829 1097 1887 III

82 1938 112 1994 p.
128 1919 170 1978 36
194 1937 222 1977 n.
240 1919 257 1976 1
282 1917 402 1977 iudicat.

177 2019 228 2084 13.
256 2018 294 2082 D.
314 2019 366 2099 30,
383 2018 428 2083 45
436 2040 482 2103 pr.
528 2015 726 2103 Pomponius
750 2018 835 2084 libro
860 2023 950 2083 sexto
975 2018 1016 2082 ad
1040 2016 1096 2082 Sa·

83 2107 199 2172 binum
231 2104 281 2195 (P.
299 2104 389 2193 498).
419 2144 461 2154 -
490 2104 525 2170 Si
557 2130 577 2172 a
609 2108 786 2172 substituto
813 2106 932 2192 pupilli
962 2106 1096 2171 ancillas

83 2196 144 2260 tibi
166 2196 326 2282 legassem
346 2217 464 2280 easque
481 2199 518 2260 tu
538 2218 557 2259 a
574 2196 697 2280 pupillo
717 2195 850 2260 emisses
870 2202 903 2260 et
922 2198 1097 2280 antequam

85 2285 185 2349 scires
208 2284 270 2349 tibi
294 2285 419 2368 legatas
443 2306 514 2348 esse
538 2285 740 2369 alienaveris,
763 2284 844 2349 utile
862 2285 1007 2367 legatum
1027 2305 1097 2348 esse

83 2371 241 2438 Neratius
264 2375 298 2437 et
320 2373 433 2439 Aristo
457 2378 490 2437 et
514 2371 628 2438 Ofilius
652 2374 801 2458 probant.

400 2557 447 2614 Dc
468 2557 614 2616 Muciana
638 2555 777 2617 cautione.

177 2657 228 2722 14.
252 2647 291 2720 D.
301 2656 353 2740 35,
370 2658 398 2740 1,
410 2658 427 2720 7
437 2679 484 2740 pr.
516 2653 677 2741 Ulpianus
692 2656 775 2721 libro
791 2660 905 2721 octavo
921 2651 1095 2742 decimo(‘t)

86 2745 128 2811 ad
147 2743 305 2811 Sabinum
326 2743 377 2831 (P.
391 2743 503 2829 2595).
527 2781 569 2791 -
592 2743 763 2811 Mucianae
786 2745 946 2809 cautionis
969 2744 1096 2809 utilitas

85 2833 237 2899 consistit
259 2835 293 2899 in
317 2834 572 2916 condicionibus,
601 2855 682 2917 quae
705 2834 740 2897 in
762 2856 828 2899 non
851 2833 998 2899 faciendo
1023 2837 1098 2898 sunt

85 2926 274 3007 conceptae,
296 2926 334 2987 ut
360 2928 441 3006 puta
469 2921 510 2986 ‘si
533 2923 567 2986 in
587 2920 783 3007 Capitolium
806 2945 871 2986 non
896 2920 1097 3005 ascenderit',

85 3012 126 3076 ‘si
151 3009 298 3076 Stichum
325 3033 392 3077 non
421 3009 655 3075 manumiserit'
679 3011 766 3075 etin
791 3011 967 3094 similibus,
997 3011 1098 3074 etita

85 3100 235 3165 Aristoni
258 3104 291 3164 et
314 3099 446 3165 Neratio
472 3105 504 3163 et
526 3099 653 3163 Iuliano
678 3099 783 3163 visum
807 3104 867 3164 est.

417 3282 468 3342 Ad
490 3283 576 3356 lcpcm
600 3282 773 3342 Falcidiam.

179 3382 228 3449 15.
259 3383 297 3448 D.
317 3381 369 3467 35,
389 3384 417 3465 2,
437 3384 489 3448 82.
535 3382 695 3466 Ulpianus
722 3383 808 3448 libro
837 3387 952 3447 octavo
982 3380 1097 3463 Dispu-

85 3473 249 3538 tationum
274 3471 322 3558 (P.
340 3469 428 3555 144).
452 3509 493 3518 -
519 3470 747 3555 Quaerebatur,
771 3493 844 3536 cum
867 3472 894 3534 is
919 3469 973 3554 qui
994 3469 1098 3532 solum

86 3562 120 3627 in
144 3562 276 3627 nomine
296 3561 532 3647 quadringenta
551 3561 585 3624 in
604 3561 699 3626 bonis
717 3559 865 3626 habetat
879 3561 952 3643 ipsi
967 3556 1118 3620 deuito-a
