2430 3944
96 205 160 268 548
466 195 742 254 unumunurm.

96 367 160 430 fuit
178 365 240 429 iste
260 368 357 445 tutor,
376 361 568 446 quibusdam
587 361 715 425 videtur
733 382 797 424 non
818 358 928 423 venire
945 358 980 422 in
993 358 1106 422 tutelae

95 453 259 530 iudicium,
279 452 307 515 si
323 451 419 514 modo
438 451 467 515 is
487 451 554 514 dies
575 451 678 533 [post]
698 448 835 513 tutelam
854 447 985 511 finitam
1005 468 1107 531 super-

97 541 194 606 venit.
231 539 316 625 quod
341 539 368 603 si
387 539 455 602 dies
475 538 579 603 adhue
598 538 733 602 durante
752 538 855 601 tutela
877 537 977 620 veuit,
1001 539 1109 621 putant

97 629 284 695 omnimodo
310 628 434 693 devolvi
458 628 492 690 in
514 626 635 691 tutelae
659 625 822 690 iudicium.

430 786 480 851 De
502 787 618 851 delictis
634 787 780 867 priuatas

188 895 239 958 89.
254 892 324 957 Gai.
338 893 368 977 4,
384 894 412 957 8.
431 930 469 939 -
484 892 629 956 Poenam
643 894 770 965 tantum
783 892 1013 976 persequimur
1031 891 1107 954 velut

99 983 224 1048 actione
257 981 337 1045 furti
367 985 399 1044 et
426 980 618 1045 iniuriarum
648 985 681 1044 et
709 980 881 1044 seeundum
913 980 1105 1063 quorundam

100 1071 282 1155 opinionem
307 1071 433 1134 actione
457 1069 489 1134 vi
512 1070 672 1134 bonorum
696 1072 874 1151 raptorum.

518 1216 565 1276 De
587 1218 683 1290 furtis.

187 1317 252 1381 90⁸.
277 1316 345 1382 Gai.
360 1318 391 1398 2,
404 1316 457 1381 51.
489 1350 528 1363 -
561 1367 568 1382 .
588 1366 595 1381 .
615 1364 623 1382 .
643 1339 754 1382 eorum
778 1317 956 1399 sententia,
981 1317 1035 1400 qui
1054 1337 1101 1400 pu·

97 1399 241 1470 taverint
262 1405 417 1469 furtivum
440 1406 575 1469 fundum
599 1406 670 1469 fieri
691 1426 796 1490 posse.

188 1491 255 1557 90¹³.
279 1492 317 1558 D.
327 1495 380 1577 47,
390 1494 421 1576 2,
431 1494 474 1559 45
484 1516 532 1579 pr.
565 1493 726 1577 Ulpianus
741 1494 825 1559 libro
840 1494 1102 1578 quadragensimo

100 1583 139 1646 ad
169 1580 333 1645 Sabinum.
357 1619 399 1627 -
503 1583 648 1667 plerique
678 1583 832 1666 probant,
866 1582 962 1647 fundi
993 1584 1102 1647 furtum

100 1693 153 1754 agr
176 1691 241 1734 non
265 1691 370 1753 posse.

188 1765 224 1822 ef.
247 1763 287 1840 Il,
313 1768 329 1822 1
355 1783 383 1838 p.
404 1767 478 1826 383.

188 1847 240 1911 91.
273 1847 341 1913 Gai.
360 1846 395 1929 3,
415 1848 488 1913 208.
516 1885 551 1894 —
584 1899 644 1913 ...
668 1848 833 1912 sciendum
857 1852 908 1913 est
933 1850 1103 1935 quaesitum

103 1958 174 2000 esse
198 1959 238 2000 an
256 1937 391 2019 inpubes
412 1959 479 2000 rem
499 1937 639 2000 alienam
663 1937 843 2002 amovendo
862 1936 992 2002 furtum
1010 1935 1103 2002 faeiat

100 2025 262 2109 plerisque
285 2026 403 2108 placet,
427 2026 503 2109 quia
526 2025 646 2090 furtum
671 2047 709 2088 ex
732 2025 860 2089 adfectu
884 2028 1047 2109 consistit,
1066 2025 1102 2087 ita

100 2115 228 2179 demum
258 2113 397 2195 obligari
423 2135 460 2177 eo
488 2115 621 2177 erimine
650 2114 865 2196 impuberem,
894 2115 923 2182 si
949 2117 1101 2198 proximus

99 2203 263 2287 pubertati
287 2204 331 2265 sit
354 2207 386 2265 et
410 2204 451 2266 ob
475 2202 507 2264 id
531 2203 703 2286 intellegat
725 2223 760 2266 se
784 2202 983 2286 delinquere.

189 2292 240 2354 92.
265 2288 334 2371 Gai,
349 2291 378 2370 3,
395 2290 467 2355 184.
489 2327 527 2336 -
548 2290 758 2355 Manifestum
781 2291 905 2355 furtum
929 2292 1056 2376 quidam
1073 2287 1100 2351 id

101 2402 171 2442 esse
195 2379 351 2460 dixerunt,
374 2379 459 2461 quod
484 2379 559 2443 dum
582 2380 629 2456 fit,
653 2379 912 2462 deprehenditur.
960 2380 1016 2445 alii
1037 2397 1099 2442 vero

100 2468 248 2549 ulterius,
278 2467 361 2550 quod
391 2489 428 2531 eo
453 2468 524 2531 loeo
549 2468 813 2552 deprehenditur,
840 2468 896 2532 ubi
920 2469 958 2532 fit
1054 2464 1098 2530 alii

102 2554 206 2618 adhue
229 2554 365 2620 ulterius
389 2578 426 2620 eo
451 2578 551 2640 usque
570 2556 778 2621 manifestum
798 2557 920 2621 furtum
939 2579 1010 2622 esse
1028 2555 1098 2618 dixe·

100 2650 189 2724 runt,
213 2642 313 2707 donec
336 2645 492 2726 perferret
516 2667 552 2709 eo
579 2667 642 2730 quo
665 2645 805 2728 perferre
829 2645 882 2710 fur
906 2645 1097 2722 destinasset,

100 2730 156 2793 alii
185 2730 289 2881 adfhue
316 2734 463 2815 ulterius,
496 2734 687 2818 quandoque
720 2756 790 2798 eam
823 2756 893 2798 rem
921 2734 974 2798 fur
1002 2743 1097 2798 tenens

100 2819 189 2883 visus
227 2820 317 2882 uerit.

467 2916 514 2974 De
537 2917 595 2989 lepe
617 2914 748 2989 Aquilia.

189 3013 240 3078 93.
264 3012 349 3077 Fest.
367 3037 397 3097 p.
414 3017 487 3081 178.
503 3051 544 3062 -
561 3015 710 3081 Occisum
734 3038 753 3080 a
775 3020 890 3081 necato
915 3017 1095 3101 distinguunt

100 3101 244 3186 quidam,
276 3102 360 3184 quod
396 3104 533 3168 alterum
570 3127 588 3168 a
623 3105 783 3170 caedendo
816 3109 915 3191 atque
945 3106 1012 3170 ictu
1038 3097 1094 3167 fieri

100 3191 222 3272 dieunt,
246 3190 382 3255 alterum
408 3194 476 3256 sine
499 3194 574 3258 ietu.

189 3286 225 3345 of.
248 3283 264 3342 I
286 3305 315 3360 p.
336 3287 409 3345 136.

189 3367 240 3432 94.
256 3367 566 3451 Garama—Hoc
582 3371 721 3456 ..eapite
731 3368 789 3458 (so.
799 3369 914 3459 tertio)
926 3394 990 3437 non
1000 3362 1093 3454 quanti

100 3456 133 3517 in
161 3477 199 3520 eo
227 3478 328 3539 anno,
356 3457 411 3522 sed
440 3460 552 3542 quanti
580 3460 614 3523 in
641 3460 754 3524 diebus
777 3458 871 3524 XXX
897 3460 1045 3546 proximis
1064 3473 1092 3516 et

100 3564 150 3607 res
178 3543 290 3631 fuerit,
318 3546 488 3611 damnatur
515 3546 543 3611 is
573 3549 627 3630 qui
657 3549 808 3613 damnum
832 3551 964 3615 dederit.
1008 3567 1041 3611 ao
1062 3558 1091 3605 110
