2430 3944
97 157 140 221 82
168 156 213 213 111.
229 156 306 211 GAII
320 154 467 211 CLAUDII
480 154 615 211 NERON.
626 155 771 211 GALBAD
782 155 888 213 ΤΕΜΡ.
899 154 1109 214 1111810111.

97 321 237 404 publicis
265 318 378 384 relicta
405 319 439 382 in
466 319 610 402 privatos
638 341 715 383 usus
743 318 864 383 reverti
888 321 922 383 at
944 340 982 383 ex
1006 318 1110 383 libero

97 431 208 474 servus
237 408 308 473 fieri
334 411 451 491 potest.
495 430 572 472 nam
599 410 631 471 at
654 428 726 472 cum
751 408 822 491 quis
845 429 914 472 rem
937 407 1109 491 profanam

97 501 154 562 aut
173 493 320 562 Stichum
340 497 409 560 dari
428 497 587 580 promisit,
609 496 774 574 liberatur,
798 496 825 560 si
845 495 913 560 sina
932 495 1020 561 facto
1041 495 1109 560 eius

97 608 147 651 res
172 608 264 652 sacra
288 606 357 649 esse
382 587 525 668 coeperit
548 589 604 649 aut
622 582 752 649 Stichus
772 585 813 648 ad
831 585 1018 649 libertatem
1037 606 1110 670 per·

96 675 228 758 rancrit‚
252 696 311 738 nee
329 678 521 738 revocantur
539 673 573 737 in
592 673 835 756 obligationem,
859 673 887 737 si
905 694 1016 737 rursus
1036 675 1108 760 lege

97 764 206 848 aliqua
233 766 265 827 et
292 784 343 827 res
372 784 464 827 sacra
491 762 628 844 profana
656 783 725 826 asse
749 765 892 845 coeperit
919 764 951 825 et
978 758 1111 827 Stichus

96 875 135 916 ex
167 850 269 917 libero
304 873 414 915 servus
446 851 579 915 effectus
608 851 659 915 sit.
708 848 825 933 <Celso
858 854 969 915 tamen
996 853 1112 915 contra

95 941 201 1006 visum
225 941 306 1024 est,>
329 940 481 1024 quoniam
505 962 569 1004 una
593 944 688 1023 atque
717 939 829 1003 eadem
853 960 951 1004 causa
975 943 1007 1002 et
1031 938 1111 1004 libe·

96 1029 189 1094 randi
208 1033 241 1093 et
261 1028 428 1112 obligandi
448 1032 542 1110 esset,
566 1029 651 1111 quod
671 1032 727 1092 aut
750 1028 821 1092 dari
844 1049 909 1092 non
928 1026 1035 1110 possit
1054 1030 1111 1092 aut

96 1118 166 1183 dari
183 1116 300 1202 possit3
319 1139 397 1180 nam
412 1120 444 1180 et
458 1116 486 1181 si
500 1138 627 1199 navem,
645 1138 742 1199 quam
758 1116 940 1200 spopondit,
959 1115 1110 1180 dominus

97 1207 246 1271 dissolvit
264 1209 296 1269 et
314 1205 417 1270 isdem
437 1205 559 1270 tabulis
576 1205 785 1290 compegerit,
804 1205 878 1290 quia
893 1205 1004 1268 cadem
1018 1205 1110 1269 navis

96 1300 194 1379 esset,
223 1294 385 1378 inciperet
404 1294 552 1378 obligari.
599 1315 657 1376 pro
682 1316 745 1376 quo
770 1299 803 1358 et
824 1293 905 1358 iliud
928 1293 992 1358 dici
1015 1314 1111 1376 possa

95 1382 213 1447 Pedius
246 1383 373 1447 scribit:
407 1383 435 1446 si
463 1383 637 1465 stipulatus
665 1382 756 1447 fuero
785 1404 824 1447 ex
851 1381 951 1447 fundo
980 1385 1110 1446 contum

97 1471 269 1555 amphoras
297 1472 378 1554 vini,
406 1476 592 1555 exspectare
615 1471 731 1549 debeo,
760 1471 861 1535 donec
883 1473 1052 1555 nascatur,
1079 1476 1112 1534 et

98 1561 126 1624 si
149 1564 262 1625 natum
287 1560 355 1623 sine
379 1560 473 1643 culpa
491 1559 700 1643 promissoris
720 1564 948 1642 consumptum
968 1558 1020 1643 sit,
1042 1581 1112 1623 rur·

97 1670 167 1713 sum
189 1653 373 1730 exspectare
393 1648 535 1729 debeam,
560 1647 660 1713 donec
678 1649 795 1713 iterum
817 1651 968 1712 nascatur
986 1649 1020 1711 et
1040 1647 1111 1711 dari

95 1737 208 1819 possit,
231 1742 264 1800 et
286 1758 343 1818 per
366 1737 425 1800 has
449 1736 534 1800 vices
558 1741 615 1801 aut
638 1740 837 1801 cessaturam
857 1738 914 1800 aut
933 1735 1111 1800 valituram

97 1825 349 1908 stipulationem.

185 2059 225 2118 Π.
249 2060 301 2119 Ad
324 2059 480 2119 edictum
503 2060 684 2136 praetoris
709 2054 901 2140 <urbani?>
922 2059 1018 2118 libri

184 2184 360 2243 Laudantur
382 2183 452 2242 libri
475 2183 605 2244 aPaulo
626 2185 660 2243 D.
676 2186 728 2256 37,
744 2187 772 2259 1,
788 2186 816 2258 6,
832 2186 851 2241 2
876 2177 1011 2264 (Pedius
1033 2185 1113 2244 libro

97 2273 258 2332 vicensimo
290 2272 395 2348 quinto
427 2273 466 2331 ad
494 2271 624 2331 edictum
656 2266 796 2351 scribit').
847 2272 980 2331 eiusdem
1007 2277 1114 2348 aperte

96 2361 194 2436 operis
218 2364 289 2420 sunt
311 2359 396 2419 Pedii
418 2360 496 2436 libri,
522 2362 573 2436 qui
596 2362 634 2420 ab
657 2360 787 2436 Ulpiano
810 2360 896 2420 libris
919 2361 957 2420 ad
981 2361 1114 2421 edictum

97 2449 271 2525 afferuntur,
291 2449 403 2508 scilicet
420 2448 497 2508 liber
511 2449 571 2508 VII
590 2441 640 2530 (D.
656 2452 685 2525 3,
701 2451 729 2523 5,
745 2452 774 2526 5,
791 2453 829 2509 11
850 2442 1017 2526 ‘quaeritur
1031 2451 1113 2525 apud

96 2536 222 2595 Pedium
248 2538 325 2597 libro
354 2532 503 2613 scptimc'.
548 2538 583 2595 D.
599 2540 629 2614 4,
646 2540 674 2613 2,
691 2540 762 2613 tpr.
787 2533 909 2597 ‘Pedius
937 2539 1010 2598 dicit
1033 2538 1114 2599 libro

97 2617 263 2706 septimo'),
299 2625 376 2684 VIII
408 2618 458 2704 (D,
479 2628 507 2701 4,
528 2628 556 2699 2,
577 2628 666 2699 14,5
700 2620 821 2686 ‘Pedius
840 2671 847 2685 .
868 2627 971 2686 ‚libro
1004 2630 1114 2689 octavo

96 2707 221 2772 scribit'.
267 2714 303 2772 D.
322 2716 352 2791 4,
372 2716 400 2791 3,
422 2717 489 2788 1,4
514 2709 634 2773 ‘Pedius
662 2714 740 2774 libro
768 2717 874 2775 octavo
898 2708 1045 2796 scribit'),
1073 2716 1114 2775 lx

97 2793 146 2882 (D.
166 2803 196 2877 4,
219 2805 245 2878 7,
266 2805 334 2878 4,2
364 2796 484 2861 ‘Pedius
513 2803 590 2863 libro
618 2823 695 2863 nono
715 2798 849 2865 ...ait'.
896 2805 932 2864 D.
948 2805 977 2878 4,
993 2806 1022 2883 8,
1040 2808 1113 2881 7pr.

96 2885 218 2950 ‘Pedius
246 2891 322 2950 libro
349 2911 427 2951 nono
456 2893 487 2950 et
509 2891 692 2968 Pomponius
718 2894 796 2953 libro
818 2893 995 2969 trigensimo
1018 2893 1113 2953 tertio

96 2973 250 3038 scribunt'.
296 2980 331 3039 D.
349 2981 379 3054 4,
394 2982 423 3057 8,
441 2982 525 3059 13,2
555 2975 675 3040 ‘Pedius
703 2981 780 3040 libro
808 3000 886 3041 nono
915 2974 1028 3062 dioit’),
1056 2982 1114 3040 XV

97 3061 146 3146 (D.
163 3071 213 3139 14,
228 3071 257 3137 4,
274 3072 335 3145 1,1
357 3063 478 3128 ‘Pedius
497 3069 573 3128 libro
594 3069 698 3145 quinto
716 3070 830 3130 docimo
846 3063 971 3129 scribit'.
1010 3071 1044 3129 D.
1062 3073 1113 3144 15,

99 3160 126 3232 1,
147 3159 214 3233 7,3
248 3151 372 3216 ‘Pedius
410 3157 486 3216 libro
524 3158 628 3234 quinto
664 3158 777 3218 decimo
811 3153 949 3238 scribit').
1003 3159 1114 3219 iisdem

96 3245 180 3304 librIs
208 3245 294 3304 Pedii
321 3247 487 3305 sententiae
515 3246 724 3306 attribuendae
748 3249 818 3307 sunt
850 3267 868 3306 a
895 3247 990 3306 Paulo
1025 3248 1114 3308 libris

96 3335 133 3393 ad
157 3333 287 3392 edictum
309 3333 427 3394 allatae.

186 3421 261 3481 Cum
283 3440 344 3481 non
370 3423 467 3481 minus
490 3422 574 3481 XXV
597 3423 690 3484 libros
714 3424 905 3501 continuerit,
927 3423 1014 3484 Pedii
1038 3443 1116 3501 opus

96 3511 184 3588 longe
208 3510 425 3586 amplissimum
448 3530 550 3570 eorum
574 3515 628 3587 ast,
651 3533 727 3588 quaa
751 3514 789 3572 ad
812 3514 944 3573 edictum
963 3514 1114 3590 praetoris
