2430 3944
142 194 206 269 342
243 194 277 250 V.
295 193 445 249 NERVAE
464 193 510 249 ET
528 192 680 249 TRAIANI
698 192 804 249 TnMP.
823 192 919 248 IURIS
938 190 1119 248 CONSULTI

143 358 386 443 liberationem,
418 355 491 423 Seio
524 362 633 423 autem
661 357 895 442 quadringenta
922 356 1094 441 legaverit,
1127 357 1155 421 si

143 447 272 512 debitor
294 447 345 511 vel
370 446 525 512 solvendo
548 469 615 512 non
638 446 681 512 sit
703 446 753 511 vel
772 449 900 511 eentum
918 444 1022 510 facere
1041 447 1155 529 possit,

141 539 298 621 quantum
331 535 467 621 quisquc
499 535 620 601 habeat
651 535 835 600 interventu
866 534 949 618 legis
981 533 1155 600 Falcidiae.

141 624 285 690 dicabam
308 624 414 710 legem
432 623 610 690 Falcidiam
633 646 671 689 ex
695 645 732 689 eo
757 623 841 709 quod
865 622 953 688 refici
972 644 1011 686 ex
1028 623 1154 688 heredi·

140 716 210 777 tate
242 716 351 797 potest
383 715 532 797 quartam
563 712 674 778 heredi
705 713 862 795 tribuere,
897 711 1063 776 residuum
1097 711 1152 777 do-

141 802 290 867 drantem
304 803 391 866 inter
404 802 579 886 legatarios
595 801 796 866 distribuere.
833 822 930 886 quare
945 822 1018 865 oum
1033 822 1154 866 nomen

140 890 247 954 minus
281 890 436 955 solvendo
470 894 519 955 est
550 890 585 955 in
615 889 813 975 hereditate,
848 890 916 954 eius
949 888 1036 973 quod
1068 890 1155 974 exigi

141 982 250 1064 potest
268 1002 328 1063 pro
347 983 422 1044 rata
439 979 478 1042 fit
496 978 692 1062 distributio,
710 978 830 1043 residui
846 978 990 1043 venditio
1005 977 1154 1043 facienda

141 1070 206 1152 est,
237 1071 275 1132 ut
301 1067 334 1132 id
362 1068 489 1132 demum
517 1067 553 1132 in
580 1066 760 1132 hereditate
788 1069 1005 1151 computetur,
1038 1067 1153 1151 quanti

139 1177 260 1221 nomen
279 1155 418 1221 distrahi
436 1159 555 1240 potest.
592 1155 744 1241 ...quod
762 1156 790 1220 si
808 1155 891 1219 nihil
905 1155 1009 1221 facere
1025 1155 1154 1220 debitor

139 1248 259 1329 potest,
282 1267 383 1329 aeque
401 1245 435 1308 in
453 1248 583 1310 centum
602 1244 839 1331 quinquaginta
858 1247 990 1329 accepto
1009 1244 1151 1309 liberan-

140 1334 199 1398 dus
228 1337 287 1398 est.
334 1333 373 1398 de
401 1334 529 1400 residuo
556 1332 775 1398 venditionem
802 1333 943 1398 nominis
972 1333 1152 1398 faciendam

139 1421 294 1488 Neratius
318 1422 372 1487 ait.

486 1598 536 1664 De
557 1599 808 1683 fideicommisab.

228 1722 278 1787 16.
306 1721 587 1805 Ι),36,1,1,19.
631 1720 791 1807 Ulpianus
816 1722 899 1788 libro
923 1723 1022 1788 tertio
1046 1722 1151 1788 Fidei·

139 1811 388 1877 commissorum
403 1808 454 1899 (P.
471 1811 580 1896 1872).
600 1848 643 1858 -
661 1809 859 1877 ..Neratius
875 1811 997 1889 scribit,
1017 1813 1044 1876 si
1059 1812 1151 1876 heres

138 1903 274 1985 rogatus
304 1901 473 1965 restituere
501 1899 699 1984 (restituat)
723 1904 826 1965 totam
850 1900 1062 1965 hereditatem
1086 1923 1153 1967 non

139 1989 276 2053 deducta
299 1987 443 2054 Falcidia
465 1993 582 2074 rogato
607 1993 639 2053 et
662 1988 739 2072 ipsi,
762 1993 799 2054 ut
822 1989 879 2053 alii
902 1991 1063 2074 restituat,
1086 2011 1153 2056 non

140 2079 251 2162 utique
266 2077 382 2142 debere
401 2100 475 2142 eum
488 2077 866 2160 <fideicommissarium>
881 2077 1049 2142 detrahere
1062 2078 1153 2143 fidei-

140 2165 363 2232 commissario
379 2166 518 2231 secundo
533 2170 692 2250 quartam,
705 2165 768 2239 nisi
782 2165 1014 2231 liberalitatem
1023 2170 1152 2231 tanturn

141 2255 182 2320 ad
209 2255 352 2340 priorem
379 2252 714 2320 fideicommissariam
737 2255 831 2320 heres
854 2253 958 2320 voluit
980 2255 1153 2341 pertinere.

229 2361 279 2425 17.
310 2360 416 2442 D.36,
432 2362 461 2444 1,
477 2360 529 2445 65,
545 2360 595 2425 12.
641 2359 739 2427 Gaius
767 2361 852 2426 libro
872 2361 1021 2444 'secundo
1048 2361 1153 2426 Fidei-

142 2450 389 2515 commissorum
408 2447 457 2536 (P.
472 2448 562 2534 398).
582 2486 624 2495 —
644 2448 678 2514 Si
696 2449 800 2513 Titius
819 2454 953 2535 rogatus
969 2451 1012 2513 sit
1026 2450 1152 2515 heredi-

137 2540 241 2602 tatem
273 2537 402 2603 Maevio
439 2540 622 2622 restituere,
656 2538 803 2603 Maevius
836 2536 910 2603 Seio
944 2542 1065 2603 certam
1097 2562 1152 2623 pe·

138 2626 278 2710 cuniam,
298 2632 331 2690 et
345 2626 453 2691 Titius
473 2630 607 2710 quartae
626 2627 811 2691 retinendae
825 2627 981 2692 beneficio
996 2628 1152 2693 adversus

137 2713 302 2780 Maeuium
320 2737 397 2779 usus
416 2715 528 2800 fuerit,
546 2714 699 2780 Neratius
718 2715 830 2781 scribit
843 2714 1007 2781 Maeuium
1025 2738 1152 2802 quoque

140 2801 214 2867 Seio
238 2825 275 2868 eo
299 2804 405 2868 minus
429 2825 567 2888 aequum
591 2826 661 2870 esse
684 2807 858 2888 praestare,
881 2827 921 2868 ne
943 2805 1014 2888 ipsc
1033 2806 1072 2870 de
1091 2827 1151 2871 suo

138 2891 291 2957 damnum
316 2892 441 2957 sentiat.

471 3068 521 3135 De
544 3069 680 3134 libertate
702 3069 815 3135 relicto.

229 3193 279 3258 18.
304 3192 342 3256 D.
352 3194 405 3272 40,
415 3193 446 3276 4,
458 3193 485 3256 l.
522 3191 612 3256 Idem
628 3189 685 3277 (so.
699 3192 875 3277 Ulpianus)
890 3192 976 3258 libro
995 3215 1082 3259 nono
1098 3194 1150 3257 de·

139 3281 222 3346 cimo
247 3282 286 3346 ad
307 3280 463 3346 Sabinum
482 3279 531 3367 (P.
546 3279 674 3366 259'lk).
699 3316 737 3329 -
763 3279 918 3346 Neratius
940 3282 1053 3346 scribit
1071 3284 1150 3365 cius,

139 3370 191 3434 oui
213 3369 349 3435 libertas
373 3371 419 3435 sic
441 3369 518 3434 data
536 3373 587 3434 est
605 3368 646 3433 ‘si
665 3369 746 3433 mihi
763 3370 872 3434 nullus
892 3370 977 3435 filius
996 3371 1059 3435 erit
1077 3393 1150 3436 cum

137 3459 272 3542 moriar,
300 3457 430 3523 Stichus
457 3458 540 3523 liber
568 3455 660 3542 esto',
686 3458 834 3542 impediri
861 3459 1046 3524 libertatem
1076 3482 1149 3544 pos·

138 3550 229 3613 turno
252 3551 340 3613 nato.
