2430 3944
133 187 198 252 316
235 187 268 243 V.
287 186 439 243 NERVAE
457 185 504 241 ET
522 184 675 240 'PRAIANI
693 184 800 241 TEMP.
819 183 915 240 IURIS
934 183 1116 240 CONSULTI

132 356 212 434 quod
239 356 318 415 idern
347 354 639 416 senatusconsultum
667 363 731 413 esse
759 353 871 432 iudico,
900 353 935 412 de
964 371 1022 430 quo
1052 352 1149 412 Gaius

131 447 168 508 D.
184 448 234 521 27,
251 448 301 524 10,
316 447 334 506 5
359 443 464 503 tradit.

553 637 662 698 Liber
684 637 723 699 II.

412 757 462 824 De
483 753 867 841 adquirendo'tereditote.

222 867 251 930 9.
274 863 313 931 D.
328 865 381 948 29,
394 866 425 948 2,
439 864 492 930 59.
536 862 689 929 Neratius
711 863 797 928 libro
821 863 960 928 seeundo
985 862 1148 929 Membra·

132 976 256 1020 narum.
284 989 320 1000 -
348 953 409 1029 Qui
436 953 522 1038 patri
550 951 645 1017 heres
674 952 800 1016 exstitit
828 949 856 1014 si
884 951 968 1016 idem
995 951 1064 1017 filio
1087 953 1150 1017 im·

132 1043 247 1127 puberi
279 1042 474 1107 substitutus
507 1045 569 1122 est,
600 1063 667 1105 non
700 1042 806 1124 potest
836 1039 1050 1105 hereditatem
1078 1041 1149 1106 eius

132 1132 398 1216 praetermittere.
431 1130 516 1214 quod
537 1130 583 1194 sio
602 1129 821 1213 recipiendum
836 1132 895 1211 est,
914 1129 1014 1193 etiam
1029 1131 1058 1193 si
1072 1132 1149 1195 vivo

131 1220 257 1306 pupillo
286 1223 431 1284 mortuus
460 1219 536 1300 erit,
564 1217 677 1283 deinde
701 1217 845 1301 pupillus
868 1217 1016 1301 impubes
1041 1218 1150 1283 deaes-

134 1309 221 1374 serit.
273 1310 361 1388 [nam
393 1308 422 1371 is
455 1308 509 1391 qui
539 1307 633 1371 heres
666 1306 828 1370 exstiterit
860 1306 984 1388 pupillo
1020 1327 1150 1391 quoque

132 1398 226 1462 heres
249 1395 430 1461 necessario
454 1396 538 1476 erit]
567 1416 643 1460 nam
672 1396 700 1460 si
722 1394 829 1478 ipsum
852 1395 990 1459 invitum
1013 1396 1151 1481 obligat,

134 1485 287 1569 coniungi
314 1506 387 1549 eam
414 1488 569 1568 paternae
596 1483 770 1549 hereditati
793 1487 826 1547 et
849 1482 1054 1548 adoresoendi
1078 1485 1150 1549 iure

135 1573 261 1658 adquiri
284 1573 472 1657 cuicumque
496 1572 599 1656 patris
622 1571 733 1636 heredi
757 1570 1007 1636 existimandum
1032 1577 1090 1638 est.

498 1729 548 1796 De
570 1733 638 1795 iure
660 1731 786 1796 dotium.

225 1840 276 1905 10.
304 1838 343 1904 D.
359 1839 409 1923 12,
423 1839 454 1923 4,
469 1839 498 1904 8.
544 1836 697 1902 Neratius
721 1837 804 1902 libro
829 1837 966 1903 seeundo
990 1837 1152 1905 Membra·

134 1951 258 1993 narum.
284 1965 322 1975 —
349 1927 440 2003 Quod
469 1925 597 1991 Servius
626 1926 659 1990 in
687 1927 771 1991 libro
799 1927 838 1991 de
866 1926 997 1991 dotibus
1025 1929 1152 2012 scribit,

136 2018 164 2083 si
190 2018 275 2081 inter
303 2038 357 2081 eas
380 2037 548 2099 personas,
577 2037 713 2100 quarum
737 2015 840 2078 altera
862 2014 1005 2079 nondum
1028 2017 1152 2082 iustam

136 2109 276 2171 aetatem
295 2105 423 2188 habeat,
441 2105 575 2188 nuptiae
593 2103 700 2168 factae
719 2103 794 2187 sint,
813 2103 897 2188 quod
914 2104 999 2169 dotis
1015 2107 1151 2172 nomine

135 2195 266 2259 interim
291 2194 400 2258 datum
425 2194 476 2275 sit,
498 2193 600 2276 repeti
621 2213 728 2277 posse,
751 2194 796 2256 sio
815 2193 1070 2276 intellegendum
1090 2200 1152 2279 est,

136 2291 182 2366 ut,
205 2284 234 2347 si
257 2283 431 2347 divortium
454 2278 682 2366 intercesserit,
703 2281 892 2364 priusquam
915 2288 1052 2366 utraque
1077 2305 1150 2367 per-

137 2394 216 2437 sona
234 2371 354 2436 iustam
374 2373 514 2435 aetatem
528 2369 658 2452 habeat,
677 2369 720 2433 sit
735 2370 802 2433 eius
816 2370 971 2453 pecuniae
985 2373 1151 2456 repetitio,

136 2462 237 2525 donee
261 2464 371 2525 autem
393 2461 428 2523 in
451 2458 564 2524 eodem
587 2457 702 2522 habitu
726 2459 923 2523 matrimonii
948 2465 1151 2545 permanent,

135 2571 201 2613 non
224 2548 328 2633 magis
352 2548 383 2612 id
407 2547 510 2631 repeti
531 2548 644 2630 possit,
668 2568 764 2631 quam
784 2546 869 2630 quod
889 2569 1009 2631 sponsa
1028 2570 1150 2632 sponso

137 2638 221 2702 dotis
239 2639 371 2701 nomine
390 2636 521 2718 dederit,
540 2635 641 2701 donee
660 2639 790 2700 maneat
808 2636 892 2699 iuter
911 2657 965 2700 eos
984 2636 1151 2721 adfinitas3

137 2725 222 2811 quod
259 2726 344 2788 enim
379 2747 417 2790 ex
449 2747 487 2789 ea
519 2745 616 2788 eausa
646 2723 790 2789 nondum
823 2723 907 2788 coito
940 2726 1150 2792 matrimonio

137 2816 241 2892 datur,
266 2835 337 2878 oum
362 2814 407 2877 sic
430 2813 522 2878 detur
544 2817 709 2896 tamquam
730 2815 763 2876 in
783 2812 891 2876 dotem
909 2818 1152 2899 perventurum,

137 2903 291 2987 quamdiu
313 2904 482 2987 pervenire
504 2905 628 2986 potest,
651 2901 802 2984 repetitio
827 2902 895 2966 eius
918 2923 983 2966 non
1008 2907 1068 2969 est.

225 2995 335 3055 Utrum
356 2999 424 3071 post
442 2995 554 3055 librum
572 2996 607 3054 de
627 2995 741 3070 nuptiis
761 2987 867 3076 (supra
884 3015 913 3070 p.
935 2987 1014 3077 295)
1035 2997 1152 3057 editum

137 3104 176 3144 an
199 3087 287 3144 antea
310 3087 384 3144 haee
407 3085 519 3161 scripta
543 3085 616 3159 sint,
638 3084 786 3142 incertum
809 3088 862 3142 est.

229 3185 278 3250 11.
301 3184 443 3270 D.25,1‚
455 3185 504 3251 15.
546 3184 699 3249 Neratius
723 3184 807 3248 libro
832 3186 971 3250 seeundo
990 3184 1152 3252 Membra-

138 3297 262 3340 narum.
283 3310 321 3321 -
344 3274 435 3350 Quod
459 3275 574 3339 dicitur
597 3275 769 3357 impensas,
792 3293 872 3356 quae
896 3274 930 3336 in
954 3296 1005 3339 res
1026 3276 1151 3341 dotales

137 3364 318 3429 necessario
351 3364 456 3428 factae
490 3366 579 3446 sunt,
612 3362 719 3427 dotem
748 3361 944 3445 deminuere,
977 3364 1024 3427 ita
1051 3363 1150 3429 inter·

137 3452 330 3537 pretandum
354 3458 418 3536 est,
441 3455 486 3533 ut,
511 3451 538 3515 si
562 3451 637 3535 quid
662 3454 753 3514 extra
775 3450 910 3514 tutelam
933 3453 1151 3518 neeessariam

137 3543 171 3606 in
194 3563 244 3606 res
270 3541 395 3606 dotales
419 3543 600 3624 impensum
625 3545 683 3623 est,
706 3539 738 3602 id
761 3537 795 3602 in
819 3559 858 3603 ea
879 3561 978 3617 eausa
997 3543 1055 3625 sit;
1074 3564 1152 3606 nam
