2430 3944
418 203 443 253 5.
466 196 583 253 'HTIUS
603 197 732 253 ARJSTO
1018 199 1083 265 383

66 360 296 427 manumittere
317 359 380 428 ...'
499 358 612 426 Aristo
646 364 679 426 et
708 361 892 427 Octauenus
924 363 1086 448 putebant

65 451 154 516 hune
178 472 323 536 serrum,
348 451 387 515 de
411 472 473 536 quo
498 454 714 535 quaereretur,
736 450 1004 518 fideicommissae
1027 453 1084 518 he-

65 539 216 604 reditatis
238 561 305 604 non
330 560 409 623 esse,
434 538 510 624 quia
532 541 672 604 testator
694 539 841 626 rogando
864 540 1025 626 heredem,
1047 545 1085 606 ut

65 649 140 693 eum
178 629 435 709 manumitteret,
470 650 536 693 non
572 628 699 694 videtur
736 627 775 694 de
811 650 849 694 eo
881 629 1083 695 restituendo

66 738 218 783 senslsse.

445 804 496 871 De
513 805 709 872 statuliberis.

155 912 209 979 28.
241 911 280 977 D.
298 913 351 989 40,
372 914 400 996 7,
420 913 441 978 5
448 934 496 997 pr.
547 913 748 997 Pomponius
779 912 863 978 libro
895 917 1012 979 oetavo
1043 914 1084 979 ad

64 999 224 1067 Sabinum
246 996 296 1088 (P.
310 999 401 1088 524).
423 1038 460 1048 -
483 999 664 1066 Statuliber
685 1001 845 1067 rationem
865 1001 997 1067 reddere
1016 1003 1082 1068 ius-

64 1112 121 1154 sus
144 1090 307 1175 reliquum
331 1091 418 1175 quod
441 1095 577 1174 apparet
600 1091 707 1172 solvit,
729 1091 768 1156 de
792 1112 839 1170 eo,
863 1091 948 1175 quod
967 1091 1081 1157 obseu-

62 1179 134 1244 rius
158 1181 218 1262 est,
244 1179 403 1244 satisdare
426 1183 560 1263 paratus
584 1184 643 1245 est.
688 1177 842 1244 Neratius
866 1183 899 1244 et
922 1179 1082 1246 Aristo..

62 1271 185 1353 putant
206 1267 346 1333 liberum
369 1267 448 1348 fore,
471 1289 512 1332 ne
536 1268 630 1333 multi
649 1267 690 1333 ad
708 1267 893 1334 libertatem
912 1270 1082 1353 pervenire

61 1379 132 1510 ξομ
159 1355 287 1510 P⁰⁸5l¹³l
314 1357 438 1422 ineerta
464 1378 562 1422 eausa
589 1356 727 1423 rationis
756 1361 789 1422 et
815 1377 933 1443 genere
956 1359 1082 1443 negotii

87 1466 217 1510 urusmo
240 1469 261 1510 1.

155 1552 209 1617 29.
232 1551 271 1617 D.
284 1553 337 1635 40,
354 1553 382 1635 7,
398 1553 448 1617 11.
489 1551 687 1636 Pomponius
711 1552 796 1618 libro
818 1552 1080 1638 quartodecimo

62 1641 106 1706 ad
131 1638 287 1706 Sabinum
312 1638 362 1730 (P.
381 1639 470 1726 597).
494 1678 536 1688 -
561 1638 596 1706 Si
618 1641 712 1706 heres
736 1641 904 1725 pecuniam
929 1641 1082 1708 donasset

62 1730 270 1814 statulibero,
293 1741 330 1794 ut
353 1730 417 1795 sibi
441 1750 512 1795 eam
536 1730 629 1795 daret
652 1735 686 1795 et
705 1730 789 1795 liber
808 1736 903 1813 esset,
926 1752 990 1796 non
1010 1731 1082 1796 fieri

61 1819 204 1920 liberum
227 1818 339 1884 Aristo
363 1819 424 1902 ait,
448 1819 504 1883 sed
524 1820 553 1884 si
571 1820 605 1882 in
624 1819 757 1904 plenum
776 1819 806 1883 ei
825 1820 986 1902 donasset,
1008 1819 1081 1884 fieri

62 1907 213 1972 hbemm·
386 1995 436 2061 De
458 2004 556 2079 operes
578 1996 765 2062 latebram.

156 2103 209 2169 30.
232 2102 271 2167 D.
282 2102 334 2185 38,
351 2104 380 2188 1,
393 2104 423 2167 4.
456 2102 546 2166 Idem
562 2099 620 2188 (so.
635 2100 851 2191 Pomponius)
865 2102 950 2167 libro
965 2112 1080 2187 quarto

62 2193 106 2257 ad
131 2189 286 2257 Sabinum
310 2190 358 2276 (P.
377 2188 468 2279 432).
494 2227 532 2238 —
557 2189 588 2255 A
611 2191 736 2257 duobus
761 2192 979 2256 manumissus
1003 2193 1082 2256 utri·

63 2302 128 2367 que
149 2302 264 2366 operas
283 2284 486 2365 promiserat.
524 2283 626 2346 altero
646 2302 685 2345 ex
703 2279 755 2344 his
774 2283 904 2346 mortuo
922 2281 1005 2345 nihil
1023 2284 1081 2365 est,

61 2392 167 2456 quare
191 2391 258 2434 non
280 2370 349 2433 filio
370 2369 449 2452 eius,
472 2370 619 2454 quamvis
639 2369 812 2453 superstite
833 2368 945 2453 altero,
968 2365 1102 2452 opera?

61 2481 137 2524 rum
162 2458 257 2523 detur
279 2458 402 2542 petitio.
444 2480 503 2524 nee
524 2458 586 2523 hoe
604 2460 774 2543 quiequam
794 2479 963 2523 eommune
981 2458 1081 2523 habet

61 2570 140 2614 oum
159 2546 339 2612 hereditate
357 2550 414 2611 aut
431 2547 591 2612 bonorum
609 2548 829 2632 possessione;
848 2546 979 2631 perinde
994 2547 1081 2611 enim

62 2658 186 2721 operae
210 2658 229 2700 a
251 2635 378 2700 libertis
402 2657 439 2700 ao
462 2636 600 2720 pecunia
623 2635 745 2701 eredita
762 2635 894 2720 petitur.
934 2634 1080 2700 haesita

62 2727 179 2791 Aristo
203 2725 341 2807 scripsit.

154 2836 338 2913 Pomponius
356 2835 453 2896 addit:
473 2830 575 2895 ‘ouius
588 2837 768 2896 sententiam
787 2839 860 2912 puto
875 2854 991 2914 versm3
1009 2855 1080 2896 nam

61 2927 158 2987 etiam
185 2926 420 3003 praeteritarum
447 2943 606 3001 operarum
634 2925 782 2985 actionem
810 2925 875 2984 dari
902 2925 1005 2985 heredi
1031 2944 1079 2985 ex·

61 3020 170 3076 traneo
203 3015 267 3073 sine
299 3017 382 3073 metu
409 3015 591 3089 exceptionis
618 3008 726 3088 placet.
777 3014 898 3074 debitur
924 3014 1020 3091 igitur
1048 3017 1079 3074 et

61 3105 132 3165 vivo
157 3105 254 3163 altero
275 3097 424 3180 patrono?

363 3274 413 3340 De
434 3276 583 3358 emptione
605 3275 784 3341 venditione.

154 3384 206 3448 31.
235 3381 275 3446 D.
289 3384 319 3463 2,
335 3385 386 3461 14,
400 3382 452 3448 58.
497 3381 652 3447 Neratius
679 3382 762 3448 libro
790 3382 889 3446 tertio
915 3380 1077 3446 Membra·

62 3495 190 3538 narum.
220 3508 265 3518 -
297 3472 350 3536 Ab
384 3471 548 3556 emptione
580 3471 780 3557 venditione,
810 3470 971 3537 locatione
1003 3491 1076 3534 oon-

63 3561 217 3628 duetione
245 3561 425 3646 ueterisque
453 3560 613 3626 similibus
643 3559 903 3648 obligationibus
931 3557 1017 3643 urim
1037 3558 1092 3619 'm-
