2430 3944
380 212 405 260 4.
429 206 460 260 L.
479 205 662 262 NERATIUS
681 205 830 262 PRJSOUS
1044 207 1109 272 325

94 376 252 450 acceptum
274 373 418 434 iudicium
442 374 509 435 dolo
529 374 602 452 quid
620 375 735 451 feeerit,
759 393 823 435 esse
842 375 1059 454 excipiendum
1084 376 1110 436 si

96 480 170 522 vero
194 480 252 522 non
276 462 308 522 in
330 481 393 522 rem
415 481 509 541 suam,
532 464 634 523 dolum
651 469 840 540 praesentem
857 463 889 523 in
907 464 1110 543 exceptionem

94 550 319 612 eonferendum.
370 553 396 611 si
428 554 530 612 autem
557 553 583 610 is
610 555 788 629 procurator
814 553 867 632 sit,
900 554 948 613 oui
977 554 1111 613 omniurn

93 658 198 699 rerum
222 640 443 702 administratio
466 659 606 701 concessa
627 645 682 719 est,
704 645 777 702 tuno
800 642 836 702 de
859 641 940 702 omni
958 641 1026 703 dolo
1045 643 1109 703 eius

93 728 193 804 exeipi
215 747 302 805 posse
325 729 469 790 Neratius
492 730 604 790 scribit.

184 829 238 896 38.
264 828 303 895 D.
318 830 394 896 ibid.
408 833 428 912 ξ
444 831 472 896 1.
496 866 538 876 -
562 830 602 894 In
628 831 814 896 universum
842 835 949 897 autem
972 832 1053 897 haee
1075 832 1111 896 in

94 941 134 983 ea
152 939 189 983 re
207 919 320 1003 regula
339 920 501 1003 sequenda
515 922 572 1001 est,
590 922 627 985 ut
641 921 733 986 dolus
748 920 934 985 omnimodo
948 919 1111 1004 puniatur,

94 1012 128 1072 et
144 1008 269 1073 sitnon
281 1008 338 1072 alii
352 1009 413 1091 eui,
431 1009 486 1074 sed
501 1009 573 1092 ipsi,
593 1009 648 1094 qui
663 1030 735 1074 eum
750 1009 891 1092 admisit,
909 1007 1111 1074 damnosus.¹

522 1226 630 1287 Liber
652 1227 689 1288 V.

511 1327 561 1394 De
583 1329 699 1412 tapeta

187 1435 240 1500 39.
268 1433 307 1499 Ι).
326 1435 379 1519 30,
400 1436 472 1501 124.
518 1435 671 1500 Neratius
699 1435 785 1501 libro
813 1436 926 1521 quinto
949 1434 1110 1500 Membra·

95 1546 221 1589 narum.
244 1558 288 1570 -
313 1521 348 1588 si
370 1524 505 1588 heredes
527 1524 721 1589 nominatim
741 1526 919 1589 enumerati
939 1526 1015 1591 dare
1034 1523 1112 1610 quid

96 1613 242 1678 damnati
270 1616 359 1691 sunt,
387 1613 520 1698 propius
544 1619 608 1693 est,
635 1618 672 1678 ut
694 1613 806 1678 viriles
829 1617 938 1698 partes
962 1613 1112 1697 debeant,

95 1703 175 1786 quia
198 1723 410 1785 personarum
435 1701 633 1773 enumeratio
657 1701 743 1766 hune
767 1701 917 1766 effectum
939 1702 1053 1788 habet,
1076 1706 1113 1766 ut

96 1794 318 1875 exaequentur
337 1790 371 1855 iu
389 1790 497 1875 legato
515 1789 721 1874 praestante,
741 1789 804 1874 qui,
824 1791 852 1855 si
870 1791 1029 1856 nominati
1046 1813 1113 1856 non

96 1883 223 1963 essent,
246 1877 458 1944 hereditarias
481 1883 591 1963 partes
615 1878 757 1943 debituri
780 1883 897 1944 essent.

395 2037 446 2103 De
468 2039 617 2121 emptione
638 2038 816 2104 venditione.

188 2145 241 2210 40.
269 2143 308 2208 D.
329 2145 380 2229 18,
399 2145 429 2228 3,
449 2143 479 2209 5.
524 2143 678 2209 Neratius
705 2143 790 2209 libro
814 2142 1113 2228 quinto'Membra-

95 2256 224 2310 narum.
246 2270 284 2281 -
305 2232 392 2319 Lege
406 2233 506 2298 fundo
521 2233 651 2299 vendito
667 2233 764 2318 diota,
782 2236 828 2318 ut,
847 2233 875 2296 si
889 2233 976 2297 intra
990 2235 1114 2297 eertum

96 2327 230 2408 tempus
253 2322 393 2407 pretium
417 2323 560 2387 solutum
583 2343 649 2387 non
673 2322 730 2409 sit,
754 2342 807 2388 res
830 2322 976 2405 inempta
999 2322 1051 2404 sit,
1075 2321 1113 2385 de

96 2411 274 2496 fructibus,
307 2433 387 2496 quos
415 2411 546 2476 interim
574 2414 700 2496 emptor
727 2410 937 2496 percepisset,
969 2408 1031 2474 hoo
1060 2409 1113 2495 agi

97 2499 356 2584 intellegendum
387 2504 449 2584 est,
481 2503 519 2564 ut
550 2503 678 2583 emptor
709 2499 842 2564 interim
875 2519 931 2565 eos
963 2498 1027 2563 sibi
1055 2519 1112 2563 suo

98 2610 245 2675 quosque
281 2589 351 2654 iure
386 2589 580 2673 perciperet,
617 2587 672 2653 sed
709 2588 738 2652 si
775 2587 893 2653 fundus
927 2587 1115 2672 revenisset,

97 2678 214 2742 Aristo
234 2677 441 2742 existimabat
459 2676 621 2743 venditori
640 2678 679 2741 de
697 2676 749 2741 his
768 2675 921 2742 iudicium
939 2676 974 2741 in
991 2682 1112 2760 empto·

97 2788 169 2831 rem
195 2766 334 2831 dandum
353 2787 433 2851 esse,
457 2765 532 2851 quia
551 2765 634 2830 nihil
651 2787 750 2850 penes
770 2787 843 2830 eum
861 2764 1000 2830 residere
1021 2786 1114 2849 opor-

97 2859 187 2920 teret
210 2877 249 2919 ex
271 2876 321 2940 re,
342 2855 378 2918 in
401 2876 465 2940 qua
488 2854 584 2918 fidem
607 2853 786 2920 fefellisset.

191 2967 227 3027 of.
251 2966 374 3027 Perniee
396 2959 442 3025 11²
463 2988 492 3044 p.
509 2968 621 3042 187sq.

425 3120 476 3186 De
497 3122 644 3186 mandato
667 3120 793 3186 emendi.

189 3228 242 3293 41.
269 3226 309 3292 D.
326 3229 376 3312 17,
392 3229 421 3310 1,
435 3226 487 3292 35.
528 3224 683 3291 Neratius
706 3226 792 3292 libro
816 3227 930 3311 quinto
953 3225 1115 3290 Membra·

98 3339 227 3382 narum.
250 3352 295 3363 -
318 3313 353 3381 si
376 3316 520 3401 fundum,
544 3316 599 3400 qui
619 3320 767 3399 exparte
786 3320 861 3381 tuus
882 3319 941 3398 est,
963 3313 1115 3378 mandavi

97 3406 163 3472 tibi
191 3409 228 3469 ut
254 3427 376 3470 emeres
405 3405 498 3488 mihi,
527 3426 639 3469 verum
661 3407 712 3469 est
734 3405 924 3470 mandatum
947 3423 1043 3486 posse
1067 3401 1118 3465 ita

174 3587 188 3633 1
210 3578 258 3634 Fi.
278 3579 332 3635 etsi
351 3621 379 3635 ..
399 3579 549 3635 damnosus
567 3577 669 3634 futuris
688 3578 750 3634 erit.
