2430 3944
95 178 168 242 w17ss
182 177 229 233 111.
241 177 317 235 orn
327 176 620 233 cnruouuaaor.
632 175 777 230 altars
788 174 897 230 rane.
906 173 1004 232 rums
1014 173 1116 233 cons.

103 342 229 424 legetur
258 343 290 406 et
320 363 359 405 ex
387 362 425 405 ea
451 361 529 404 vasa
557 338 622 404 sint
644 338 732 404 facta
754 339 806 404 vel
828 341 955 424 contra,
984 338 1115 406 Cassius

105 429 192 514 apud
214 428 367 494 Urseium
390 428 505 494 scribit
526 428 658 493 interire
682 448 777 492 usum
800 426 949 493 fructum.

190 519 220 582 4.
244 517 284 582 Ι).
299 520 328 601 7,
344 520 373 601 1,
387 517 430 582 35
440 541 484 599 pr.
525 515 614 580 Idem
638 512 697 601 (sc.
716 512 877 602 Iulianus)
900 516 985 584 libro
1009 518 1115 602 primo

103 606 144 670 ad
157 604 307 671 Urseium
317 605 471 671 Ferocem
487 603 536 691 (P.
548 602 638 690 887).
652 639 696 651 -—
710 604 744 669 si
758 625 835 668 usus
849 603 972 672 fructus
987 607 1115 692 legatus

102 698 161 779 est,
185 695 240 759 sed
264 695 357 760 heres
381 695 520 777 scriptus
544 695 585 759 ob
609 694 671 758 hoc
691 693 815 757 tardius
835 693 912 778 adit,
936 698 973 759 ut
990 696 1114 762 tardius

103 784 143 847 ad
167 783 309 868 legatum
332 784 566 867 perveniretur,
588 781 650 847 hoc
675 803 802 865 quoque
825 783 1056 870 praestabitur,
1078 789 1116 850 ut

101 871 222 938 Sabino
246 872 376 954 placuit

190 960 221 1025 5.
248 959 329 1026 Ibid.
353 963 373 1041 ᾖ
394 961 423 1025 1.
448 995 486 1008 ·-
512 957 599 1023 Usus
626 958 750 1022 fructus
775 960 859 1023 servi
882 958 962 1024 mihi
985 961 1115 1047 legatus

100 1055 151 1114 est
173 1050 273 1133 isque,
297 1070 369 1113 cum
393 1068 453 1134 ego
476 1047 525 1111 uti
546 1045 611 1110 frui
630 1045 794 1131 desissem,
816 1049 899 1113 liber
917 1070 987 1114 esse
1006 1051 1113 1117 iussus

100 1141 158 1203 est.
207 1136 321 1202 deinde
345 1157 405 1222 ego
430 1136 471 1201 ab
491 1136 607 1200 herede
631 1135 891 1201 aestimationem
913 1138 1015 1223 legati
1039 1141 1115 1205 tuli:

98 1227 200 1292 nihilo
233 1225 339 1308 magis
373 1247 446 1289 eum
477 1225 615 1289 liberum
651 1224 720 1289 fore
753 1221 893 1290 Sabinus
930 1228 1116 1313 respondit3

98 1336 239 1399 namque
265 1311 368 1378 videri
390 1335 441 1378 me
463 1313 513 1377 uti
535 1312 600 1376 frui
623 1312 768 1396 homine,
797 1336 856 1398 pro
880 1335 944 1398 quo
969 1316 1116 1401 aliquam

99 1425 167 1467 rem
195 1403 348 1485 habeam,
375 1399 595 1468 condicionem
623 1405 731 1466 autem
762 1401 830 1468 eius
853 1403 1016 1469 libertatis
1042 1428 1116 1472 ean·

99 1492 172 1556 dem
195 1512 337 1573 manere,
364 1493 412 1555 ita
435 1495 472 1554 ut
495 1491 610 1554 mortis
633 1510 723 1554 meae
747 1495 804 1554 aut
827 1492 942 1575 capitis
966 1492 1113 1561 deminu-

98 1579 197 1644 tionis
220 1580 403 1645 interventu
426 1580 509 1644 liber
530 1578 660 1643 futurus
684 1582 778 1644 esset.

94 1873 96 1878 A
372 1798 419 1856 Dc
436 1801 524 1871 parte
544 1797 710 1857 bercdsttotts
731 1799 833 1872 deputa.

189 1924 218 1989 6.
242 1922 281 1988 D.
296 1925 348 2010 30,
366 1925 438 2008 104,
453 1927 482 1990 7.
518 1924 608 1990 Idem
632 1923 690 2012 (sc.
713 1921 873 2013 Iulianus)
896 1926 981 1991 libro
1005 1929 1115 2012 primo

99 2013 139 2077 ad
169 2012 320 2078 Urseium
353 2013 517 2079 Ferocem.
550 2049 592 2060 -
627 2012 660 2079 si
699 2035 810 2078 socero
847 2036 868 2078 a
900 2035 1019 2099 genero
1055 2039 1115 2084 suo

97 2101 215 2166 herede
247 2102 401 2167 instituto
432 2125 510 2187 pars
542 2102 732 2167 hereditatis
766 2102 823 2167 alii
850 2103 961 2189 legata
989 2105 1115 2192 fuisset,

99 2191 235 2255 deducta
262 2190 339 2255 dote
366 2212 439 2255 eum
467 2191 652 2256 debiturum
676 2212 745 2255 esse
768 2193 896 2273 partem
919 2192 1113 2260 hereditatis

98 2281 239 2364 legatam
259 2277 397 2344 Sabinus
420 2280 597 2364 respondit,
620 2279 898 2363 quemadmodum,
922 2281 950 2344 si
972 2285 1113 2365 pecunia

97 2389 136 2433 ex
173 2367 285 2433 crediti
321 2389 419 2432 causa
450 2389 561 2433 socero
595 2367 704 2432 debita
734 2367 864 2451 fuisset,
901 2391 939 2432 ea
972 2371 1113 2438 deducta

97 2460 222 2540 partem
246 2456 436 2522 hereditatis
460 2458 592 2521 daturus
615 2455 739 2523 fuisset.

412 2676 459 2734 Dc
481 2675 572 2750 leuato
595 2675 793 2734 condicionali.

186 2803 215 2866 8.
239 2801 278 2867 D.
293 2803 344 2887 30,
361 2803 434 2886 104,
449 2804 478 2867 1.
514 2801 604 2867 Idem
627 2799 686 2889 (sc.
707 2801 868 2887 Iulianus)
890 2802 975 2867 libro
998 2804 1110 2888 primo

97 2891 138 2954 ad
165 2890 317 2956 Urseium
344 2891 497 2957 Ferocem
520 2889 569 2971 (P.
589 2888 680 2976 888).
705 2926 743 2937 -
768 2890 807 2955 In
834 2894 1032 2956 testamento
1063 2894 1112 2960 sic

97 2982 167 3043 erat
191 2981 360 3065 scriptum:
385 2979 494 3044 ‘Lucio
515 2979 612 3065 Titio,
635 2979 714 3044 siis
737 2980 847 3044 heredi
867 3001 938 3045 meo
957 2980 1110 3068 tabellas,

97 3068 213 3151 quibus
247 3069 276 3132 ei
306 3069 476 3151 pecuniam
508 3069 772 3152 expromiseram,
806 3068 942 3152 dederit,
976 3074 1109 3136 centum

97 3155 194 3221 dato’.
223 3156 327 3221 Titius
347 3157 459 3220 deinde
478 3160 652 3241 antequam
671 3157 807 3221 tabellas
822 3157 932 3222 heredi
948 3158 1109 3244 redderet,

96 3243 304 3311 decesserat.
329 3245 509 3329 quaesitum
544 3256 606 3329 est,
643 3267 685 3310 an
714 3245 825 3310 heredi
857 3247 926 3310 eius
958 3246 1108 3332 legatum

96 3333 272 3398 deberetur.
313 3331 445 3398 Cassius
468 3334 646 3418 respondit,
668 3334 697 3399 si
719 3334 852 3398 tabulae
870 3334 1019 3420 fuissent,
1042 3358 1110 3401 non

96 3422 219 3501 deberi,
247 3422 323 3505 quia
350 3444 416 3487 non
442 3424 576 3488 redditis
604 3423 655 3487 his
685 3422 751 3488 dies
779 3423 881 3508 legati
908 3444 976 3489 non
1000 3425 1109 3490 cessit.

187 3532 360 3610 Sequuntur
381 3534 469 3595 haec:
492 3527 639 3594 ‘Iulianus
662 3535 761 3595 notat:
785 3528 822 3595 si'
845 3537 878 3595 et
900 3554 928 3611 q.
952 3554 976 3597 s.
