2430 3944
104 187 169 253 134
181 187 229 244 ΙΠ.
239 188 316 244 GAII
326 187 475 245 CLAUDII
484 187 621 244 NERON.
631 187 776 244 GALBAL
786 187 895 247 ΤΕΜΡ.
904 187 1004 246 rums
1014 186 1106 247 GONE

101 355 211 416 mento
236 352 420 435 scribserat,
451 352 566 416 deinde
589 352 636 416 ita
658 351 839 438 legaverat:
870 350 980 418 ‘Luoio
1003 351 1106 421 Publi«

101 438 262 505 Corneliis
291 441 329 506 ad
358 444 604 506 monumentum
632 462 740 505 meum
767 440 1003 506 aedificandum
1028 440 1106 509 mille

99 529 194 594 heres
226 551 316 594 meus
349 529 449 594 dato’.
499 528 672 594 Trebatius
703 528 872 614 respondit
904 551 964 614 pro
992 551 1031 596 eo
1057 530 1106 597 ha

100 618 240 682 bendum
269 640 307 684 ae
335 618 363 682 si
391 619 439 682 ita
464 618 608 704 legatum
632 622 730 700 esset,
759 616 788 682 si
811 617 1057 685 satisdedissent
1076 640 1105 686 rs

99 707 147 771 ita
173 705 207 770 id
235 710 480 772 monumentum
509 728 548 771 ex
575 728 614 772 ea
640 706 776 790 pecunia
804 707 959 772 facturos.
1007 707 1103 774 Labeo

99 793 245 860 Trebatii
269 797 462 860 sententiam
484 797 615 880 probat,
646 795 721 879 quia
743 795 824 860 haee
846 816 938 861 mens
962 796 1101 862 testantis

99 883 223 968 fuisset,
253 888 290 949 ut
313 906 351 949 ea
373 884 512 967 pecunia
534 884 569 948 in
592 889 838 949 monumentum
864 887 1099 950 consumeretur.

98 972 184 1037 idem
208 976 242 1037 et
265 994 325 1059 ego
349 976 383 1037 et
405 972 562 1038 Proculus
585 973 770 1057 probamus.

188 1062 217 1126 9.
250 1062 289 1126 D.
310 1061 362 1144 35,
384 1063 411 1146 1,
430 1061 482 1127 69,
534 1060 635 1126 Gaius
668 1061 753 1126 libro
785 1063 883 1126 tertio
917 1060 1037 1127 deeimo
1066 1059 1096 1126 sd

98 1150 203 1234 legem
222 1149 340 1215 Iuliam
364 1154 397 1215 et
415 1149 552 1234 Papiam
571 1148 621 1235 (P.
635 1147 725 1237 469).
747 1184 786 1196 -
807 1147 842 1214 si
860 1149 909 1216 ita
927 1168 1096 1235 expressum

99 1239 174 1303 erit:
207 1237 321 1323 ‘Titio,
359 1240 387 1304 si
419 1239 573 1324 voluerit,
608 1239 649 1303 do
682 1237 779 1325 lego',
812 1239 898 1322 apud
929 1238 1096 1305 Labeonem

98 1325 254 1392 Proculus
282 1331 376 1393 notat
398 1349 464 1392 non
487 1326 581 1392 aliter
605 1328 644 1392 ad
668 1327 820 1391 heredem
843 1327 995 1413 legatarii
1016 1325 1095 1412 perti·

97 1436 184 1499 nere,
207 1437 304 1500 quam
329 1417 357 1481 si
379 1415 450 1500 ipse
474 1416 652 1501 legatarius
672 1416 812 1481 voluerit
830 1415 871 1480 ad
889 1439 926 1482 se
944 1416 1097 1501 pertinere,

98 1503 175 1588 quia
198 1504 344 1569 oondioio
367 1526 524 1588 personae
547 1506 694 1570 iniuneta
716 1504 852 1570 videtur.

190 1593 239 1657 10.
275 1592 350 1657 vau
377 1593 415 1658 ir.
446 1594 487 1658 71
531 1591 621 1679 (Ulp.
658 1594 713 1658 lib.
745 1592 841 1658 XVII
879 1593 920 1658 ad
958 1591 1096 1660 Sabinum

97 1678 131 1743 P.
146 1677 272 1766 255912).
285 1717 324 1727 -
335 1681 432 1765 Apud
446 1681 629 1748 Labeonem
646 1681 751 1767 agitat
761 1719 803 1729 —
814 1682 988 1766 portinere,
1003 1701 1097 1768 quam·

97 1769 146 1833 vis
170 1769 328 1835 Proculus
350 1793 416 1835 non
437 1807 526 1817 ——-

394 1946 445 2012 De
467 1949 616 2031 emptione
638 1948 817 2012 venditione.

189 2072 239 2138 11.
276 2071 346 2137 Gai.
370 2072 405 2156 3,
434 2071 507 2136 140.
546 2108 584 2118 -
628 2070 776 2136 Pretium
808 2120 849 2138 ..
884 2075 1008 2136 eertum
1043 2085 1106 2136 esse

97 2159 206 2245 debet3
239 2182 315 2224 nam
341 2160 485 2245 alioquin
507 2155 542 2225 ¹si
569 2161 616 2224 ita
637 2159 722 2224 inter
751 2182 810 2225 nos
841 2161 1044 2244 convenerit,
1072 2157 1106 2224 ut

98 2250 212 2332 quanti
232 2247 337 2314 Titius
356 2271 426 2314 rem
446 2248 676 2331 aestimaverit,
699 2248 785 2314 tanti
804 2249 847 2314 sit
866 2253 987 2335 empta,
1005 2249 1106 2314 Labeo

96 2338 229 2423 negavit
256 2338 357 2402 ullam
387 2337 454 2402 vim
481 2337 545 2402 hoo
572 2337 739 2420 negotium
767 2338 900 2422 habere,
929 2336 1024 2403 ouius
1046 2335 1106 2423 opi¹

13 2481 16 2489 .
100 2424 232 2490 nionem
251 2422 383 2491 Cassius
407 2425 535 2509 probat.
577 2425 691 2491 Ofilius
715 2431 748 2490 et
771 2448 841 2491 eam
865 2427 1063 2511 emptionem
1080 2423 1106 2490 el

98 2513 332 2599 venditionem3
364 2516 453 2580 euius
478 2514 663 2600 opinionem
686 2514 843 2579 Proculus
867 2518 997 2580 secutus
1021 2521 1078 2580 est.

446 2707 496 2775 De
517 2710 646 2792 repotiis
664 2709 766 2792 gestis.

189 2834 239 2899 12.
277 2833 316 2898 D.
340 2835 373 2913 3,
395 2831 430 2916 5,
453 2834 473 2898 9
481 2884 490 2917 ,
515 2835 543 2897 1.
597 2831 759 2917 Ulpianus
796 2833 881 2897 libro
916 2833 1043 2899 deeimo
1075 2833 1106 2900 ad

99 2923 241 2988 edietum
269 2921 319 3010 (P.
339 2919 428 3009 354).
451 2959 496 2969 -
522 2921 556 2986 Is
578 2922 683 3006 ..qui
712 2922 920 3007 negotiorum
948 2926 1106 3006 gestorum

100 3009 170 3096 agit
207 3034 272 3076 non
303 3013 407 3077 solum
440 3010 469 3075 si
501 3011 650 3075 effectum
683 3010 798 3075 habuit
826 3010 997 3096 negotium
1030 3010 1106 3096 quoi

100 3100 211 3186 gessit,
231 3100 355 3165 actione
374 3101 440 3164 ista
458 3103 578 3182 utetur,
597 3099 653 3163 sed
671 3099 800 3183 suffieit,
820 3099 848 3163 si
861 3100 989 3164 utiliter
1003 3098 1106 3186 gessit

100 3188 163 3254 etsi
187 3188 334 3254 effectum
358 3211 423 3254 non
441 3188 559 3254 habuit
577 3187 744 3273 negotium
760 3237 768 3251 .
782 3192 815 3252 et
833 3187 906 3253 ideo
926 3189 955 3252 si
974 3189 1106 3254 insulan

100 3277 193 3343 fulsit
211 3277 262 3342 vel
282 3300 410 3342 servum
430 3298 564 3362 aegrum
583 3277 719 3359 curavit,
737 3276 866 3341 etiamsi
880 3277 988 3341 insula
1003 3283 1106 3343 exuste

101 3370 152 3432 est
174 3367 225 3430 vel
249 3388 359 3431 servus
384 3365 475 3449 obiit,
499 3368 574 3451 aget
596 3364 800 3451 negotiorum
820 3368 997 3450 gestorum,
1020 3367 1106 3452 idque

101 3459 135 3520 et
153 3453 262 3520 Labeo
285 3456 412 3539 probat.
454 3455 510 3519 sed
532 3458 569 3518 ut
588 3453 701 3520 Celsus
722 3454 830 3538 refert,
852 3454 1011 3520 Proculus
1031 3455 1106 3538 apui

102 3565 175 3608 eum
207 3547 302 3609 notat
333 3566 399 3609 non
433 3565 559 3627 semper
591 3543 706 3608 debere
737 3542 815 3609 dari.
866 3543 941 3626 quid
972 3544 1060 3609 enim
1087 3566 1106 3608 s:
