<?xml version="1.0" encoding="UTF-8"?>
<!DOCTYPE html PUBLIC "-//W3C//DTD XHTML 1.0 Transitional//EN"
    "http://www.w3.org/TR/xhtml1/DTD/xhtml1-transitional.dtd">
<html xmlns="http://www.w3.org/1999/xhtml" xml:lang="en" lang="en">
 <head>
  <title>
</title>
<meta http-equiv="Content-Type" content="text/html;charset=utf-8" />
  <meta name='ocr-system' content='tesseract 3.04.00' />
  <meta name='ocr-capabilities' content='ocr_page ocr_carea ocr_par ocr_line ocrx_word'/>
</head>
<body>
  <div class='ocr_page' id='page_1' title='image "./iurisprudentiae02bremgoog_0496.png"; bbox 0 0 2430 3944; ppageno 0'>
   <div class='ocr_carea' id='block_1_1' title="bbox 347 175 1064 241">
    <p class='ocr_par' dir='ltr' id='par_1_1' title="bbox 347 175 1064 241">
     <span class='ocr_line' id='line_1_1' title="bbox 347 175 1064 241; baseline 0.014 -10"><span class='ocrx_word' id='word_1_1' title='bbox 347 183 371 231; x_wconf 81' lang='grc'><em>6.</em></span> <span class='ocrx_word' id='word_1_2' title='bbox 394 175 603 232; x_wconf 83' lang='lat' dir='ltr'>IAVOLENUS</span> <span class='ocrx_word' id='word_1_3' title='bbox 621 175 770 232; x_wconf 80' lang='lat' dir='ltr'>PRISOUS</span> <span class='ocrx_word' id='word_1_4' title='bbox 996 175 1064 241; x_wconf 82' lang='lat'><em>463</em></span> 
     </span>
    </p>
   </div>
   <div class='ocr_carea' id='block_1_2' title="bbox 43 339 1066 759">
    <p class='ocr_par' dir='ltr' id='par_1_2' title="bbox 43 339 1066 688">
     <span class='ocr_line' id='line_1_2' title="bbox 48 339 1064 421; baseline 0.001 -17"><span class='ocrx_word' id='word_1_5' title='bbox 48 341 191 405; x_wconf 89' lang='lat' dir='ltr'><em>nnmmis</em></span> <span class='ocrx_word' id='word_1_6' title='bbox 216 340 315 421; x_wconf 83' lang='lat' dir='ltr'><em>ipsios</em></span> <span class='ocrx_word' id='word_1_7' title='bbox 341 339 459 404; x_wconf 71' lang='lat' dir='ltr'><em>hoedis</em></span> <span class='ocrx_word' id='word_1_8' title='bbox 485 340 586 418; x_wconf 85' lang='lat' dir='ltr'><em>solvit,</em></span> <span class='ocrx_word' id='word_1_9' title='bbox 614 339 678 421; x_wconf 89' lang='lat' dir='ltr'><em>ipse</em></span> <span class='ocrx_word' id='word_1_10' title='bbox 704 340 825 420; x_wconf 80' lang='lat' dir='ltr'><em>qnidam</em></span> <span class='ocrx_word' id='word_1_11' title='bbox 851 345 979 421; x_wconf 83' lang='lat' dir='ltr'><em>repetere</em></span> <span class='ocrx_word' id='word_1_12' title='bbox 1001 361 1064 405; x_wconf 89' lang='lat' dir='ltr'><em>non</em></span> 
     </span>
     <span class='ocr_line' id='line_1_3' title="bbox 43 427 1064 512; baseline 0 -19"><span class='ocrx_word' id='word_1_13' title='bbox 43 432 156 512; x_wconf 78' lang='lat' dir='ltr'><em>potest.</em></span> <span class='ocrx_word' id='word_1_14' title='bbox 208 429 262 492; x_wconf 90' lang='lat' dir='ltr'><em>sed</em></span> <span class='ocrx_word' id='word_1_15' title='bbox 290 429 320 492; x_wconf 90' lang='lat' dir='ltr'><em>si</em></span> <span class='ocrx_word' id='word_1_16' title='bbox 346 428 506 509; x_wconf 86' lang='lat' dir='ltr'><em>ipnorante</em></span> <span class='ocrx_word' id='word_1_17' title='bbox 531 427 637 492; x_wconf 80' lang='lat' dir='ltr'><em>herede</em></span> <span class='ocrx_word' id='word_1_18' title='bbox 662 448 805 494; x_wconf 77' lang='lat' dir='ltr'><em>nummos</em></span> <span class='ocrx_word' id='word_1_19' title='bbox 833 430 898 493; x_wconf 88' lang='lat' dir='ltr'><em>eins</em></span> <span class='ocrx_word' id='word_1_20' title='bbox 927 430 1064 512; x_wconf 77' lang='lat' dir='ltr'><em>tradedit,</em></span> 
     </span>
     <span class='ocr_line' id='line_1_4' title="bbox 47 516 1066 600; baseline -0.001 -18"><span class='ocrx_word' id='word_1_21' title='bbox 47 518 209 600; x_wconf 81' lang='lat' dir='ltr'><em>dominns,</em></span> <span class='ocrx_word' id='word_1_22' title='bbox 235 518 294 599; x_wconf 88' lang='lat' dir='ltr'><em>cit,</em></span> <span class='ocrx_word' id='word_1_23' title='bbox 320 537 370 581; x_wconf 91' lang='lat' dir='ltr'><em>eos</em></span> <span class='ocrx_word' id='word_1_24' title='bbox 396 521 474 581; x_wconf 88' lang='lat' dir='ltr'><em>recte</em></span> <span class='ocrx_word' id='word_1_25' title='bbox 499 516 674 581; x_wconf 72' lang='lat' dir='ltr'><em>dedicabit.</em></span> <span class='ocrx_word' id='word_1_26' title='bbox 719 519 821 582; x_wconf 89' lang='lat' dir='ltr'><em>codem</em></span> <span class='ocrx_word' id='word_1_27' title='bbox 844 538 1066 582; x_wconf 74' lang='lat' dir='ltr'><em>consorcium</em></span> 
     </span>
     <span class='ocr_line' id='line_1_5' title="bbox 47 605 332 688; baseline -0.007 -17"><span class='ocrx_word' id='word_1_28' title='bbox 47 605 260 688; x_wconf 81' lang='lat' dir='ltr'><em>corpmolinm</em></span> <span class='ocrx_word' id='word_1_29' title='bbox 281 609 332 670; x_wconf 86' lang='lat' dir='ltr'><em>est.</em></span> 
     </span>
    </p>

    <p class='ocr_par' dir='ltr' id='par_1_3' title="bbox 376 692 739 759">
     <span class='ocr_line' id='line_1_6' title="bbox 376 692 739 759; baseline -0.003 -1"><span class='ocrx_word' id='word_1_30' title='bbox 376 692 427 759; x_wconf 90' lang='lat' dir='ltr'><em>De</em></span> <span class='ocrx_word' id='word_1_31' title='bbox 447 694 606 759; x_wconf 87' lang='lat' dir='ltr'><em>interdicto</em></span> <span class='ocrx_word' id='word_1_32' title='bbox 628 694 739 758; x_wconf 84' lang='lat' dir='ltr'><em>ntrnbi.</em></span> 
     </span>
    </p>
   </div>
   <div class='ocr_carea' id='block_1_3' title="bbox 42 799 1066 1329">
    <p class='ocr_par' dir='ltr' id='par_1_4' title="bbox 42 799 1066 1329">
     <span class='ocr_line' id='line_1_7' title="bbox 142 799 1065 883; baseline 0.002 -18"><span class='ocrx_word' id='word_1_33' title='bbox 142 802 193 865; x_wconf 88' lang='lat'><em>19.</em></span> <span class='ocrx_word' id='word_1_34' title='bbox 215 799 254 864; x_wconf 92' lang='lat' dir='ltr'><em>D.</em></span> <span class='ocrx_word' id='word_1_35' title='bbox 264 801 317 883; x_wconf 89' lang='lat'><em>41,</em></span> <span class='ocrx_word' id='word_1_36' title='bbox 327 802 356 883; x_wconf 85' lang='lat'><em>3,</em></span> <span class='ocrx_word' id='word_1_37' title='bbox 368 801 418 866; x_wconf 87' lang='lat'><em>16.</em></span> <span class='ocrx_word' id='word_1_38' title='bbox 454 799 627 864; x_wconf 81' lang='lat' dir='ltr'><em>lavolenus</em></span> <span class='ocrx_word' id='word_1_39' title='bbox 642 800 725 864; x_wconf 90' lang='lat' dir='ltr'><em>libro</em></span> <span class='ocrx_word' id='word_1_40' title='bbox 744 803 859 883; x_wconf 87' lang='lat' dir='ltr'><em>quarto</em></span> <span class='ocrx_word' id='word_1_41' title='bbox 874 822 912 864; x_wconf 85' lang='lat' dir='ltr'><em>ex</em></span> <span class='ocrx_word' id='word_1_42' title='bbox 926 799 1065 868; x_wconf 86' lang='lat' dir='ltr'><em>Plautio.</em></span> 
     </span>
     <span class='ocr_line' id='line_1_8' title="bbox 50 888 1064 971; baseline -0.001 -17"><span class='ocrx_word' id='word_1_43' title='bbox 50 926 91 938; x_wconf 89' lang='lat'>—</span> <span class='ocrx_word' id='word_1_44' title='bbox 119 888 210 955; x_wconf 85' lang='lat' dir='ltr'><em>Seroi</em></span> <span class='ocrx_word' id='word_1_45' title='bbox 230 890 366 967; x_wconf 89' lang='lat' dir='ltr'><em>nomine,</em></span> <span class='ocrx_word' id='word_1_46' title='bbox 393 890 447 970; x_wconf 80' lang='lat' dir='ltr'><em>qni</em></span> <span class='ocrx_word' id='word_1_47' title='bbox 462 889 592 971; x_wconf 84' lang='lat' dir='ltr'><em>pipnori</em></span> <span class='ocrx_word' id='word_1_48' title='bbox 613 891 703 953; x_wconf 84' lang='lat' dir='ltr'><em>datos</em></span> <span class='ocrx_word' id='word_1_49' title='bbox 725 894 777 967; x_wconf 88' lang='lat' dir='ltr'><em>est,</em></span> <span class='ocrx_word' id='word_1_50' title='bbox 799 890 842 953; x_wconf 88' lang='lat' dir='ltr'><em>od</em></span> <span class='ocrx_word' id='word_1_51' title='bbox 862 889 1064 955; x_wconf 75' lang='lat' dir='ltr'><em>exhibendum</em></span> 
     </span>
     <span class='ocr_line' id='line_1_9' title="bbox 47 977 1065 1063; baseline -0.001 -19"><span class='ocrx_word' id='word_1_52' title='bbox 47 1000 120 1044; x_wconf 89' lang='lat' dir='ltr'><em>enm</em></span> <span class='ocrx_word' id='word_1_53' title='bbox 144 979 302 1063; x_wconf 79' lang='lat' dir='ltr'><em>creditore,</em></span> <span class='ocrx_word' id='word_1_54' title='bbox 327 999 391 1042; x_wconf 90' lang='lat' dir='ltr'><em>non</em></span> <span class='ocrx_word' id='word_1_55' title='bbox 413 997 483 1040; x_wconf 88' lang='lat' dir='ltr'><em>cnm</em></span> <span class='ocrx_word' id='word_1_56' title='bbox 504 977 636 1042; x_wconf 79' lang='lat' dir='ltr'><em>debitore</em></span> <span class='ocrx_word' id='word_1_57' title='bbox 657 979 809 1060; x_wconf 86' lang='lat' dir='ltr'><em>opmdnm</em></span> <span class='ocrx_word' id='word_1_58' title='bbox 829 983 886 1059; x_wconf 89' lang='lat' dir='ltr'><em>est,</em></span> <span class='ocrx_word' id='word_1_59' title='bbox 912 980 988 1060; x_wconf 79' lang='lat' dir='ltr'><em>peric</em></span> <span class='ocrx_word' id='word_1_60' title='bbox 1009 979 1065 1061; x_wconf 80' lang='lat' dir='ltr'><em>qni</em></span> 
     </span>
     <span class='ocr_line' id='line_1_10' title="bbox 42 1067 1066 1151; baseline 0 -19"><span class='ocrx_word' id='word_1_61' title='bbox 42 1068 176 1151; x_wconf 83' lang='lat' dir='ltr'><em>pipnori</em></span> <span class='ocrx_word' id='word_1_62' title='bbox 197 1068 292 1148; x_wconf 86' lang='lat' dir='ltr'><em>dedit,</em></span> <span class='ocrx_word' id='word_1_63' title='bbox 314 1068 357 1130; x_wconf 89' lang='lat' dir='ltr'><em>od</em></span> <span class='ocrx_word' id='word_1_64' title='bbox 377 1068 594 1149; x_wconf 73' lang='lat' dir='ltr'><em>usucapionem</em></span> <span class='ocrx_word' id='word_1_65' title='bbox 617 1070 738 1131; x_wconf 88' lang='lat' dir='ltr'><em>tcntnm</em></span> <span class='ocrx_word' id='word_1_66' title='bbox 756 1067 898 1148; x_wconf 80' lang='lat' dir='ltr'><em>possidet,</em></span> <span class='ocrx_word' id='word_1_67' title='bbox 921 1069 1002 1149; x_wconf 79' lang='lat' dir='ltr'><em>qnod</em></span> <span class='ocrx_word' id='word_1_68' title='bbox 1022 1067 1066 1132; x_wconf 89' lang='lat' dir='ltr'><em>od</em></span> 
     </span>
     <span class='ocr_line' id='line_1_11' title="bbox 46 1156 1065 1238; baseline 0 -17"><span class='ocrx_word' id='word_1_69' title='bbox 46 1157 187 1238; x_wconf 78' lang='lat' dir='ltr'><em>reliquos</em></span> <span class='ocrx_word' id='word_1_70' title='bbox 209 1175 312 1220; x_wconf 86' lang='lat' dir='ltr'><em>ornnes</em></span> <span class='ocrx_word' id='word_1_71' title='bbox 333 1175 444 1220; x_wconf 85' lang='lat' dir='ltr'><em>canses</em></span> <span class='ocrx_word' id='word_1_72' title='bbox 462 1156 600 1236; x_wconf 79' lang='lat' dir='ltr'><em>pertinet,</em></span> <span class='ocrx_word' id='word_1_73' title='bbox 622 1156 676 1237; x_wconf 80' lang='lat' dir='ltr'><em>qni</em></span> <span class='ocrx_word' id='word_1_74' title='bbox 697 1157 810 1237; x_wconf 87' lang='lat' dir='ltr'><em>occepit</em></span> <span class='ocrx_word' id='word_1_75' title='bbox 824 1157 966 1238; x_wconf 79' lang='lat' dir='ltr'><em>possidet,</em></span> <span class='ocrx_word' id='word_1_76' title='bbox 988 1157 1065 1221; x_wconf 88' lang='lat' dir='ltr'><em>adeo</em></span> 
     </span>
     <span class='ocr_line' id='line_1_12' title="bbox 46 1242 1004 1329; baseline -0.001 -19"><span class='ocrx_word' id='word_1_77' title='bbox 46 1251 86 1310; x_wconf 86' lang='lat' dir='ltr'><em>nt</em></span> <span class='ocrx_word' id='word_1_78' title='bbox 107 1245 192 1310; x_wconf 83' lang='lat' dir='ltr'><em>adici</em></span> <span class='ocrx_word' id='word_1_79' title='bbox 208 1245 310 1328; x_wconf 86' lang='lat' dir='ltr'><em>possit</em></span> <span class='ocrx_word' id='word_1_80' title='bbox 330 1249 359 1308; x_wconf 91' lang='lat' dir='ltr'><em>et</em></span> <span class='ocrx_word' id='word_1_81' title='bbox 373 1245 524 1326; x_wconf 80' lang='lat' dir='ltr'><em>possessio</em></span> <span class='ocrx_word' id='word_1_82' title='bbox 546 1244 611 1309; x_wconf 88' lang='lat' dir='ltr'><em>eins</em></span> <span class='ocrx_word' id='word_1_83' title='bbox 632 1245 687 1327; x_wconf 83' lang='lat' dir='ltr'><em>pni</em></span> <span class='ocrx_word' id='word_1_84' title='bbox 702 1244 831 1326; x_wconf 81' lang='lat' dir='ltr'><em>pipnori</em></span> <span class='ocrx_word' id='word_1_85' title='bbox 855 1242 1004 1329; x_wconf 60' lang='lat' dir='ltr'><em>accepim.</em></span> 
     </span>
    </p>
   </div>
   <div class='ocr_carea' id='block_1_4' title="bbox 473 1444 640 1504">
    <p class='ocr_par' dir='ltr' id='par_1_5' title="bbox 473 1444 640 1504">
     <span class='ocr_line' id='line_1_13' title="bbox 473 1444 640 1504; baseline -0.012 -1"><span class='ocrx_word' id='word_1_86' title='bbox 473 1444 582 1504; x_wconf 84' lang='lat' dir='ltr'><em>Liber</em></span> <span class='ocrx_word' id='word_1_87' title='bbox 604 1444 640 1501; x_wconf 90' lang='lat' dir='ltr'><em>V.</em></span> 
     </span>
    </p>
   </div>
   <div class='ocr_carea' id='block_1_5' title="bbox 549 1554 566 1618">
    <p class='ocr_par' dir='ltr' id='par_1_6' title="bbox 549 1554 566 1618">
     <span class='ocr_line' id='line_1_14' title="bbox 549 1554 566 1618; baseline 0 0"><span class='ocrx_word' id='word_1_88' title='bbox 549 1554 566 1618; x_wconf 68' lang='lat' dir='ltr'><em>i</em></span> 
     </span>
    </p>
   </div>
   <div class='ocr_carea' id='block_1_6' title="bbox 48 1659 1064 1923">
    <p class='ocr_par' dir='ltr' id='par_1_7' title="bbox 48 1659 1064 1923">
     <span class='ocr_line' id='line_1_15' title="bbox 139 1659 1064 1745; baseline 0 -19"><span class='ocrx_word' id='word_1_89' title='bbox 139 1662 193 1726; x_wconf 82' lang='lat'><em>20.</em></span> <span class='ocrx_word' id='word_1_90' title='bbox 212 1659 314 1743; x_wconf 80' lang='lat' dir='ltr'><em>D.50,</em></span> <span class='ocrx_word' id='word_1_91' title='bbox 325 1662 375 1745; x_wconf 84' lang='lat'><em>16,</em></span> <span class='ocrx_word' id='word_1_92' title='bbox 386 1661 437 1727; x_wconf 87' lang='lat'><em>83.</em></span> <span class='ocrx_word' id='word_1_93' title='bbox 466 1661 638 1726; x_wconf 85' lang='lat' dir='ltr'><em>Iavolenus</em></span> <span class='ocrx_word' id='word_1_94' title='bbox 651 1661 735 1726; x_wconf 89' lang='lat' dir='ltr'><em>libro</em></span> <span class='ocrx_word' id='word_1_95' title='bbox 750 1662 863 1745; x_wconf 87' lang='lat' dir='ltr'><em>quinto</em></span> <span class='ocrx_word' id='word_1_96' title='bbox 875 1684 914 1726; x_wconf 84' lang='lat' dir='ltr'><em>ex</em></span> <span class='ocrx_word' id='word_1_97' title='bbox 925 1660 1064 1726; x_wconf 85' lang='lat' dir='ltr'><em>Plautio.</em></span> 
     </span>
     <span class='ocr_line' id='line_1_16' title="bbox 48 1751 1064 1836; baseline -0.001 -21"><span class='ocrx_word' id='word_1_98' title='bbox 48 1787 91 1799; x_wconf 87' lang='lat'><em>-</em></span> <span class='ocrx_word' id='word_1_99' title='bbox 118 1751 250 1832; x_wconf 80' lang='lat' dir='ltr'><em>Proprie</em></span> <span class='ocrx_word' id='word_1_100' title='bbox 272 1751 434 1815; x_wconf 82' lang='lat' dir='ltr'><em>benedici</em></span> <span class='ocrx_word' id='word_1_101' title='bbox 454 1771 518 1814; x_wconf 89' lang='lat' dir='ltr'><em>non</em></span> <span class='ocrx_word' id='word_1_102' title='bbox 535 1753 675 1832; x_wconf 79' lang='lat' dir='ltr'><em>possunt,</em></span> <span class='ocrx_word' id='word_1_103' title='bbox 697 1770 775 1832; x_wconf 78' lang='lat' dir='ltr'><em>quoe</em></span> <span class='ocrx_word' id='word_1_104' title='bbox 786 1751 862 1836; x_wconf 88' lang='lat' dir='ltr'><em>plns</em></span> <span class='ocrx_word' id='word_1_105' title='bbox 880 1751 1064 1815; x_wconf 78' lang='lat' dir='ltr'><em>incommodi</em></span> 
     </span>
     <span class='ocr_line' id='line_1_17' title="bbox 48 1838 454 1923; baseline -0.002 -19"><span class='ocrx_word' id='word_1_106' title='bbox 48 1860 145 1923; x_wconf 78' lang='lat' dir='ltr'><em>quom</em></span> <span class='ocrx_word' id='word_1_107' title='bbox 167 1840 315 1904; x_wconf 89' lang='lat' dir='ltr'><em>commodi</em></span> <span class='ocrx_word' id='word_1_108' title='bbox 336 1838 454 1904; x_wconf 81' lang='lat' dir='ltr'><em>hohmt.</em></span> 
     </span>
    </p>
   </div>
   <div class='ocr_carea' id='block_1_7' title="bbox 139 1950 429 2027">
    <p class='ocr_par' dir='ltr' id='par_1_8' title="bbox 139 1950 429 2027">
     <span class='ocr_line' id='line_1_18' title="bbox 139 1950 429 2027; baseline -0.003 -17"><span class='ocrx_word' id='word_1_109' title='bbox 139 1951 176 2011; x_wconf 77' lang='lat' dir='ltr'><em>ef.</em></span> <span class='ocrx_word' id='word_1_110' title='bbox 199 1950 295 2027; x_wconf 75' lang='lat' dir='ltr'><em>spic.</em></span> <span class='ocrx_word' id='word_1_111' title='bbox 318 1950 355 2010; x_wconf 79' lang='lat' dir='ltr'><em>e.</em></span> <span class='ocrx_word' id='word_1_112' title='bbox 378 1953 429 2010; x_wconf 80' lang='lat'><em>47.</em></span> 
     </span>
    </p>
   </div>
   <div class='ocr_carea' id='block_1_8' title="bbox 280 2119 830 2222">
    <p class='ocr_par' dir='ltr' id='par_1_9' title="bbox 280 2119 830 2222">
     <span class='ocr_line' id='line_1_19' title="bbox 280 2119 830 2222; baseline 0.002 -19"><span class='ocrx_word' id='word_1_113' title='bbox 280 2144 332 2205; x_wconf 78' lang='lat' dir='ltr'><em>vi</em></span> <span class='ocrx_word' id='word_1_114' title='bbox 365 2146 619 2222; x_wconf 75' lang='lat' dir='ltr'><em>Epistularum</em></span> <span class='ocrx_word' id='word_1_115' title='bbox 633 2119 729 2205; x_wconf 73' lang='lat' dir='ltr'><em>&#39;nen</em></span> <span class='ocrx_word' id='word_1_116' title='bbox 751 2143 830 2204; x_wconf 79' lang='lat' dir='ltr'><em>xiv.</em></span> 
     </span>
    </p>
   </div>
   <div class='ocr_carea' id='block_1_9' title="bbox 45 2268 1065 3502">
    <p class='ocr_par' dir='ltr' id='par_1_10' title="bbox 45 2268 1064 2884">
     <span class='ocr_line' id='line_1_20' title="bbox 139 2268 1064 2347; baseline -0.004 -18"><span class='ocrx_word' id='word_1_117' title='bbox 139 2270 309 2330; x_wconf 78' lang='lat' dir='ltr'><em>Labeonem</em></span> <span class='ocrx_word' id='word_1_118' title='bbox 339 2270 559 2347; x_wconf 88' lang='lat' dir='ltr'><em>Proculumque</em></span> <span class='ocrx_word' id='word_1_119' title='bbox 593 2274 714 2330; x_wconf 88' lang='lat' dir='ltr'><em>secutus</em></span> <span class='ocrx_word' id='word_1_120' title='bbox 745 2269 906 2329; x_wconf 85' lang='lat' dir='ltr'><em>Iavolenus</em></span> <span class='ocrx_word' id='word_1_121' title='bbox 939 2268 1064 2343; x_wconf 78' lang='lat' dir='ltr'><em>Epistu-</em></span> 
     </span>
     <span class='ocr_line' id='line_1_21' title="bbox 47 2356 1062 2435; baseline -0.004 -17"><span class='ocrx_word' id='word_1_122' title='bbox 47 2360 150 2418; x_wconf 80' lang='lat' dir='ltr'>larum</span> <span class='ocrx_word' id='word_1_123' title='bbox 179 2358 266 2419; x_wconf 91' lang='lat' dir='ltr'><em>libris</em></span> <span class='ocrx_word' id='word_1_124' title='bbox 293 2377 435 2434; x_wconf 89' lang='lat' dir='ltr'><em>responsa</em></span> <span class='ocrx_word' id='word_1_125' title='bbox 465 2377 520 2418; x_wconf 83' lang='lat' dir='ltr'><em>sus</em></span> <span class='ocrx_word' id='word_1_126' title='bbox 546 2359 710 2435; x_wconf 84' lang='lat' dir='ltr'><em>proposuit.</em></span> <span class='ocrx_word' id='word_1_127' title='bbox 761 2376 828 2417; x_wconf 90' lang='lat' dir='ltr'><em>cnm</em></span> <span class='ocrx_word' id='word_1_128' title='bbox 855 2356 991 2416; x_wconf 76' lang='lat' dir='ltr'><em>Iauoleni</em></span> <span class='ocrx_word' id='word_1_129' title='bbox 1018 2375 1062 2415; x_wconf 88' lang='lat' dir='ltr'><em>re-</em></span> 
     </span>
     <span class='ocr_line' id='line_1_22' title="bbox 48 2445 1064 2525; baseline -0.006 -16"><span class='ocrx_word' id='word_1_130' title='bbox 48 2465 161 2525; x_wconf 87' lang='lat' dir='ltr'><em>sponsa</em></span> <span class='ocrx_word' id='word_1_131' title='bbox 187 2447 219 2506; x_wconf 87' lang='lat' dir='ltr'><em>iu</em></span> <span class='ocrx_word' id='word_1_132' title='bbox 245 2448 292 2507; x_wconf 89' lang='lat' dir='ltr'><em>his</em></span> <span class='ocrx_word' id='word_1_133' title='bbox 320 2447 405 2506; x_wconf 89' lang='lat' dir='ltr'><em>libris</em></span> <span class='ocrx_word' id='word_1_134' title='bbox 435 2447 545 2506; x_wconf 82' lang='lat' dir='ltr'><em>omissa</em></span> <span class='ocrx_word' id='word_1_135' title='bbox 570 2448 622 2508; x_wconf 80' lang='lat' dir='ltr'><em>rix</em></span> <span class='ocrx_word' id='word_1_136' title='bbox 648 2446 849 2522; x_wconf 87' lang='lat' dir='ltr'><em>reperiantur,</em></span> <span class='ocrx_word' id='word_1_137' title='bbox 883 2463 958 2521; x_wconf 87' lang='lat' dir='ltr'><em>opus</em></span> <span class='ocrx_word' id='word_1_138' title='bbox 984 2445 1064 2504; x_wconf 91' lang='lat' dir='ltr'><em>illud</em></span> 
     </span>
     <span class='ocr_line' id='line_1_23' title="bbox 47 2534 1062 2612; baseline -0.005 -15"><span class='ocrx_word' id='word_1_139' title='bbox 47 2539 182 2597; x_wconf 81' lang='lat' dir='ltr'><em>extremo</em></span> <span class='ocrx_word' id='word_1_140' title='bbox 197 2537 317 2595; x_wconf 85' lang='lat' dir='ltr'><em>demum</em></span> <span class='ocrx_word' id='word_1_141' title='bbox 331 2537 412 2597; x_wconf 83' lang='lat' dir='ltr'><em>vitae</em></span> <span class='ocrx_word' id='word_1_142' title='bbox 426 2539 559 2612; x_wconf 87' lang='lat' dir='ltr'><em>tempore</em></span> <span class='ocrx_word' id='word_1_143' title='bbox 574 2536 693 2596; x_wconf 84' lang='lat' dir='ltr'><em>videtur</em></span> <span class='ocrx_word' id='word_1_144' title='bbox 706 2534 842 2594; x_wconf 82' lang='lat' dir='ltr'><em>edidisse.</em></span> <span class='ocrx_word' id='word_1_145' title='bbox 875 2534 907 2593; x_wconf 89' lang='lat' dir='ltr'><em>in</em></span> <span class='ocrx_word' id='word_1_146' title='bbox 919 2534 1062 2609; x_wconf 88' lang='lat' dir='ltr'><em>posterio-</em></span> 
     </span>
     <span class='ocr_line' id='line_1_24' title="bbox 45 2623 1060 2703; baseline -0.004 -17"><span class='ocrx_word' id='word_1_147' title='bbox 45 2646 116 2686; x_wconf 88' lang='lat' dir='ltr'><em>rum</em></span> <span class='ocrx_word' id='word_1_148' title='bbox 139 2624 215 2685; x_wconf 90' lang='lat' dir='ltr'><em>iuris</em></span> <span class='ocrx_word' id='word_1_149' title='bbox 238 2625 442 2685; x_wconf 85' lang='lat' dir='ltr'><em>consultorum</em></span> <span class='ocrx_word' id='word_1_150' title='bbox 463 2624 641 2703; x_wconf 79' lang='lat' dir='ltr'><em>fragmentis</em></span> <span class='ocrx_word' id='word_1_151' title='bbox 662 2624 710 2683; x_wconf 92' lang='lat' dir='ltr'><em>illi</em></span> <span class='ocrx_word' id='word_1_152' title='bbox 731 2623 802 2682; x_wconf 86' lang='lat' dir='ltr'><em>libri</em></span> <span class='ocrx_word' id='word_1_153' title='bbox 824 2641 973 2700; x_wconf 78' lang='lat' dir='ltr'><em>nusquam</em></span> <span class='ocrx_word' id='word_1_154' title='bbox 995 2623 1060 2682; x_wconf 86' lang='lat' dir='ltr'><em>lan-</em></span> 
     </span>
     <span class='ocr_line' id='line_1_25' title="bbox 45 2711 1062 2791; baseline -0.005 -16"><span class='ocrx_word' id='word_1_155' title='bbox 45 2715 173 2791; x_wconf 80' lang='lat' dir='ltr'><em>dautnr3</em></span> <span class='ocrx_word' id='word_1_156' title='bbox 200 2717 232 2772; x_wconf 88' lang='lat' dir='ltr'><em>at</em></span> <span class='ocrx_word' id='word_1_157' title='bbox 254 2714 382 2774; x_wconf 79' lang='lat' dir='ltr'><em>fortasse</em></span> <span class='ocrx_word' id='word_1_158' title='bbox 406 2714 559 2773; x_wconf 89' lang='lat' dir='ltr'><em>Aburnins</em></span> <span class='ocrx_word' id='word_1_159' title='bbox 582 2713 707 2791; x_wconf 82' lang='lat' dir='ltr'><em>Valens,</em></span> <span class='ocrx_word' id='word_1_160' title='bbox 735 2711 841 2786; x_wconf 83' lang='lat' dir='ltr'><em>Gaius,</em></span> <span class='ocrx_word' id='word_1_161' title='bbox 871 2711 986 2772; x_wconf 86' lang='lat' dir='ltr'><em>Paulus</em></span> <span class='ocrx_word' id='word_1_162' title='bbox 1009 2729 1062 2770; x_wconf 89' lang='lat' dir='ltr'><em>eos</em></span> 
     </span>
     <span class='ocr_line' id='line_1_26' title="bbox 45 2793 405 2884; baseline -0.006 -20"><span class='ocrx_word' id='word_1_163' title='bbox 45 2802 213 2879; x_wconf 87' lang='lat' dir='ltr'><em>respiciunt</em></span> <span class='ocrx_word' id='word_1_164' title='bbox 236 2793 278 2884; x_wconf 82' lang='lat' dir='ltr'><em>(v.</em></span> <span class='ocrx_word' id='word_1_165' title='bbox 302 2794 405 2881; x_wconf 84' lang='lat' dir='ltr'><em>infra).</em></span> 
     </span>
    </p>

    <p class='ocr_par' dir='ltr' id='par_1_11' title="bbox 45 2889 1065 3502">
     <span class='ocr_line' id='line_1_27' title="bbox 137 2889 1064 2968; baseline -0.002 -19"><span class='ocrx_word' id='word_1_166' title='bbox 137 2889 197 2961; x_wconf 78' lang='lat' dir='ltr'><em>Qui</em></span> <span class='ocrx_word' id='word_1_167' title='bbox 212 2890 388 2951; x_wconf 77' lang='lat' dir='ltr'><em>Iauolenum</em></span> <span class='ocrx_word' id='word_1_168' title='bbox 405 2892 629 2965; x_wconf 89' lang='lat' dir='ltr'><em>cousuluerunt,</em></span> <span class='ocrx_word' id='word_1_169' title='bbox 650 2891 730 2950; x_wconf 89' lang='lat' dir='ltr'><em>inter</em></span> <span class='ocrx_word' id='word_1_170' title='bbox 748 2907 822 2968; x_wconf 88' lang='lat' dir='ltr'><em>quos</em></span> <span class='ocrx_word' id='word_1_171' title='bbox 840 2890 914 2949; x_wconf 90' lang='lat' dir='ltr'><em>iuris</em></span> <span class='ocrx_word' id='word_1_172' title='bbox 934 2889 1064 2950; x_wconf 82' lang='lat' dir='ltr'><em>studiosi</em></span> 
     </span>
     <span class='ocr_line' id='line_1_28' title="bbox 45 2979 1061 3057; baseline -0.006 -15"><span class='ocrx_word' id='word_1_173' title='bbox 45 2981 191 3043; x_wconf 80' lang='lat' dir='ltr'><em>videntur</em></span> <span class='ocrx_word' id='word_1_174' title='bbox 216 2979 322 3057; x_wconf 87' lang='lat' dir='ltr'><em>fuisse,</em></span> <span class='ocrx_word' id='word_1_175' title='bbox 348 2979 484 3056; x_wconf 85' lang='lat' dir='ltr'><em>priorum</em></span> <span class='ocrx_word' id='word_1_176' title='bbox 511 2998 629 3057; x_wconf 89' lang='lat' dir='ltr'><em>quoque</em></span> <span class='ocrx_word' id='word_1_177' title='bbox 656 2979 731 3038; x_wconf 89' lang='lat' dir='ltr'><em>iuris</em></span> <span class='ocrx_word' id='word_1_178' title='bbox 759 2979 963 3038; x_wconf 87' lang='lat' dir='ltr'><em>consultorum</em></span> <span class='ocrx_word' id='word_1_179' title='bbox 993 2997 1061 3038; x_wconf 90' lang='lat' dir='ltr'><em>sen-</em></span> 
     </span>
     <span class='ocr_line' id='line_1_29' title="bbox 46 3067 1063 3146; baseline -0.004 -17"><span class='ocrx_word' id='word_1_180' title='bbox 46 3071 160 3130; x_wconf 83' lang='lat' dir='ltr'><em>tentias</em></span> <span class='ocrx_word' id='word_1_181' title='bbox 183 3069 361 3146; x_wconf 86' lang='lat' dir='ltr'><em>attulerunt,</em></span> <span class='ocrx_word' id='word_1_182' title='bbox 389 3068 461 3145; x_wconf 88' lang='lat' dir='ltr'><em>quid</em></span> <span class='ocrx_word' id='word_1_183' title='bbox 483 3068 624 3128; x_wconf 75' lang='lat' dir='ltr'><em>Iauoleno</em></span> <span class='ocrx_word' id='word_1_184' title='bbox 647 3067 807 3144; x_wconf 87' lang='lat' dir='ltr'><em>videretur,</em></span> <span class='ocrx_word' id='word_1_185' title='bbox 835 3067 1063 3145; x_wconf 77' lang='lat' dir='ltr'><em>interrogantes</em></span> 
     </span>
     <span class='ocr_line' id='line_1_30' title="bbox 46 3148 1065 3239; baseline -0.005 -21"><span class='ocrx_word' id='word_1_186' title='bbox 46 3152 97 3239; x_wconf 93' lang='lat' dir='ltr'><em>(D.</em></span> <span class='ocrx_word' id='word_1_187' title='bbox 109 3160 162 3233; x_wconf 85' lang='lat'><em>50,</em></span> <span class='ocrx_word' id='word_1_188' title='bbox 174 3161 224 3233; x_wconf 86' lang='grc'><em>16,</em></span> <span class='ocrx_word' id='word_1_189' title='bbox 235 3159 308 3217; x_wconf 81' lang='grc'><strong>116.</strong></span> <span class='ocrx_word' id='word_1_190' title='bbox 318 3158 370 3235; x_wconf 82' lang='grc'><em>28,</em></span> <span class='ocrx_word' id='word_1_191' title='bbox 380 3159 408 3228; x_wconf 82' lang='grc'><em>5,</em></span> <span class='ocrx_word' id='word_1_192' title='bbox 421 3148 483 3237; x_wconf 80' lang='lat'>11).</span> <span class='ocrx_word' id='word_1_193' title='bbox 521 3156 554 3215; x_wconf 92' lang='lat' dir='ltr'><em>in</em></span> <span class='ocrx_word' id='word_1_194' title='bbox 571 3175 630 3233; x_wconf 89' lang='lat' dir='ltr'><em>quo</em></span> <span class='ocrx_word' id='word_1_195' title='bbox 648 3175 721 3214; x_wconf 91' lang='lat' dir='ltr'><em>num</em></span> <span class='ocrx_word' id='word_1_196' title='bbox 739 3174 810 3215; x_wconf 86' lang='lat' dir='ltr'><em>casu</em></span> <span class='ocrx_word' id='word_1_197' title='bbox 828 3157 942 3214; x_wconf 84' lang='lat' dir='ltr'><em>factum</em></span> <span class='ocrx_word' id='word_1_198' title='bbox 957 3154 1007 3228; x_wconf 84' lang='lat' dir='ltr'><em>sit,</em></span> <span class='ocrx_word' id='word_1_199' title='bbox 1028 3157 1065 3213; x_wconf 86' lang='lat' dir='ltr'><em>ut</em></span> 
     </span>
     <span class='ocr_line' id='line_1_31' title="bbox 46 3243 1062 3323; baseline -0.005 -17"><span class='ocrx_word' id='word_1_200' title='bbox 46 3248 162 3323; x_wconf 86' lang='lat' dir='ltr'><em>priores</em></span> <span class='ocrx_word' id='word_1_201' title='bbox 189 3246 265 3306; x_wconf 88' lang='lat' dir='ltr'><em>iuris</em></span> <span class='ocrx_word' id='word_1_202' title='bbox 293 3245 421 3306; x_wconf 87' lang='lat' dir='ltr'><em>consulti</em></span> <span class='ocrx_word' id='word_1_203' title='bbox 449 3265 467 3304; x_wconf 86' lang='lat' dir='ltr'><em>a</em></span> <span class='ocrx_word' id='word_1_204' title='bbox 494 3245 716 3304; x_wconf 88' lang='lat' dir='ltr'><em>consulentibus</em></span> <span class='ocrx_word' id='word_1_205' title='bbox 743 3245 830 3304; x_wconf 86' lang='lat' dir='ltr'><em>allati</em></span> <span class='ocrx_word' id='word_1_206' title='bbox 856 3244 880 3302; x_wconf 91' lang='lat' dir='ltr'><em>ii</em></span> <span class='ocrx_word' id='word_1_207' title='bbox 906 3243 965 3318; x_wconf 90' lang='lat' dir='ltr'><em>ipsi</em></span> <span class='ocrx_word' id='word_1_208' title='bbox 991 3243 1062 3314; x_wconf 86' lang='lat' dir='ltr'><em>sint,</em></span> 
     </span>
     <span class='ocr_line' id='line_1_32' title="bbox 47 3331 1065 3412; baseline -0.007 -17"><span class='ocrx_word' id='word_1_209' title='bbox 47 3335 100 3412; x_wconf 90' lang='lat' dir='ltr'><em>qui</em></span> <span class='ocrx_word' id='word_1_210' title='bbox 132 3337 202 3394; x_wconf 87' lang='lat' dir='ltr'><em>aute</em></span> <span class='ocrx_word' id='word_1_211' title='bbox 232 3335 390 3394; x_wconf 86' lang='lat' dir='ltr'><em>Neratium</em></span> <span class='ocrx_word' id='word_1_212' title='bbox 426 3334 632 3409; x_wconf 83' lang='lat' dir='ltr'><em>Epistularum</em></span> <span class='ocrx_word' id='word_1_213' title='bbox 663 3334 755 3394; x_wconf 91' lang='lat' dir='ltr'><em>libros</em></span> <span class='ocrx_word' id='word_1_214' title='bbox 788 3332 953 3406; x_wconf 87' lang='lat' dir='ltr'><em>ediderant,</em></span> <span class='ocrx_word' id='word_1_215' title='bbox 991 3331 1065 3390; x_wconf 90' lang='lat' dir='ltr'><em>licet</em></span> 
     </span>
     <span class='ocr_line' id='line_1_33' title="bbox 49 3442 202 3502; baseline 0 -18"><span class='ocrx_word' id='word_1_216' title='bbox 49 3442 202 3502; x_wconf 85' lang='lat' dir='ltr'><em>quaerere.</em></span> 
     </span>
    </p>
   </div>
   <div class='ocr_carea' id='block_1_10' title="bbox 120 3543 1058 3611">
    <p class='ocr_par' dir='ltr' id='par_1_12' title="bbox 120 3543 1058 3611">
     <span class='ocr_line' id='line_1_34' title="bbox 120 3543 1058 3611; baseline -0.01 -7"><span class='ocrx_word' id='word_1_217' title='bbox 120 3556 135 3604; x_wconf 91' lang='lat'>1</span> <span class='ocrx_word' id='word_1_218' title='bbox 157 3549 233 3606; x_wconf 79' lang='lat' dir='ltr'><em>Trio.</em></span> <span class='ocrx_word' id='word_1_219' title='bbox 253 3547 340 3604; x_wconf 90' lang='lat' dir='ltr'><em>dedit.</em></span> <span class='ocrx_word' id='word_1_220' title='bbox 373 3547 534 3604; x_wconf 85' lang='lat' dir='ltr'><em>emendavit</em></span> <span class='ocrx_word' id='word_1_221' title='bbox 551 3547 644 3604; x_wconf 76' lang='lat' dir='ltr'><em>llisele</em></span> <span class='ocrx_word' id='word_1_222' title='bbox 660 3547 688 3602; x_wconf 88' lang='grc' dir='ltr'><em>Ζ.</em></span> <span class='ocrx_word' id='word_1_223' title='bbox 703 3547 730 3603; x_wconf 91' lang='lat' dir='ltr'><em>d.</em></span> <span class='ocrx_word' id='word_1_224' title='bbox 744 3545 868 3603; x_wconf 68' lang='lat' dir='ltr'><em>Suu-St.</em></span> <span class='ocrx_word' id='word_1_225' title='bbox 878 3543 1058 3611; x_wconf 47' lang='lat' dir='ltr'><em>Xllllla‘t.</em></span> 
     </span>
    </p>
   </div>
   <div class='ocr_carea' id='block_1_11' title="bbox 0 0 1220 3944">
    <p class='ocr_par' dir='ltr' id='par_1_13' title="bbox 0 0 1220 3944">
     <span class='ocr_line' id='line_1_35' title="bbox 0 0 1220 3944; baseline 0 0"><span class='ocrx_word' id='word_1_226' title='bbox 0 0 1220 3944; x_wconf 95' lang='lat' dir='ltr'><em> </em></span> 
     </span>
    </p>
   </div>
  </div>
 </body>
</html>
