2430 3944
145 169 212 234 204
232 169 280 227 IV.
296 167 513 224 VESPASIANI
526 159 598 223 TITI
611 167 809 223 DOMITIANI
823 167 932 225 TEMP.
947 166 1045 224 IURIS
1060 165 1160 226 CONS.

146 337 177 397 et
202 332 359 396 Arrianus
387 331 550 415 deferunt,
578 333 606 395 si
634 331 705 417 quis
733 353 835 396 vacua
862 333 954 414 parte
980 329 1094 395 relicta
1116 330 1163 395 ita

145 421 325 486 instituerit
352 420 392 485 ‘si
421 420 502 484 mihi
531 418 622 485 Seius
650 420 744 485 heres
769 442 834 485 non
858 418 941 504 erit',
974 441 1071 504 quem
1099 440 1162 484 non

146 510 349 593 instituerat,
376 507 601 592 ‘Sempronius
625 509 716 574 heres
742 506 834 590 esto',
862 530 904 572 an
927 509 982 572 hic
1005 528 1163 592 occupare

146 600 251 682 possit
277 602 448 664 vacantem
476 599 669 682 portionem.
720 603 753 664 et
781 597 926 681 Pegasus
945 645 952 661 .
969 646 976 661 .
995 597 1165 662 existimat

146 688 187 751 ad
211 709 281 752 eam
305 691 432 771 partem
456 687 593 750 admitti.

409 870 456 928 De
479 870 569 944 legato
587 886 644 943 per
668 869 899 929 vindicationem.

236 989 266 1052 2.
296 986 366 1053 Gai.
382 988 411 1071 2,
429 988 501 1054 195.
526 1025 567 1034 -
592 986 745 1054 ..Nerva
760 1035 768 1052 .
783 1037 791 1052 .
806 992 839 1052 et
867 986 1023 1052 Proculus
1053 986 1167 1051 ceteri·

149 1097 210 1161 que
235 1077 322 1141 illius
347 1077 477 1141 scholae
501 1082 649 1142 auctores
672 1098 737 1141 non
761 1077 857 1152 aliter
879 1079 999 1160 putant
1019 1097 1088 1139 rem
1108 1073 1166 1160 (sc.

146 1187 204 1249 per
236 1165 487 1231 vindicationem
518 1163 676 1251 legatam)
711 1165 862 1248 legatarii
893 1165 977 1249 fieri,
1009 1186 1110 1248 quam
1138 1164 1167 1228 si

147 1254 288 1319 voluerit
310 1276 381 1318 cam
405 1254 445 1318 ad
469 1275 502 1318 se
526 1255 697 1339 pertinere.

481 1437 528 1495 Dc
550 1437 707 1512 usufructu
729 1437 830 1512 legato.

237 1547 266 1610 3.
290 1546 329 1610 D.
345 1546 374 1623 7,
392 1546 420 1627 1,
435 1547 465 1628 9,
478 1547 508 1611 4.
546 1546 635 1610 Idem
655 1544 713 1632 (se.
727 1545 903 1631 Ulpianus)
921 1546 1006 1611 libro
1026 1545 1167 1630 septimo

148 1634 272 1699 decimo
303 1634 343 1698 ad
367 1632 524 1699 Sabinum
546 1631 596 1721 (P.
614 1632 726 1722 2559).
750 1672 794 1682 -
890 1637 918 1699 si
945 1635 1052 1699 insula
1076 1635 1169 1699 iuxta

147 1723 283 1787 fundum
315 1724 349 1787 in
379 1723 512 1787 flumine
539 1729 616 1788 nata
644 1725 700 1807 sit,
732 1726 801 1789 eius
829 1746 923 1789 usum
950 1723 1094 1788 fructum
1124 1723 1166 1787 ad

147 1811 359 1877 fructuarium
386 1833 452 1875 non
479 1812 639 1896 pertinere
664 1813 808 1896 Pegasus
836 1813 962 1896 scribit,
990 1812 1068 1877 licet
1094 1833 1168 1895 pro·

148 1900 280 1983 prietati
308 1900 453 1986 accedat3
481 1923 550 1965 esse
579 1900 665 1965 enim
691 1902 792 1981 veluti
820 1902 988 1986 proprium
1016 1901 1165 1980 fundum,

150 1989 240 2054 euius
265 1989 491 2054 ususfructus
515 1989 554 2054 ad
579 1993 611 2054 te
635 2011 701 2054 non
725 1992 899 2075 pertineat.

238 2079 268 2142 4.
296 2078 335 2144 D.
356 2079 385 2163 7,
408 2080 434 2158 1,
453 2079 506 2160 25,
526 2080 555 2144 t.
601 2077 761 2161 Ulpianus
789 2080 873 2143 libro
902 2083 1017 2143 octavo
1041 2077 1168 2143 decimo

150 2166 189 2230 ad
223 2165 379 2232 Sabinum
412 2165 462 2252 (P.
485 2164 613 2252 assub).
649 2204 687 2213 —
722 2167 840 2243 Quod.
862 2220 868 2232 .
889 2167 1027 2232 diximus
1060 2189 1100 2231 ex
1132 2188 1168 2231 re

149 2254 320 2327 fructuarii
348 2256 398 2320 vel
427 2278 467 2319 ex
495 2258 603 2340 operis
626 2278 723 2338 posse
747 2257 927 2341 adquirere,
955 2259 1065 2319 utrum
1089 2260 1168 2320 tuno

149 2343 255 2408 locum
284 2345 416 2428 habeat,
444 2345 597 2429 quotiens
624 2346 692 2409 iure
721 2345 849 2429 [legati]
873 2366 950 2410 usus
974 2344 1100 2409 fructus
1124 2345 1169 2409 sit

150 2434 354 2517 constitutus,
379 2445 421 2496 a‘n
444 2439 477 2496 et
500 2434 528 2496 si
546 2455 604 2516 per
621 2433 830 2498 traditionem
849 2435 900 2498 vel
920 2433 1167 2516 stipulationem

149 2521 201 2585 vel
230 2520 329 2585 alium
359 2543 591 2606 quemcumque
620 2522 764 2605 modum,
791 2522 974 2587 videndum.
1025 2526 1058 2586 et
1073 2574 1079 2586 .
1094 2572 1102 2587 .
1118 2525 1170 2587 est

151 2606 268 2692 Pegasi
293 2609 470 2695 sententia,
493 2612 649 2675 ...omni
673 2611 852 2677 fructuario
877 2610 1014 2695 adquiri.

471 2792 518 2852 Dc
540 2795 728 2853 destruncato
752 2794 850 2869 leuato.

240 2900 270 2966 5.
302 2901 342 2968 D.
362 2904 414 2982 33,
434 2903 463 2980 7,
485 2903 534 2984 12,
554 2903 584 2967 3.
620 2902 782 2986 Ulpianus
810 2903 893 2967 libro
922 2903 1098 2968 vicensimo
1128 2903 1170 2968 ad

151 2986 307 3054 Sabinum
326 2989 375 3078 (P.
390 2991 504 3076 2609).
523 3028 565 3037 -
586 2990 767 3074 Quaeritur,
791 3013 833 3056 an
852 3013 972 3069 servus,
997 2992 1054 3075 qni
1073 2993 1169 3075 quasi

150 3077 285 3143 colonus
308 3079 343 3143 in
366 3100 446 3164 agro
470 3085 551 3165 erat,
575 3081 793 3145 instrumento
817 3081 926 3162 legato
951 3079 1168 3145 contineatur.

151 3170 184 3230 et
208 3164 316 3232 Labeo
345 3175 378 3232 et
400 3168 546 3251 Pegasus
562 3221 568 3234 .
584 3220 591 3234 .
606 3173 819 3253 negaverunt,
848 3168 1013 3253 quianon
1037 3190 1097 3252 pro
1121 3170 1169 3233 in-

151 3257 331 3321 strumento
359 3258 393 3320 in
420 3256 520 3321 fundo
548 3256 668 3342 fuerat,
701 3256 829 3321 etiamsi
857 3257 972 3322 solitus
1000 3256 1110 3322 fuerat
1137 3262 1171 3321 et

150 3341 296 3408 familiae
320 3346 488 3428 imperare.

240 3434 270 3498 6.
306 3432 388 3501 Ibid.
415 3435 506 3516 516.
540 3470 583 3483 —-
616 3434 651 3499 si
688 3434 803 3500 domus
841 3434 885 3499 sit
916 3435 1168 3499 instrumentum

150 3520 310 3608 legatum,
338 3523 511 3588 videndum
534 3523 611 3607 quid
635 3525 847 3589 contineatur.
893 3526 926 3587 51
949 3522 1095 3608 Pegasus
1119 3523 1165 3587 ait
