2430 3944
373 195 397 244 4.
419 189 448 244 G.
464 187 610 245 CASSIUS
629 187 812 244 LONGINUS
1061 192 1103 256 29

180 361 207 418 2.
234 352 310 417 Tac.
338 374 412 416 aun.
442 353 498 434 14,
519 352 654 417 42-44
686 357 724 416 ad
752 375 778 416 a.
807 359 846 417 61
881 359 955 418 haec
986 363 1103 419 narrat:

102 442 136 508 ἲ.
150 493 157 508 .
173 447 357 523 praefectum
384 446 469 506 urbis
495 445 661 506 Pedanium
685 446 858 506 Secundum
882 466 986 508 servus
1008 448 1104 524 ipsius

103 537 252 611 interfecit,
285 553 339 595 seu
367 539 481 613 negata
509 535 663 613 libertate,
698 535 747 594 cni
777 536 908 610 pretium
937 538 1104 615 pepigerat,

103 625 156 685 sire
185 643 286 684 amore
313 624 425 684 exoleti
455 624 595 684 incensus
624 629 655 684 et
681 623 835 684 dominnm
863 627 1015 685 aemulum
1044 647 1104 687 non

103 713 228 773 tolerans.
293 716 429 773 ceterum
477 732 546 772 cum
590 715 693 775 vetere
739 730 775 772 ex
824 731 907 773 more
956 715 1105 775 familiam

105 819 220 876 omnem,
251 821 330 878 quae
357 802 413 860 sub
437 802 540 861 eodem
562 805 643 861 tecto
666 801 898 877 mansitaverat,
925 803 964 862 sd
988 804 1104 879 suppli-

104 891 173 950 cium
198 891 248 968 agi
275 893 441 968 oporteret,
474 909 620 950 concursu
647 890 758 966 plebis,
788 909 867 966 quae
893 894 942 952 tot
968 891 1104 952 innoxios

105 980 283 1056 protegebat,
311 997 406 1057 usque
430 979 469 1038 ad
491 979 672 1039 seditionem
693 984 819 1040 ventum
846 984 905 1059 est3
938 983 1105 1058 senatuque

105 1069 132 1127 in
157 1069 219 1144 ipso
252 1072 340 1128 erant
368 1068 470 1127 studia
496 1068 622 1127 nimiam
649 1069 842 1128 severitatem
870 1071 1105 1148 aspernantium,

104 1157 228 1234 pluribus
249 1157 326 1215 nihil
344 1158 524 1216 mutandum
547 1158 746 1236 censentibus,
769 1177 805 1217 ex
827 1158 894 1234 quis
918 1152 952 1219 0.
971 1152 1105 1219 Cassius

105 1242 270 1306 autentiae
293 1242 364 1306 loco
388 1241 422 1305 in
444 1241 531 1306 hunc
553 1242 683 1306 modum
707 1241 876 1306 disseruit:

181 1328 282 1414 Saepe
308 1351 458 1412 numero,
484 1334 594 1415 patres
622 1331 812 1414 conscripti,
839 1331 873 1395 iu
901 1332 964 1396 hoc
992 1331 1104 1396 ordine

104 1418 233 1502 interfui,
258 1439 331 1482 cum
355 1422 469 1483 contra
492 1419 645 1485 instituta
669 1423 703 1484 et
724 1419 812 1504 leges
835 1421 995 1485 maiorum
1020 1441 1106 1484 nova

104 1512 222 1572 senatus
249 1508 377 1572 decreta
400 1509 654 1592 postularentur3
681 1529 785 1593 neque
810 1531 882 1573 sum
905 1509 1105 1594 adversatus,

103 1617 163 1660 non
192 1594 268 1680 quia
299 1596 483 1660 dubitarem
515 1618 612 1680 super
640 1598 790 1661 omnibus
818 1599 961 1682 negotiis
990 1598 1105 1663 melius

103 1689 189 1769 atque
215 1685 333 1750 rectius
359 1684 437 1749 olim
460 1686 625 1769 provisum
650 1689 695 1769 ct,
724 1708 806 1770 quae
829 1692 1105 1766 converterentur,

103 1773 132 1837 in
153 1774 290 1839 deterius
316 1774 446 1856 mutari,
469 1774 525 1838 sed
546 1796 587 1838 ne
608 1774 709 1839 nimio
728 1797 838 1840 amore
858 1776 985 1860 antiqui
1005 1775 1105 1840 moris

104 1861 233 1926 studium
255 1883 365 1926 meum
387 1863 543 1927 extollere
566 1864 699 1928 viderer.
746 1864 843 1928 simul
866 1863 1020 1949 quidquid
1044 1864 1106 1930 hoc

102 1949 132 2015 ln
151 1951 242 2015 nobis
266 1951 472 2016 auctoritatis
492 1956 550 2035 est,
574 1952 696 2016 crebris
720 1953 1031 2018 contradictionibus
1055 1953 1107 2016 de·

102 2040 279 2104 struendum
302 2061 369 2104 non
394 2041 628 2122 existimabam,
653 2044 691 2104 ut
714 2046 858 2105 maneret
881 2042 1054 2125 integrum,
1078 2041 1106 2105 si

101 2130 220 2213 quando
257 2150 308 2192 res
345 2129 476 2212 publica
511 2130 654 2194 consiliis
688 2131 837 2212 eguisset.
893 2130 978 2214 quod
1010 2129 1106 2193 hodie

102 2219 209 2299 evenit,
228 2218 392 2282 consulari
410 2219 480 2283 viro
500 2218 587 2282 domi
608 2240 684 2283 suae
702 2218 875 2284 interfecto
895 2240 953 2303 per
971 2218 1106 2282 insidias

99 2307 240 2390 serviles,
275 2328 355 2390 quas
383 2328 476 2371 nemo
504 2307 672 2390 prohibuit
700 2312 758 2370 aut
785 2308 927 2390 prodidit
959 2308 1106 2391 quamvis

99 2396 236 2460 nondum
261 2416 417 2460 concusso
440 2395 551 2477 <more
570 2400 710 2478 vetusto,
732 2396 862 2461 firmato
882 2398 979 2460 etiam
999 2396 1107 2479 novo>

98 2484 395 2565 senatusconsulto,
422 2484 508 2567 quod
537 2485 731 2568 supplicium
757 2486 819 2550 toti
846 2485 990 2549 familiae
1014 2486 1107 2548 mini-

97 2574 231 2638 tabatur.
296 2573 456 2637 decernite
492 2572 623 2638 hercule
658 2573 891 2658 inpunitatem,
933 2578 968 2637 ut
1010 2595 1107 2657 quem

97 2661 232 2746 dignitas
257 2683 316 2725 sua
339 2661 498 2743 defendat,
522 2683 594 2725 cum
615 2663 819 2745 praefectura
840 2662 929 2726 urbis
949 2684 1013 2726 non
1034 2684 1106 2744 pro·

96 2749 212 2815 fuerit?
258 2772 353 2833 quem
376 2772 528 2814 numerus
551 2772 719 2815 servorum
743 2755 885 2829 tueatur,
909 2774 981 2816 cnm
1006 2750 1107 2814 Peda-

95 2839 180 2904 nium
210 2837 392 2903 Secundum
425 2839 654 2924 quadringenti
685 2861 750 2903 non
784 2839 1004 2922 protexerint?
1055 2839 1107 2904 cui

96 2928 216 2992 familia
241 2949 335 3009 opem
356 2928 450 3011 ferat,
473 2950 555 3012 quae
578 2950 617 2992 ne
641 2928 675 2991 in
699 2935 787 2992 metu
811 2930 939 3012 quidem
962 2927 1107 3013 pericula

95 3022 204 3084 nostra
232 3015 393 3080 advertit?
443 3038 498 3100 an,
525 3021 563 3080 ut
589 3017 720 3100 quidam
748 3017 872 3102 fingere
900 3039 966 3082 non
997 3019 1109 3081 crube-

96 3111 200 3189 scunt,
238 3104 374 3168 iniurias
408 3127 483 3169 suas
516 3107 604 3169 ultus
638 3109 688 3169 est
719 3106 922 3189 interfector,
960 3109 1035 3190 quia
1068 3108 1107 3170 de

94 3199 229 3277 paterna
263 3193 399 3276 pecunia
430 3198 635 3278 transegerat
667 3199 723 3258 aut
755 3196 877 3258 avitum
911 3197 1107 3280 mancipium

94 3282 347 3349 detrahebatur?
411 3284 656 3365 pronuntiemus
703 3284 789 3348 ultro
832 3284 998 3348 dominum
1038 3286 1107 3347 iure

94 3393 222 3436 caesum
260 3370 370 3436 videri.
424 3371 506 3436 libet
544 3379 736 3456 argumenta
772 3374 960 3456 conquirere
992 3373 1026 3437 iu
1061 3391 1108 3453 ec,

93 3462 177 3545 quod
202 3460 457 3544 sapientioribus
481 3461 694 3524 deliberatum
718 3461 789 3525 est?
836 3462 891 3526 sed
916 3466 949 3526 et
972 3461 999 3524 si
1023 3480 1109 3522 nunc

95 3551 235 3633 primum
276 3549 481 3614 statuendum
521 3549 726 3631 haberemus,
768 3550 939 3615 creditisne
980 3570 1108 3613 servum
