2430 3944
143 161 208 227 358
245 162 278 218 V.
297 160 447 216 NERVAE
466 116 1127 223 xrrnarnnlrnnr.1on18⁶consonr1

360 341 422 423 Qui
443 340 657 423 fraudationis
679 359 774 405 caroso
797 338 939 404 latitabit.

231 449 282 514 79.
301 447 341 513 D.
350 448 403 525 42,
413 448 444 530 4,
454 448 483 530 7,
495 447 546 512 16.
584 444 745 530 Ulpianus
763 445 847 511 libro
866 446 1160 530 quinquagensimo

140 558 227 604 nono
251 537 291 603 ad
315 537 455 602 edictum
477 532 529 623 (P.
541 533 629 618 139).
648 571 692 582 —
710 584 736 599 ..
758 534 934 614 videamus,
958 533 986 598 si
1009 535 1082 619 quis
1107 536 1162 600 ad·

141 648 254 692 versus
277 626 313 690 in
336 647 404 690 rem
423 625 586 690 actionem
603 623 720 707 latitet,
744 644 787 687 an
805 623 891 688 bona
910 623 977 686 eius
997 623 1161 707 possideri

140 736 322 799 venumque
345 713 416 778 dari
436 713 573 799 possint.
610 715 701 777 extat
718 709 847 776 Neratii
866 714 1031 776 sententia
1050 712 1161 778 existi-

140 804 259 870 mantis
284 804 369 868 bona
391 824 463 868 esse
486 801 662 868 vendenda.

228 915 377 1027 Ulpianus
405 915 501 974 addit:
532 907 576 973 ‘et
602 914 659 973 hoc
686 911 832 988 rescripto
856 911 1004 972 Hadriani
1027 914 1161 974 contine·

140 1008 193 1065 tur
216 1052 244 1066 ..
261 1053 267 1067 .

485 1083 574 1186 ouo
595 1104 626 1169 a·
648 1107 705 1169 aa
725 1103 814 1169 aaa.

231 1212 282 1278 80.
305 1210 345 1276 D.
359 1211 413 1292 43,
424 1211 476 1292 24,
487 1212 517 1294 7,
529 1212 556 1275 1.
602 1207 764 1293 Ulpianus
786 1208 870 1274 libro
894 1211 1160 1295 septuagensimo

139 1300 247 1386 primo
276 1300 317 1365 ad
345 1300 485 1366 edictum
515 1296 565 1385 (P.
587 1295 713 1385 1594b).
738 1334 776 1345 -
801 1296 957 1363 Neratius
978 1329 1018 1364 ι.
1047 1299 1161 1365 scribit

141 1412 227 1474 eum,
250 1389 341 1454 cuius
364 1410 475 1454 servus
498 1388 531 1452 vi
554 1390 612 1451 aut
635 1386 720 1451 clam
742 1386 828 1471 fecit,
852 1391 907 1452 aut
930 1410 989 1452 sua
1012 1387 1161 1471 impensa

141 1501 181 1543 ex
212 1477 386 1542 interdicto
419 1499 500 1560 opus
532 1475 703 1541 restituere
736 1475 852 1540 debere
880 1478 937 1540 aut
964 1476 1161 1559 patientiam

139 1566 332 1633 restituendi
358 1569 524 1649 praestare
552 1569 585 1629 et
611 1585 740 1629 servum
766 1585 871 1630 noxae
896 1564 1017 1630 dedere.
1062 1566 1161 1648 plane

141 1656 170 1720 si
197 1659 325 1720 mortuo
355 1654 537 1720 alienatore
560 1674 652 1719 servo
675 1652 936 1736 interdiceretur,
962 1654 1158 1739 patientiam

140 1743 311 1808 dumtaxat
336 1748 501 1828 praestare
523 1742 644 1806 ¹debere
673 1743 732 1823 ait,
765 1743 812 1806 ita
839 1746 876 1806 ut
904 1748 937 1806 et
965 1746 1094 1828 emptor
1122 1765 1160 1808 eo

139 1832 312 1898 interdicto
335 1831 441 1916 possit
468 1831 633 1897 conveniri
661 1832 711 1911 [ut
734 1832 916 1914 impensam
939 1837 1085 1915 praestet
1104 1838 1162 1897 aut

139 1942 260 1986 noxam
284 1922 366 2006 detl,
384 1921 579 2004 dominoque
599 1919 706 2003 operis
727 1941 785 1984 sua
803 1919 950 2002 impensa
968 1921 1160 1986 restituente

142 2014 200 2076 aut
223 2011 387 2086 damnato,
411 2010 573 2094 quianon
597 2008 793 2091 restitueret,
817 2012 996 2092 emptorem
1018 2009 1159 2074 liberari.

141 2099 254 2165 eadem
278 2104 310 2164 et
335 2099 362 2164 si
386 2101 498 2163 contra
517 2096 667 2162 dominus
686 2097 772 2161 servi
791 2097 843 2160 vel
862 2119 942 2180 opus
961 2098 1162 2164 restituisset

140 2189 283 2255 vellitis
307 2187 533 2252 aestimatione
557 2186 729 2251 damnatus
753 2188 851 2269 esset3
876 2186 961 2270 quod
983 2188 1161 2252 sitantum

139 2299 244 2343 noxae
255 2277 406 2359 dedisset,
417 2276 569 2340 adversus
579 2275 743 2339 dominum
752 2276 859 2358 operis
868 2274 1161 2343 utiliterinterdici.

230 2371 352 2430 Inclusa
374 2369 468 2429 verba
489 2369 613 2429 Pernice
636 2368 743 2429 merito
767 2368 845 2428 eicit.

403 2523 454 2590 Dc
476 2524 645 2606 acceptione
667 2523 714 2587 ret
736 2523 899 2588 indicator.

134 2650 136 2655 ’
229 2627 303 2695 *81.
328 2630 365 2696 D.
378 2630 431 2714 44,
441 2631 471 2712 2,
483 2630 576 2712 llpr.
612 2628 772 2712 Ulpianus
791 2628 875 2692 libro
895 2633 1159 2714 septuagensimo

142 2718 256 2803 quinto
290 2718 331 2783 ad
364 2719 504 2784 edictum
533 2713 581 2803 (Ρ.
603 2718 713 2803 1669).
742 2754 783 2764 -—
813 2715 848 2782 Si
880 2724 985 2782 mater
1011 2719 1073 2782 filii
1100 2720 1160 2784 im-

139 2807 272 2891 puberis
296 2807 447 2873 defuncti
463 2829 501 2871 ex
521 2811 653 2871 senatus
673 2805 821 2871 consulto
841 2807 928 2871 bona
947 2807 1161 2873 vindicaverit

141 2896 274 2977 idcirce,
312 2897 388 2981 quia
423 2895 563 2979 putabat
594 2900 690 2978 rupto
723 2894 828 2978 patris
861 2895 929 2959 eius
962 2900 1159 2963 testamento

139 2985 304 3049 neminem
328 3007 398 3050 esse
423 2984 645 3066 substitutum,
667 2983 816 3068 victaque
835 2983 942 3068 fuerit,
966 2985 1042 3069 quia
1060 2991 1159 3051 testa·

140 3077 286 3138 mentum
309 3074 414 3159 patris
438 3076 569 3157 ruptum
588 3094 653 3138 non
673 3075 752 3150 erat,
774 3076 889 3156 postea
908 3077 1017 3137 autem
1037 3077 1159 3159 apertis

139 3162 354 3246 pupillaribus
382 3162 501 3226 tabulis
525 3161 675 3244 apparuit
698 3182 764 3225 non
788 3183 858 3225 esse
882 3162 911 3225 ei
936 3163 1159 3245 substitutum,

51 3290 53 3293 -
141 3251 170 3315 si
191 3254 318 3337 peteret
335 3271 447 3315 rursus
465 3249 688 3334 hereditatem,
712 3249 914 3315 obstaturam
936 3253 1158 3335 exceptionem

140 3339 189 3404 rei
210 3339 370 3405 iudicatae
392 3338 544 3403 Neratius
569 3339 624 3404 ait.

229 3433 275 3492 De
299 3433 575 3493 senatusconsulto
596 3432 785 3492 Tertulliano
803 3421 952 3492 Hadriani
972 3435 1157 3511 temporibus

141 3521 220 3582 facto
244 3541 339 3582 sermo
364 3524 418 3581 est.
