2430 3944
163 181 231 246 Ι4564
267 181 300 238 V.
319 179 469 235 NERVAE
488 179 535 233 ΕΤ
553 179 706 247 TRAIANI
724 178 832 234 ΤΕΜΡ.
850 179 946 234 lUltIS
965 177 1147 234 CONSULTI

252 350 288 409 In
315 348 465 426 responsis
493 347 556 408 suis
578 348 738 408 Iavolenus
766 365 858 424 aeque
881 347 1031 407 Labeonis
1058 349 1174 407 senten·

164 438 224 498 tias
252 438 356 497 attulit
384 430 511 518 (²Labeo
538 437 713 514 frequenter
740 428 856 496 scribit'
880 436 916 496 D.
931 437 983 514 28,
998 437 1027 508 5,
1044 437 1103 515 65)
1129 436 1175 497 vel

163 527 293 605 probans
321 518 372 607 (D.
390 528 410 585 l.
427 544 451 586 c.
480 519 580 602 ‘idque
603 545 706 585 verum
729 543 793 584 csse
816 524 975 585 manifesto
999 528 1175 603 argumento

164 607 364 695 comprobat')
392 615 441 676 vel
468 614 593 673 reiciens
621 606 672 694 (D.
688 615 739 690 50,
755 616 805 689 16,
822 606 1092 689 116.‘respondit:
1118 632 1175 674 non

163 705 270 763 dubito
293 703 364 780 quin
387 703 535 762 Labeonis
557 702 707 762 sententia
729 720 801 762 vera
823 720 883 762 non
905 694 982 783 sit').
1028 702 1091 763 alio
1113 703 1175 762 loco

164 793 267 853 Sabini
301 792 479 851 sententiam
512 791 600 850 affert
630 811 720 867 quam
751 790 886 866 sequitur
919 782 969 870 (D.
989 793 1042 865 45,
1065 795 1095 862 1,
1115 793 1173 852 105

162 876 341 957 ‘responditz
370 879 532 939 seeundum
555 879 696 939 Massurii
719 879 821 939 Sabini
849 877 1020 955 opinionem
1050 881 1124 956 puto
1146 883 1174 939 te

164 989 318 1046 ...agere
338 988 397 1027 non
415 985 514 1044 posse3
538 987 609 1027 nam
625 968 652 1027 is
669 970 750 1028 recte
769 967 969 1044 existimabat,
989 959 1053 1050 si').
1096 969 1172 1028 deni·

162 1076 220 1136 que
251 1057 372 1116 Proculi
408 1059 588 1117 sententiam
624 1076 643 1116 5
679 1056 852 1117 consulente
889 1057 1019 1133 quodam
1053 1057 1173 1116 allatam

162 1147 271 1223 probat
294 1138 344 1227 (D.
360 1147 412 1222 28,
427 1148 456 1220 5,
472 1149 512 1204 11
538 1139 717 1222 ‘responditz
739 1163 812 1206 vera
835 1147 882 1204 est
899 1144 1022 1204 Proculi
1041 1140 1173 1226 opinio').

251 1235 295 1294 De
324 1235 389 1294 iure
412 1233 549 1310 inprimis
573 1234 656 1294 civili
678 1233 792 1294 dictum
814 1233 908 1293 fuisse
931 1237 1075 1312 apparet,
1101 1235 1172 1294 iuris

162 1323 314 1383 honorarii
336 1323 448 1381 mentio
472 1341 531 1382 non
554 1323 596 1383 fit.

252 1411 346 1481 Quem
368 1411 502 1471 ordinem
520 1412 552 1469 in
570 1411 659 1470 rebus
679 1410 857 1471 collocandis
875 1410 1036 1471 Iavolenus
1057 1414 1172 1472 secutus

164 1501 221 1578 sit,
244 1518 311 1558 cum
337 1499 396 1561 viri
423 1499 505 1559 docti
532 1519 626 1576 aeque
654 1502 744 1577 atque
771 1499 803 1558 in
825 1499 946 1558 Proculi
967 1499 1173 1576 Epistularum

161 1588 247 1647 libris
266 1583 372 1665 (supra
389 1608 419 1663 p.
434 1579 513 1666 111)
532 1608 592 1648 non
610 1587 812 1666 cognoverint,
831 1587 880 1647 vix
896 1588 1047 1648 adullam
1063 1592 1171 1649 certum

162 1676 297 1736 ordinem
316 1694 365 1736 eas
384 1677 543 1752 dispositas
562 1677 656 1736 fuisse
674 1677 846 1736 existimant
860 1676 998 1755 Krueger
1016 1697 1046 1754 p.
1064 1680 1126 1738 162
1144 1680 1171 1736 et

161 1764 254 1824 Irenel
273 1765 335 1825 Ρ.Ι
358 1766 413 1826 col.
429 1767 491 1825 285
511 1784 539 1825 n.
556 1769 584 1825 7.
624 1769 657 1824 at
680 1765 759 1824 sicut
777 1766 904 1836 Proculi,
926 1765 972 1825 ita
993 1771 1025 1825 et
1043 1766 1171 1827 Iavoleni

162 1853 274 1932 singuli
292 1854 362 1913 libri
381 1872 515 1913 scorsum
534 1854 609 1914 editi
626 1854 774 1930 videntur,
791 1854 823 1912 in
840 1854 936 1930 iisque
956 1853 1030 1915 ordo
1048 1856 1169 1916 fortasse

161 1962 222 2002 non
245 1944 322 2002 alius
345 1944 404 2002 fuit
426 1945 516 2019 atque
536 1941 723 2021 Sabinianus,
746 1942 785 2001 ad
807 1943 892 2002 cuius
915 1961 1056 2003 normam
1076 1944 1169 2020 singu·

161 2032 260 2091 lorum
282 2032 428 2091 librorum
451 2032 622 2109 fragmenta
646 2031 819 2091 collocanda
841 2031 921 2091 duxi.

590 2289 697 2348 Liber
720 2289 743 2348 Ι.

537 2408 588 2473 De
610 2410 801 2474 testamentis.

532 2539 579 2597 De
600 2539 805 2598 substitutione.

252 2649 280 2710 1.
303 2647 341 2711 D.
352 2649 404 2730 42,
419 2647 449 2728 5,
459 2647 511 2713 28.
538 2647 710 2712 Iavolenus
724 2648 809 2712 libro
823 2647 927 2730 primo
942 2646 1168 2731 Epistularum.

160 2754 203 2780 '—
227 2735 483 2816 Paterfamilias
505 2736 656 2819 impuberi
676 2737 752 2819 pilio,
774 2737 802 2801 si
824 2741 894 2800 unte
910 2737 1104 2818 pubertatem
1123 2738 1166 2802 de-

160 2825 305 2905 cessisset,
333 2825 488 2889 substituit
508 2825 652 2890 beredem.
697 2826 726 2889 is
747 2826 834 2908 pitius
853 2829 990 2906 puteruu
1012 2827 1167 2892 hereditate

159 2933 191 2976 se
217 2913 367 2976 abstinuit
392 2915 514 2995 ideoque
542 2915 621 2979 boue
641 2915 746 2995 putris
773 2915 947 2991 cmieruut;
973 2921 1084 2997 posteo
1107 2913 1164 2999 filie

157 3001 311 3066 bereditus
333 3001 458 3087 obvenit,
481 3024 545 3084 quo
567 3004 654 3067 aditu
676 3004 806 3067 decessit.
849 3024 974 3087 quaero,
996 3025 1068 3069 cum
1085 3021 1164 3086 prce

161 3095 209 3154 tor
240 3091 275 3154 iu
304 3091 407 3171 ipsum
433 3092 604 3174 pupillum,
636 3093 777 3173 utrumuis
802 3097 911 3174 posteo
941 3091 1095 3158 beneditus
1122 3090 1164 3156 ob·

160 3181 302 3262 uenisset,
329 3180 527 3244 creditoribus
554 3185 656 3244 tumen
677 3182 783 3261 putris
811 3182 962 3245 actionem
989 3203 1054 3247 nou
1080 3182 1162 3263 dard,

157 3289 203 3332 uu
234 3269 270 3331 in
300 3268 497 3332 substitutum
527 3270 724 3334 creditoribus
751 3271 854 3351 putris
884 3271 993 3334 duudu
1020 3274 1063 3336 sit
1086 3268 1160 3348 auu,

156 3353 229 3421 cum
251 3377 289 3422 55
311 3357 398 3420 bouis
416 3359 566 3438 paternis,
589 3379 667 3439 quue
688 3359 802 3423 scilicet
821 3359 865 3423 ud
884 3360 1049 3425 creditores
1066 3360 1160 3424 missos

159 3447 194 3509 in
218 3446 297 3510 bonu
313 3447 476 3526 pertinent,
499 3446 580 3510 nibil
601 3448 748 3527 adquiret
768 3453 797 3511 ct
818 3468 887 3511 uim
910 3450 1072 3514 creditores
1091 3441 1159 3512 unt

156 3534 246 3601 iuris
270 3536 305 3601 in
337 3535 423 3602 bortis
452 3536 567 3619 pupilli
595 3535 758 3600 inbuerint
783 3557 946 3618 eorumque
973 3538 1055 3604 nimi
1079 3538 1156 3602 euer-
