2430 3944
96 200 161 262 542
465 192 742 249 ADDITAMENTA.

96 364 207 425 mento
245 358 400 425 Scaevola
431 360 542 421 noster
579 356 719 440 dicebat,
756 356 832 439 quia
867 360 901 419 44
938 356 1109 457 pupillares

95 450 227 514 tabulae
251 469 327 532 pars
355 449 432 511 sunt
453 445 569 529 prioris
593 446 790 510 testamenti
832 443 889 508 sed
912 445 1089 529 plerique
1080 467 1108 508 m

95 539 224 603 diversa
247 539 324 601 sunt
347 531 524 618 opinione.1

433 674 484 741 De
507 675 643 740 libertcte
664 676 779 740 relicto.

186 793 239 858 56.
267 791 305 855 D.
325 791 377 874 40,
398 791 428 874 4,
447 790 499 855 51.
545 788 646 855 Gaius
678 791 761 855 libro
792 789 893 855 tertio
928 790 969 855 de
1006 812 1105 855 manu·

97 880 320 946 missionibus.
331 918 369 927 —
384 877 417 943 si
431 879 574 963 locuples
592 880 701 962 egenti
713 879 806 942 heres
822 879 997 960 exstiterit,
1010 879 1105 943 videa·

96 993 178 1053 mus,
203 992 245 1033 an
269 991 307 1032 ea
329 991 381 1033 res
404 972 599 1032 testamento
625 968 710 1031 datis
731 967 938 1032 libertatibus
957 968 1104 1052 proficiat,

99 1064 137 1125 ut
154 1057 328 1123 creditores
348 1056 490 1121 fraudari
508 1078 576 1121 non
594 1056 775 1121 videantur.
799 1059 832 1120 et
851 1077 931 1120 sane
951 1060 1029 1120 sunt
1045 1054 1101 1139 qui·

99 1148 182 1228 dam,
204 1146 268 1230 qui,
287 1168 359 1210 cum
378 1146 472 1209 heres
492 1145 637 1228 locuples
657 1145 816 1228 existeret,
835 1144 902 1208 tale
923 1166 995 1209 esse
1014 1143 1101 1210 credi-

99 1236 229 1315 derunt,
258 1234 367 1318 quale,
394 1235 423 1298 si
445 1235 515 1316 ipse
537 1237 676 1299 testator
698 1233 844 1299 adauctis
868 1237 989 1316 postea
1015 1231 1100 1298 facul·

97 1324 221 1388 tatibus
246 1322 443 1387 decessisset.

187 1417 224 1476 cf.
248 1415 313 1476 Gai.
331 1419 359 1493 1,
375 1417 426 1476 ae.

188 1501 240 1565 57.
267 1499 419 1582 D.40,4,
436 1500 485 1563 19.
526 1496 617 1566 Idem
640 1497 699 1586 (sc.
721 1495 884 1584 Iulianus)
907 1499 994 1564 libro
1017 1497 1099 1562 tertio

98 1589 138 1653 ad
159 1588 311 1653 Urseium
329 1587 493 1653 Ferocem.
511 1625 554 1634 -
573 1587 711 1664 Quidam
730 1585 879 1652 heredem
904 1609 1001 1652 suum
1020 1606 1099 1672 roga

99 1682 198 1759 verat,
221 1680 258 1741 ut
280 1699 408 1742 servum
432 1676 691 1761 manumitteret3
718 1676 846 1754 deinde,
869 1675 898 1739 si
921 1677 1017 1741 heres
1039 1695 1099 1740 eum

98 1787 164 1830 non
195 1766 433 1843 manumiserit‚
469 1765 608 1829 liberum
640 1787 714 1830 eum
746 1786 817 1828 esse
846 1765 990 1830 iusserat
1021 1764 1098 1847 eique

99 1855 278 1940 legaverat:
300 1854 393 1918 heres
419 1875 492 1918 eum
517 1854 713 1918 manumisit.
754 1851 900 1938 plerique
925 1852 1097 1918 existimant

98 1943 184 2008 hunc
207 1965 246 2006 ex
268 1946 465 2007 testamento
488 1941 675 2007 libertatem
698 1944 863 2025 consequi.

187 2032 253 2097 58?
276 2031 315 2096 D.
329 2032 381 2111 40,
396 2032 425 2112 5,
441 2032 494 2115 24,
509 2031 559 2094 19.
591 2028 752 2116 Ulpianus
771 2031 855 2096 libro
875 2030 991 2113 quinto
1009 2026 1095 2092 Fidei·

98 2123 353 2186 commissorum.
380 2155 419 2166 -
445 2118 480 2183 Si
511 2121 561 2184 cui
592 2122 734 2204 legatum
765 2120 809 2183 sit
841 2118 992 2183 relictum
1020 2118 1094 2199 isque

98 2214 194 2293 rogat
180 2208 300 2272 teitus
286 2209 490 2292 tproprium
515 2230 643 2272 servum
667 2207 894 2272 manumittere
914 2208 1007 2292 eique
1025 2200 1092 2289 quod

97 2298 244 2383 legatum
278 2302 327 2361 est
358 2301 536 2381 praestare,
569 2319 611 2360 411
647 2296 946 2361 fideicommissaria
978 2295 1091 2359 libertas

97 2386 295 2468 praestanda
314 2386 381 2450 sit?
413 2386 571 2468 quosdam
590 2389 706 2463 movet,
726 2384 801 2468 quia
819 2384 968 2449 siluerit
982 2384 1089 2448 coactus

98 2476 137 2537 ad
171 2475 303 2538 libertat
255 2481 355 2538 444111
387 2477 497 2557 praest
483 2473 629 2556 tundam,
662 2495 700 2538 411
729 2474 924 2538 necessitate
955 2473 994 2537 ad
1021 2465 1088 2534 fidei·

98 2562 262 2627 commissi
282 2585 408 2649 quoque
426 2563 680 2645 praestationem
700 2562 762 2626 erit
781 2561 956 2646 cogendus.
984 2564 1015 2625 et
1031 2557 1088 2622 4111
1131 2644 1133 2653 Ι

99 2652 154 2734 qui
176 2654 306 2735 putant,
329 2673 395 2715 non
419 2673 489 2716 esse
513 2652 701 2736 cogendum.

187 2739 252 2804 59?
275 2711 1084 2823 1).31,84.Ρ411111411111441444111144111440144

97 2829 248 2892 stionum.
273 2864 315 2874 —-
340 2825 374 2892 si
404 2829 475 2912 quis
504 2850 596 2892 servo
625 2850 683 2893 suc
709 2827 991 2893 fideicommissam
1013 2823 1083 2888 liber

96 2920 146 2980 tat
132 2921 197 2980 tem
222 2917 409 3000 reliquitet
395 2916 519 2981 taliud
540 2917 616 3001 quid
636 2917 815 3018 adscripsit,
831 2917 973 3069 tquidam
991 2911 1083 2985 dieunt,

98 3006 174 3089 quia
198 3005 348 3089 placebat
372 3006 412 3069 ab
435 3005 552 3070 herede
577 3028 648 3069 eum
668 3006 859 3070 manumittr
847 3000 1073 3088 inueterata
1074 3026 1082 3036 ·

97 3116 169 3159 rum
193 3116 276 3178 esse,
301 3097 337 3158 ut
360 3116 426 3158 non
450 3093 536 3157 admi
538 3097 642 3158 ttatur
665 3094 705 3159 ad
728 3095 1017 3159 fideicommissum.

415 3243 466 3308 De
487 3244 790 3310 manumissionibus.

186 3351 251 3416 60?
275 3348 314 3416 D.
323 3351 376 3434 40,
386 3351 416 3431 2,
428 3352 479 3435 14,
491 3353 518 3414 1.
541 3351 725 3416 Marcianus
740 3351 824 3415 libro
840 3354 957 3435 quarto
970 3341 1080 3437 Regula·

98 3462 178 3504 rum.
200 3477 237 3486 —
265 3437 348 3504 Sunt
375 3440 430 3523 qui
458 3444 576 3522 putant
602 3441 700 3504 etiam
724 3439 862 3504 feminas
885 3461 979 3524 posse
1000 3437 1081 3500 matr]-

168 3567 181 3617 1
203 3560 252 3619 Fi.
272 3561 386 3618 dicebat
406 3601 411 3614 .
430 3561 481 3616 sed
499 3602 506 3615 .
522 3602 528 3616 .
546 3559 689 3630 opinione,
709 3561 848 3629 quia...
867 3556 1026 3616 testamenti.
