2430 3944
145 194 210 258 372
246 192 281 249 V.
294 191 444 248 NERVAE
463 191 510 247 ET
529 163 925 248 indiminutarum
945 189 1125 246 CONSULTI

485 425 536 491 De
557 427 625 490 iare
646 425 827 491 retinerem.

239 571 290 635 14.
319 568 357 633 D.
372 570 402 650 8,
415 568 446 650 5,
461 569 490 648 8,
504 569 534 634 5.
579 567 743 651 Ulpianus
767 566 852 632 libro
876 569 1014 652 septimo
1040 568 1160 633 deeimo

149 659 190 724 ad
209 659 348 723 edietum
368 656 418 742 (P.
428 653 518 742 601).
534 692 573 703 —
591 656 703 721 Aristo
718 654 858 722 Cerellio
873 655 979 721 Vitali
997 658 1161 740 respondit

148 770 215 812 non
238 751 353 831 putare
364 814 366 818 Α
377 768 411 810 se
435 767 474 810 ex
493 746 629 810 taberna
647 745 784 810 easiaria
802 744 928 809 fumum
946 746 980 810 in
999 746 1162 831 superiora

150 836 297 902 aedificia
314 836 383 900 iure
401 835 537 899 immitti
554 855 660 918 posse,
678 835 741 898 nisi
759 834 790 915 ei
806 835 854 897 rei
867 833 1049 919 <serviunt3
1068 836 1163 920 nam>

150 925 338 991 servitutem
360 924 459 988 talem
478 922 630 988 admittit.
667 922 813 1006 idemque
833 923 893 987 ait:
911 928 941 988 et
957 944 994 989 aa
1011 926 1165 1006 superiore

149 1017 184 1079 ia
211 1013 363 1094 inferiora
389 1033 452 1077 aaa
479 1033 609 1095 aquam,
635 1032 699 1076 noa
723 1013 800 1094 qaid
820 1012 912 1076 atiud
931 1014 1060 1077 immitti
1083 1014 1164 1090 lieet

150 1105 185 1167 ia
216 1123 271 1167 auo
303 1102 386 1166 enim
417 1102 477 1166 otii
502 1103 648 1166 baeterrae
672 1100 775 1182 faeere
802 1101 882 1184 ticet,
908 1107 1061 1183 quotenos
1087 1103 1166 1167 nibil

150 1195 186 1257 in
216 1192 354 1257 alanum
385 1191 546 1269 immittat,
582 1189 664 1254 fumi
702 1193 811 1254 autem
843 1190 927 1255 sieut
959 1211 1063 1275 aquae
1099 1213 1165 1256 esse

151 1280 397 1345 immissionem.
441 1300 537 1362 posse
564 1279 666 1363 igitur
693 1278 892 1361 superiorem
916 1299 988 1343 eum
1012 1278 1165 1345 inferiore

151 1389 247 1454 agere
269 1369 319 1432 ius
343 1367 391 1431 illi
410 1389 477 1432 non
495 1388 565 1432 esse
584 1367 619 1430 id
636 1367 684 1431 ita
702 1366 819 1431 faeere.
855 1365 1010 1432 Alfenum
1030 1368 1167 1454 denique

152 1457 293 1522 seribere
326 1457 373 1520 ait
405 1477 499 1539 posse
528 1456 574 1520 ita
601 1457 668 1540 agi:
696 1455 746 1520 ius
778 1455 827 1519 illi
853 1477 921 1521 non
948 1478 1019 1521 esse
1046 1458 1083 1522 in
1111 1480 1166 1523 suo

150 1546 292 1629 lapidem
310 1544 449 1627 caedere,
468 1548 505 1608 ut
522 1545 557 1608 in
572 1565 681 1609 meum
694 1543 829 1608 fundum
843 1543 1029 1629 fragmenta
1043 1545 1169 1612 cadant

151 1635 229 1699 dieit
260 1634 361 1718 igitur
388 1634 501 1698 Aristo
534 1656 620 1716 eum,
653 1634 708 1717 qui
740 1633 909 1697 tabernam
941 1634 1119 1700 oasiariam
1151 1658 1169 1701 a

151 1722 428 1787 Minturnensibus
456 1723 623 1805 conduxit,
650 1745 670 1787 a
696 1722 860 1805 superiore
882 1723 1050 1806 prohiberi
1072 1746 1168 1810 posse

151 1811 278 1876 fumum
308 1811 497 1894 immittere,
530 1812 585 1876 sed
613 1809 853 1875 Minturnenses
884 1812 915 1875 ei
942 1832 982 1875 ex
1010 1813 1169 1879 conducto

152 1901 268 1981 teneri,
292 1900 408 1984 agique
432 1900 479 1964 sie
499 1921 595 1983 posse
614 1899 693 1964 dioit
711 1920 785 1964 eum
804 1919 852 1982 eo,
875 1900 931 1983 qui
950 1921 1024 1965 eum
1043 1901 1169 1967 fumum

152 1989 317 2072 immittat,
339 1989 390 2053 ius
414 1989 444 2052 ei
466 2011 533 2053 non
558 2009 627 2053 esse
649 1989 773 2052 fumum
792 1987 977 2054 immittere.
1015 2011 1094 2074 ergo
1113 2013 1170 2075 per

153 2078 352 2142 eontrarium
371 2078 426 2162 agi
443 2077 565 2161 poterit
583 2077 634 2142 ius
653 2099 724 2142 esse
739 2077 862 2141 fumum
877 2077 1063 2162 immittere,
1083 2081 1168 2165 quod

153 2170 186 2231 et
208 2167 315 2251 ipsum
339 2165 466 2230 videtur
488 2165 600 2231 Aristo
625 2166 771 2249 probare.

243 2296 279 2354 ef.
303 2295 338 2353 D.
359 2296 388 2372 8,
409 2296 437 2366 5,
462 2296 528 2371 8,6
558 2294 626 2371 Ulp.
645 2295 665 2353 l.
679 2294 766 2353 XVII
798 2294 836 2353 ad
864 2296 909 2356 ed.
956 2290 1060 2372 ‘Apud
1084 2297 1170 2358 Pom-

152 2384 279 2461 ponium
306 2383 461 2443 dubitetur
487 2384 564 2443 libro
593 2383 840 2461 quadragensimo
863 2385 959 2459 primo
982 2385 1171 2465 Lectionum,

154 2491 193 2531 an
216 2474 282 2550 quis
305 2473 401 2548 possit
422 2473 467 2530 ita
489 2491 592 2548 agere:
616 2472 706 2531 licere
724 2471 842 2530 fumum
858 2492 919 2532 non
937 2493 1071 2550 gravem,
1096 2478 1172 2551 puta

154 2580 190 2620 ex
212 2560 288 2637 foco,
313 2561 343 2618 in
367 2578 420 2619 suo
444 2561 541 2619 faeere
566 2564 619 2619 aut
641 2579 702 2619 non
724 2561 821 2622 liaere.
867 2564 898 2621 et
921 2563 964 2622 ait
987 2564 1087 2641 magis
1111 2583 1170 2623 non

153 2668 242 2724 posse
266 2648 316 2725 agi
340 2643 404 2709 ...'

451 2873 503 2939 De
517 2875 725 2958 pipoeratieia
746 2875 871 2940 actione.

247 3015 296 3081 15.
324 3014 364 3079 D.
378 3016 430 3100 20,
445 3017 475 3100 3,
490 3017 519 3081 3.
562 3016 683 3081 Paulus
705 3017 788 3082 libro
814 3017 910 3082 tertio
935 3016 1170 3093 Quaestionum

156 3102 206 3189 (P.
229 3104 336 3189 1307).
363 3141 400 3152 -
427 3104 539 3170 Aristo
567 3104 703 3171 Neratio
731 3105 843 3170 Priseo
872 3106 1015 3189 scripsit:
1049 3108 1171 3173 mmmm

154 3194 202 3258 ita
224 3197 412 3258 contractam
434 3195 483 3277 sit,
505 3199 541 3259 ut
562 3196 736 3259 aabeedeas
758 3196 970 3277 dimitteretur,
992 3215 1058 3261 noa
1081 3197 1170 3262 aliter

154 3280 276 3367 (atter)
299 3283 334 3347 ia
356 3282 407 3348 ias
423 3284 567 3366 pipnoris
588 3284 733 3368 suwedet,
760 3285 824 3347 atsi
846 3285 1032 3363 convenerit,
1054 3290 1092 3350 ut
1112 3285 1170 3351 sibi

155 3372 260 3436 eodem
285 3391 333 3436 res
355 3377 430 3437 esset
451 3372 590 3455 obtipota.
635 3392 730 3453 neque
752 3372 834 3436 enim
856 3374 890 3437 ia
913 3373 965 3438 ius
982 3375 1085 3455 primi
1106 3395 1168 3439 sue

155 3461 256 3524 cedere
278 3460 367 3540 debet,
390 3461 445 3542 qui
461 3462 526 3542 ipse
547 3460 629 3525 bibit
646 3463 784 3525 conuenit
801 3463 837 3525 de
848 3463 996 3544 piperem
1019 3484 1080 3545 quo
1098 3483 1169 3529 casu

155 3551 300 3630 emptoria
322 3569 417 3616 caasa
439 3550 547 3616 metior
569 3549 726 3632 efficietur.
