2430 3944
96 170 138 234 68
167 169 214 224 111.
229 169 305 224 CAH
319 167 465 224 CLAUDII
479 168 504 222 N
507 168 614 223 ERON.
625 166 770 223 GALBAE
781 169 888 227 daur.
899 168 995 224 IURIS
1006 170 1110 227 CONS.

97 336 344 415 usucapturam,
375 332 402 395 si
425 333 491 395 iam
514 332 651 396 maritus
676 332 884 415 concesserit,
911 333 1004 417 quasi
1027 354 1113 400 nunc

98 422 235 487 donasse
257 421 474 505 intellegatur:

187 541 374 601 Sententiam
407 557 498 616 supra
527 561 556 616 p.
577 542 618 598 24
645 540 772 600 relatam
799 542 855 600 hoc
881 542 947 601 loeo
977 546 1112 619 repetere

96 631 237 690 idoneum
256 629 336 689 duxi.
372 629 494 688 Pemiee
508 629 549 702 ΙΙ,
565 631 582 688 2
603 649 630 704 p.
646 631 710 688 419
727 629 888 706 existimat,
907 624 986 690 ‘dass
1001 631 1113 692 Paulus

96 720 178 779 wohl
204 719 281 778 nach
308 717 430 778 Cassius
459 718 507 776 die
535 717 717 794 Schenkung
744 722 834 777 unter
856 720 1031 794 llbegatten
1058 720 1114 780 mit

98 808 151 868 der
174 807 355 885 Schenkung
378 826 417 865 an
440 806 497 865 den
519 807 683 865 Hanssohn
705 803 983 869 zusammenstellt'.

188 917 261 981 121.
294 916 369 981 Vat.
397 916 437 979 fr.
464 916 530 981 266
559 913 669 1002 (Uip).
703 953 745 962 -
778 917 865 981 ..si
898 919 969 1002 quis
1002 923 1115 985 eontra

98 1008 205 1091 legem
224 1006 371 1071 Cinciam
390 1005 554 1090 obligatus
572 1027 639 1069 non
658 1009 792 1090 excepto
813 1006 957 1087 solverit,
975 1007 1114 1073 debebit¹

98 1095 162 1159 dici
201 1097 348 1178 repetere
387 1114 459 1158 eum
497 1116 606 1180 posse3
646 1115 724 1159 nam
762 1117 889 1178 semper
924 1097 1113 1180 exceptione

98 1181 230 1248 Cinciae
258 1183 307 1247 uti
334 1182 455 1267 potuit,
486 1204 545 1248 nec
573 1182 678 1248 solum
706 1183 789 1267 ipse,
817 1205 944 1268 verum,
971 1189 1010 1249 ut
1037 1184 1114 1251 P'ro·

98 1272 237 1337 culeiani
262 1276 374 1336 contra
394 1269 588 1336 Sabinianus
611 1275 737 1356 putant,
761 1272 859 1336 etiam
884 1272 999 1357 quivis,
1023 1276 1115 1358 quasi

97 1361 264 1445 popularis
288 1361 332 1424 sit
354 1360 434 1424 haec
458 1361 615 1444 exceptio.

190 1466 260 1531 128.
293 1464 333 1529 D.
352 1466 405 1548 39,
424 1468 455 1547 6,
474 1467 527 1548 35,
544 1468 574 1531 2.
594 1467 623 1531 3.
678 1466 799 1531 Paulus
831 1467 915 1532 libro
948 1475 1041 1534 sexto
1076 1469 1115 1536 ad

98 1556 203 1638 legem
227 1554 345 1619 Iuliam
370 1557 402 1618 et
422 1554 557 1638 Papiam
581 1553 631 1640 (P.
645 1551 734 1641 962).
758 1591 800 1601 -
825 1558 896 1619 ..is
920 1557 977 1641 qui
1000 1560 1115 1624 mortis

98 1665 197 1708 causa
225 1643 336 1726 donat,
369 1665 402 1707 se
431 1643 555 1728 cogitat
582 1648 679 1728 atque
708 1666 817 1709 amore
845 1645 930 1709 vitae
953 1648 1115 1731 recepisse

97 1732 206 1816 potius
231 1754 326 1817 quam
352 1731 478 1796 dedisse
501 1732 640 1815 mavult;
668 1736 701 1796 et
724 1731 785 1797 hee
809 1736 867 1816 est,
892 1755 990 1816 quare
1015 1737 1115 1822 vulgo

98 1820 239 1884 dicatur:
268 1843 301 1884 se
329 1821 439 1904 potius
467 1820 586 1885 habere
615 1821 686 1885 vult
713 1843 808 1904 quam
833 1843 904 1886 eum
928 1824 979 1888 cui
1004 1824 1115 1908 donat,

97 1909 190 1972 illum
219 1908 332 1973 deinde
360 1908 470 1992 potius
499 1931 594 1992 quam
623 1910 772 1974 heredem
802 1932 905 1976 suum.
951 1933 1030 1997 ergo
1060 1918 1114 1998 qui

98 1999 213 2062 mortis
242 2018 339 2061 causa
368 1997 481 2081 donat,
510 2020 574 2081 qua
596 2002 687 2081 parte
716 2021 750 2062 se
778 2000 916 2082 cogitat,
943 2003 1114 2085 negotium

52 2120 54 2127 ·
98 2086 192 2170 gerit,
216 2086 339 2150 scilicet
361 2090 407 2168 ut,
435 2108 507 2150 cum
531 2087 737 2170 convaluerit,
765 2088 918 2151 reddatur
941 2090 1014 2154 sibi.
1056 2115 1115 2158 nec

99 2176 327 2239 dubitaverunt
355 2173 517 2256 Cassiani,
545 2174 622 2260 quin
650 2176 851 2241 condictione
880 2179 982 2260 repeti
1010 2183 1116 2265 possit

99 2264 194 2349 quasi
218 2285 252 2327 re
277 2285 343 2327 non
368 2268 478 2328 secuta
500 2267 635 2348 propter
657 2264 742 2329 hano
765 2267 938 2349 rationem,
967 2270 1054 2351 quod
1079 2293 1115 2335 ea

99 2373 181 2435 quae
213 2352 358 2433 [dantur]
387 2356 443 2415 aut
471 2353 519 2417 ita
548 2353 678 2436 dantur,
706 2359 743 2417 ut
770 2353 893 2438 aliquid
917 2355 1032 2439 facias,
1060 2366 1116 2423 aut

98 2445 135 2503 ut
159 2460 220 2524 ego
244 2440 367 2522 aliquid
390 2441 532 2523 capiam,
559 2446 616 2505 aut
643 2446 681 2505 ut
701 2440 818 2508 Lucius
846 2443 965 2526 Titius,
994 2451 1053 2510 aut
1081 2452 1115 2512 ut

99 2528 222 2612 aliquid
246 2529 411 2612 optingat,
435 2532 482 2609 [et
504 2530 538 2592 in
560 2530 646 2610 istis]
672 2529 834 2594 condictio
857 2534 1013 2616 sequitur.

188 2646 377 2723 Quamquam
405 2647 543 2708 Cassium
573 2650 651 2708 inter
679 2648 836 2710 Cassianos
868 2670 1027 2714 numerare
1057 2676 1115 2717 non

98 2736 180 2814 licet,
203 2738 304 2796 tamen
326 2738 538 2816 fragmentum,
562 2739 641 2815 quod
664 2739 756 2798 Lenel
779 2741 829 2800 vel
850 2740 882 2798 in
906 2739 1010 2800 Sabini
1034 2745 1116 2824 frag-

99 2829 201 2884 menta
224 2815 271 2906 (P.
293 2818 372 2905 171)
395 2826 520 2906 recepit,
543 2827 687 2887 hocloco
713 2829 847 2903 proferre
870 2829 1012 2888 idoneum
1036 2835 1115 2895 duxi

191 2934 263 2999 129.
287 2934 326 3000 D.
340 2936 394 3016 41,
410 2936 438 3016 3,
452 2937 483 3020 4,
499 2938 550 3001 21.
587 2936 706 3002 Paulus
721 2938 803 3002 libro
820 2938 1115 3024 quinquagensimo

100 3028 217 3107 quarto
242 3023 282 3088 ad
305 3023 444 3089 edietum
471 3021 520 3111 (P.
535 3023 623 3110 673).
647 3063 691 3072 -
714 3023 749 3090 si
770 3049 838 3091 rem
857 3026 986 3112 pignori
1005 3036 1115 3098 datam

100 3112 228 3177 debitor
256 3112 456 3196 subripuerit
483 3119 515 3178 et
542 3114 734 3198 vendiderit,
763 3118 896 3200 usucapi
923 3138 995 3182 eam
1019 3143 1116 3204 posse

100 3199 233 3266 Cassius
267 3200 393 3286 scribit,
431 3201 507 3286 quia
538 3203 572 3266 in
606 3207 800 3287 potestatem
832 3205 955 3269 domini
988 3210 1115 3275 videtur

99 3289 297 3443 pervenssssss,
321 3292 376 3373 qui
399 3292 531 3376 pignori
556 3291 687 3377 dederit,
712 3293 857 3376 quamvis
882 3316 955 3358 eum
976 3320 1013 3363 eo
1034 3300 1115 3365 furti

100 3399 155 3464 agr
177 3402 220 3464 po
239 3400 295 3442 es.

173 3541 187 3588 1
212 3535 239 3588 V
254 3534 352 3590 debuit
