2430 3944
98 159 161 225 138
178 159 226 214 III.
236 157 313 214 usn
322 157 470 214 CLAUDII
480 157 615 215 NERON.
626 156 771 213 GALBAE
782 159 892 216 uuMP.
901 156 999 215 Iouis
1009 157 1109 218 ΟΟΝΕ

298 338 350 405 De
371 339 561 422 odouircudo
582 360 688 404 rerum
709 340 854 405 dominu.

184 447 237 514 21.
261 445 301 511 D.
315 446 368 529 41,
385 445 413 529 1,
428 445 480 510 28.
516 444 606 510 Idem
630 441 688 531 (sc.
710 441 925 534 Pomponius)
948 446 1032 511 libro
1052 447 1109 513 tri

98 535 245 622 gensimo
265 535 361 599 tertio
381 534 422 598 ad
440 531 597 599 Sabinum
617 532 668 619 (P.
684 531 773 621 781).
788 569 830 582 -·
847 532 882 600 Si
901 555 1000 620 supra
1018 538 1109 602 tuum

96 624 255 711 parietem
277 624 401 688 vicinus
425 623 656 704 aedificaverit,
683 624 851 707 proprium
876 624 946 689 eius
969 623 1002 688 id
1024 623 1109 707 quod

98 713 315 779 aedificaverit
333 711 402 776 fieri
421 710 530 776 Labeo
549 715 582 776 et
601 710 739 777 Sabinus
759 712 864 797 aiunt3
883 713 938 777 sed
954 709 1109 778 Proculus

95 806 187 867 tuum
216 802 398 886 proprium,
430 801 699 884 quemadmodum
726 800 833 884 fieret,
865 801 952 885 quod
979 802 1012 865 in
1038 799 1103 866 solo

94 895 151 956 tuo
177 891 258 955 elius
283 889 493 954 aedificasset.

184 980 237 1044 22.
265 977 305 1043 D.
323 979 377 1061 41,
397 980 426 1060 1,
444 979 497 1043 24.
515 977 559 1042 26
567 1000 615 1062 pr.
660 975 779 1042 Paulus
806 979 891 1044 libro
918 982 1033 1063 quarto
1054 977 1096 1042 de

98 1070 181 1134 cimo
205 1068 247 1132 ad
272 1065 429 1132 Sabinum
453 1063 503 1153 (P.
520 1064 629 1152 1868).
652 1102 697 1114 —
719 1065 758 1131 Iu
781 1067 941 1152 omnibus,
965 1063 1094 1152 quaest

96 1156 229 1221 eandem
253 1157 392 1239 speciem
415 1155 533 1220 reverti
551 1177 618 1220 non
635 1160 782 1240 possunt,
807 1156 979 1221 dicendum
998 1152 1092 1240 estet

95 1246 233 1310 materia
265 1249 416 1309 manente
446 1244 568 1328 species
596 1244 764 1309 dumtaxat
790 1245 875 1310 forte
903 1248 1029 1309 mutata
1051 1240 1092 1325 sit

97 1334 197 1398 veluti
226 1333 255 1397 si
283 1353 355 1397 meo
382 1354 455 1396 aere
479 1336 622 1398 statuam
647 1336 703 1397 aut
725 1330 861 1418 arge‘nto
886 1333 1040 1418 scyphum
1057 1328 1109 1419 lc·¹

97 1423 211 1500 cissos,
248 1442 299 1484 me
337 1442 448 1486 eorum
481 1422 647 1487 dominum
679 1443 818 1486 manere.
846 1419 853 1509 Ι
882 1422 939 1487 scd
970 1422 999 1487 si
1028 1417 1092 1485 meis
1105 1502 1109 1511 ι

96 1510 219 1575 tabulis
233 1531 351 1574 navem
365 1511 506 1595 fecisses,
520 1514 611 1575 tuam
625 1532 740 1575 navem
754 1532 836 1595 esse,
850 1511 927 1596 quia
940 1526 1092 1596 cupressus

95 1620 160 1664 uon
193 1603 352 1676 maneret,
385 1597 483 1664 sicuti
510 1620 569 1663 nec
597 1600 673 1663 lana
701 1599 895 1665 vestimento
925 1599 1027 1683 facto,
1050 1591 1093 1663 sel

98 1708 304 1771 cupresseum
328 1689 384 1751 aut
406 1688 534 1751 laneum
554 1709 669 1772 corpus
688 1688 780 1752 fieret
795 1737 802 1752 .
816 1686 973 1754 Proculus
992 1685 1095 1752 indicat

97 1776 160 1841 hoc
188 1776 257 1840 iure
280 1797 341 1839 uos
364 1775 426 1861 uti,
454 1777 540 1860 quod
563 1774 674 1841 Servio
697 1782 731 1841 et
753 1776 897 1843 Labeoni
920 1776 1094 1861 placuisset:

97 1865 131 1929 in
155 1864 271 1949 quibus
294 1864 426 1949 propria
449 1864 590 1949 qualitas
614 1867 891 1948 [ex]spectaretur‚
915 1866 945 1930 si
964 1865 1037 1949 quid
1054 1860 1096 1928 ad·

99 1953 201 2017 ditum
221 1954 293 2036 erit,
312 1957 383 2017 toto
399 1953 493 2036 cedit,
511 1957 548 2018 ut
562 1957 690 2018 statuae
703 1976 760 2038 pes
775 1958 832 2019 aut
846 1976 971 2040 manus,
989 1952 1099 2038 scypho

99 2042 218 2107 fundus
243 2046 300 2108 aut
324 2062 417 2127 anea,
441 2041 525 2107 lecto
543 2041 697 2126 fulcrum,
720 2044 795 2108 navi
818 2043 944 2127 tabula,
968 2041 1101 2108 aedificio

100 2135 310 2196 caementum.

186 2225 301 2285 Paulus
317 2224 414 2285 addit:
430 2219 508 2285 ‘tota
522 2225 602 2283 enim
616 2224 680 2284 eius
695 2228 775 2302 suut,
789 2225 874 2284 cuius
888 2232 958 2285 ante
968 2215 1106 2285 fuerant'.

453 2378 504 2444 Do
525 2399 624 2463 aqueae
646 2379 747 2444 ductu.

186 2485 239 2549 23.
261 2484 301 2549 Ι).
317 2487 345 2562 8,
360 2486 392 2569 3,
406 2486 459 2552 24.
490 2484 690 2569 Pomponius
704 2485 789 2550 libro
803 2485 998 2571 trigensimo
1012 2484 1108 2553 tertio

98 2573 139 2638 ad
162 2570 318 2639 Sabinum
338 2570 389 2660 (P.
409 2571 497 2659 788).
523 2610 561 2622 -
586 2573 637 2639 Ex
660 2595 731 2639 meo
756 2596 858 2658 aquae
881 2575 982 2641 ductu
1004 2573 1109 2640 Labeo

101 2662 212 2726 scribit
235 2662 372 2727 cuilibet
393 2684 489 2745 posse
512 2684 564 2726 me
586 2662 692 2728 vicino
715 2663 934 2749 commodere;
955 2662 1109 2729 Proculus

99 2754 226 2833 contra,
254 2756 354 2815 utne
377 2752 413 2815 in
435 2755 564 2835 partem
586 2748 665 2816 ccci¹
691 2751 784 2816 fundi
807 2751 921 2832 aliam,
949 2774 1047 2837 quam
1070 2750 1107 2818 ud

100 2861 197 2923 quam
222 2840 360 2905 servitus
385 2840 546 2924 adquisita
568 2841 626 2924 sit,
649 2837 738 2905 duci²
762 2862 800 2905 ea
821 2840 937 2924 possit.

304 3031 357 3091 IV.
383 3031 550 3091 Incertae
574 3031 669 3092 sedis
692 3032 906 3110 fragmenta.

186 3144 315 3221 Reliqua
349 3146 534 3222 fragmenta,
569 3149 661 3222 prout
694 3166 830 3225 quaeque
862 3148 959 3226 magis
993 3149 1032 3209 ad
1062 3148 1107 3208 ius

98 3233 270 3382 {iisvplrpbpiut
297 3236 334 3293 ad
361 3234 410 3293 ius
437 3235 629 3295 honorarium
657 3237 821 3315 pertinent,
854 3236 886 3295 in
914 3238 973 3297 duo
1001 3255 1109 3316 genera

171 3461 185 3509 1
205 3455 254 3511 Fl.
273 3473 364 3511 meam
382 3459 500 3526 partem.

170 3535 185 3582 2
207 3526 255 3583 Fi.
273 3527 324 3582 uti.
