2430 3944
404 206 429 257 8.
447 199 601 256 ursulus
620 200 742 258 FEROX
1015 204 1078 266 179

63 383 125 448 ego
152 363 295 428 insulam
323 363 463 447 fulsero,
491 367 658 448 sumptum
685 364 784 428 istum
812 365 977 430 communi
1001 366 1079 431 divi-

63 451 172 517 dundo
203 451 324 516 iudicio
353 454 505 536 consequi
531 474 583 517 me
609 474 678 517 non
704 451 839 540 posse’).
887 455 943 518 sed
971 455 999 519 si
1026 477 1078 520 res

62 562 130 606 non
158 539 384 605 defenderetur
411 545 444 606 et
470 541 543 606 ideo
570 541 651 605 iussi
673 563 785 606 sumus
809 565 829 606 a
851 547 1000 626 praetore
1024 566 1078 609 eas

63 629 161 694 aedes
179 628 347 713 possidere
365 634 399 694 et
416 651 456 695 ex
473 630 536 696 hoc
553 629 731 695 dominium
751 653 861 695 earum
879 633 1078 697 nanciscere

60 741 148 802 mur,
179 718 349 801 respondit
375 717 532 784 Proculus
564 720 725 783 communi
753 719 927 785 dividundo
958 721 1076 787 iudicio

58 810 190 891 partem
212 807 284 871 eius
306 808 472 892 impensae
495 829 547 872 me
570 811 774 872 servaturum
799 830 877 873 esse.

151 915 205 980 18.
231 911 272 978 D.
288 915 339 997 10,
353 915 384 997 3,
398 915 429 997 6,
444 915 495 978 12.
540 912 702 996 Ulpianus
729 915 815 979 libro
841 936 928 980 nono
953 915 1077 980 decimo

60 1002 103 1067 ad
126 1003 269 1068 edictum
291 999 343 1089 (P.
357 1003 448 1088 641).
469 1038 514 1049 -
537 1000 672 1068 Urseius
692 1002 747 1081 ait,
770 1026 843 1068 cum
861 1004 895 1068 in
914 1004 1078 1069 communi

59 1091 210 1156 aedificio
242 1091 366 1156 vicinus
397 1092 562 1156 nuntiavit
591 1113 633 1155 ne
665 1092 742 1174 quid
774 1094 881 1176 operis
911 1093 1016 1174 fieret,
1048 1093 1077 1156 si

58 1201 147 1244 unus
174 1201 215 1243 ex
243 1181 340 1246 sociis
364 1202 403 1245 ex
425 1181 487 1246 hac
510 1202 608 1244 causa
630 1179 803 1245 damnatus
826 1181 954 1262 fuisset,
981 1203 1077 1265 posse

59 1290 135 1333 cam
157 1290 298 1352 poenam
322 1291 341 1333 a
364 1271 453 1335 socio
476 1291 534 1353 pro
558 1272 651 1353 parte
675 1290 812 1333 servare.

151 1373 299 1440 ‘Iulianus
326 1384 429 1440 autem
455 1384 536 1440 recte
563 1382 650 1440 notat
676 1380 721 1440 ita
748 1381 869 1440 demum
892 1383 948 1440 hoc
970 1400 1077 1443 verum

56 1487 135 1542 ease,
159 1469 187 1527 si
208 1469 348 1528 interfuit
369 1469 491 1529 aedium
512 1471 568 1530 hoo
590 1462 676 1528 fieri'.

151 1587 205 1653 19.
232 1587 273 1652 D.
291 1589 343 1672 39,
361 1589 392 1673 3,
411 1589 464 1672 11,
481 1589 512 1653 2.
552 1587 674 1653 Ρ66166
697 1588 782 1653 libro
805 1581 1075 1673 quadragensimo

55 1698 149 1741 nono
173 1676 216 1740 ad
239 1677 380 1742 edietum
399 1675 450 1762 (P.
463 1674 552 1763 634).
575 1712 620 1723 -
641 1676 688 1741 Et
706 1699 746 1742 ex
764 1678 860 1742 sociis
878 1700 945 1743 non
964 1678 1076 1763 utique

56 1787 134 1830 cunr
167 1786 207 1829 eo
239 1765 399 1850 agendum
431 1765 488 1851 qui
519 1788 600 1850 opus
631 1766 745 1830 fecerit
777 1787 835 1830 nec
866 1767 972 1831 minus
1001 1789 1075 1831 eum

57 1875 189 1938 quoque
217 1854 370 1919 damnum
400 1855 572 1919 restituere
595 1855 725 1935 debere,
752 1855 807 1938 qui
830 1859 944 1919 auctor
967 1857 1074 1939 operis

55 1943 171 2025 (non)
200 1942 275 2025 fuit,
304 1943 389 2028 apud
412 1942 567 2009 Ferocem
589 1943 747 2007 Proculus
773 1944 835 2027 ait;
862 1944 890 2007 si
914 1965 986 2008 cum
1010 1965 1074 2008 uno

57 2031 266 2096 dominorum
295 2037 402 2096 actum
430 2033 487 2114 sit,
519 2034 573 2115 qui
602 2054 682 2116 opus
709 2054 775 2096 non
803 2032 931 2116 fecerit,
958 2032 1074 2095 debere

57 2141 133 2184 cum
157 2141 240 2204 opus
262 2121 432 2185 restituere
455 2143 514 2184 sua
536 2121 694 2203 impensa,
717 2122 793 2204 quia
811 2120 975 2185 communi
994 2120 1074 2184 divi·

58 2208 167 2272 dundo
202 2209 364 2273 actionem
395 2209 504 2274 habet
554 2209 610 2273 sed
639 2210 702 2273 sibi
733 2209 839 2294 magis
867 2209 992 2293 placere
1020 2231 1074 2292 pa·

57 2297 211 2362 tientiam
238 2298 407 2362 dumtaxat
435 2320 508 2363 eum
536 2302 701 2381 praestare
724 2303 888 2381 oportere,
915 2298 992 2382 quia
1015 2320 1074 2361 sua

59 2387 156 2470 culpa
179 2390 269 2450 actor
292 2387 326 2451 id
348 2386 505 2471 patiatur,
533 2388 589 2470 qui
611 2409 677 2452 non
701 2388 771 2472 agit
794 2409 865 2451 cum
891 2407 943 2465 eo,
965 2409 985 2450 a
1009 2405 1098 2470 quo'

59 2495 141 2559 opus
163 2473 288 2539 factum
311 2475 363 2541 sit.
409 2480 443 2540 et
466 2480 517 2540 est
538 2476 685 2558 iniquum
707 2498 794 2559 eum,
820 2475 875 2560 qui
897 2497 963 2539 non
987 2476 1073 2557 fecit,

59 2562 91 2627 id
121 2563 295 2628 restituere
328 2570 490 2647 oportere,
522 2564 676 2647 quoniam
708 2565 872 2629 communi
900 2563 1072 2628 dividundo

62 2672 156 2737 agere
184 2657 306 2736 potest3
333 2653 410 2735 quid
436 2655 521 2718 enim
544 2653 613 2734 fiet,
642 2653 670 2717 si
694 2654 799 2718 socius
824 2653 892 2716 eius
917 2652 1072 2717 solvendo

61 2761 124 2805 non
146 2740 270 2804 fuerit?

147 2847 201 2911 20.
228 2846 268 2911 D.
283 2848 314 2928 9,
327 2848 358 2931 2,
372 2848 425 2924 27,
440 2849 468 2913 1.
513 2847 673 2932 Ulpianus
699 2848 784 2911 libro
808 2850 923 2912 octavo
946 2848 1071 2911 decimo

65 2934 101 2997 ad
125 2935 267 3000 edictum
290 2935 340 3018 (P.
359 2933 449 3021 621).
476 2973 512 2982 -
539 2935 574 3001 Si
602 2958 712 3001 servus
736 2936 914 3000 eommunis
943 2936 988 3018 [id
1022 2940 1075 3000 661

67 3044 149 3088 meus
177 3029 212 3088 et
237 3027 327 3104 tuus]
353 3046 480 3088 servum
504 3047 610 3089 meum
638 3025 805 3107 occiderit,
831 3026 897 3109 legi
919 3023 1071 3108 Aquiliae

67 3110 148 3177 locus
177 3117 228 3176 est
255 3112 408 3178 adversus
435 3117 483 3197 te,
510 3115 538 3176 si
566 3118 622 3178 tua
650 3115 818 3178 voluntate
846 3114 935 3197 16611,
965 3119 997 3177 61
1023 3114 1072 3177 116

69 3198 234 3266 Proculum
270 3202 473 3266 existimasse
504 3201 638 3267 Urseius
674 3204 785 3285 refert3
823 3202 908 3287 quod
945 3203 973 3266 si
1004 3223 1071 3265 non

72 3289 229 3354 voluntate
252 3293 309 3355 tua
331 3290 421 3373 fecit,
449 3312 575 3356 cessare
599 3291 750 3355 noralem
773 3293 941 3373 actionem,
963 3312 1004 3354 ne
1028 3290 1071 3352 sit

73 3373 100 3439 in
119 3383 280 3462 potestate
303 3380 402 3464 servi,
425 3379 509 3444 utri1
534 3381 595 3444 soli
618 3381 744 3444 serviat.

10 3524 16 3555 Σ
136 3577 148 3624 1
168 3569 217 3625 Fl.
236 3574 267 3626 ut
284 3570 346 3626 tibi.
