2430 3944
208 197 242 253 11.
262 197 502 253 INCERTORUM
521 197 753 253 SENTENTIAE
772 198 819 252 ΕΤ
835 199 940 278 alum.
1016 201 1079 265 531

66 383 130 446 que
170 364 203 424 et
241 361 461 446 praetoribus,
503 360 578 445 quia
618 360 737 425 eisdem
776 363 926 446 auspiciis
965 364 1081 448 quibus

67 451 216 516 consules
240 453 440 535 crearentur,
466 453 596 515 cautum
621 470 703 514 esse:
730 450 867 516 iudicem
897 452 982 517 enim
1007 475 1081 517 con-

66 539 172 604 sulem
190 538 358 622 appellari.
395 560 477 624 quae
498 536 659 602 refellitur
678 539 912 623 interpretatio,
936 541 1021 624 quod
1040 542 1080 605 iis

65 627 270 711 temporibus
298 625 442 692 nondum
472 628 635 691 consulem
657 626 796 692 iudicem
820 629 875 693 sed
898 633 1081 712 praetorem

66 715 227 800 appellari
250 737 320 780 mos
343 715 450 781 fuerit.

158 819 194 878 cf.
218 818 384 878 Mommsen
402 817 570 878 Strafrecht
592 839 621 894 p.
638 820 702 879 580
720 839 749 880 n.
765 821 797 878 3:
822 813 930 878 ‘einem
954 818 1007 878 der
1025 839 1081 878 we-

65 908 160 984 nigen
181 893 344 966 llberreste
369 926 423 966 aus
447 908 505 966 den
527 906 677 966 Schriften
700 909 753 967 der
775 908 943 968 rtmischen
967 907 1082 968 Stacta-

65 996 268 1056 rechtslehrer
291 990 380 1076 (iuris
402 988 616 1077 interpretes)'.

472 1149 522 1214 De
544 1151 679 1216 coloniis.

156 1267 187 1332 2.
214 1265 254 1331 D.
269 1265 326 1348 50,
343 1266 398 1351 16,
411 1266 491 1349 239,
506 1265 535 1330 5.
581 1265 779 1351 Pomponius
806 1265 891 1331 libro
920 1265 1081 1350 singulari

64 1353 257 1420 Enchiridii.
280 1389 323 1402 -
346 1353 544 1419 Decuriones
573 1355 703 1438 quidam
727 1355 830 1419 dictos
855 1355 947 1419 aiunt
969 1375 1008 1418 ex
1032 1376 1079 1437 eo,

65 1444 153 1528 quod
180 1442 288 1526 initio,
316 1465 388 1507 cum
412 1444 559 1508 coloniae
585 1443 829 1527 deducerentur,
857 1442 981 1508 decima
1003 1465 1081 1526 pars

66 1553 181 1596 eornm
205 1533 259 1615 qui
283 1531 473 1596 ducerentur
497 1532 625 1596 consilii
648 1532 770 1615 publici
794 1532 900 1616 gratia
922 1532 1082 1597 conscribi

66 1621 165 1685 solita
189 1619 240 1684 sit.

455 1709 504 1773 Dc
527 1710 688 1774 territorio.

157 1824 185 1889 3.
205 1822 244 1888 D.
263 1823 339 1889 ibid.
354 1826 374 1904 ἐ
389 1824 419 1889 8.
438 1861 480 1870 -
494 1823 706 1888 Territorium
721 1827 771 1887 est
785 1823 975 1888 universitas
990 1843 1082 1907 agro

65 1933 140 1977 rum
164 1912 250 1976 intra
272 1912 354 1977 fines
378 1913 532 1996 cuiusque
556 1913 714 1995 civitatis3
738 1911 822 1996 quod
842 1914 882 1975 ab
903 1934 940 1976 eo
960 1911 1081 1976 dictum

66 2001 198 2087 quidam
232 2000 337 2086 aiunt,
371 2002 455 2085 quod
483 2001 695 2087 magistratus
724 2001 792 2065 eius
819 2000 883 2064 loci
910 2001 997 2063 intra
1025 2021 1080 2063 eos

66 2090 149 2154 fines
173 2090 316 2154 terrendi
339 2088 384 2174 [id
410 2093 460 2154 est
483 2088 742 2170 summovendi?]
766 2089 815 2153 ius
839 2088 969 2153 habent.
1014 2107 1021 2127 ·

370 2249 421 2313 De
442 2251 594 2315 adulterio
617 2255 645 2314 et
666 2255 781 2332 stupro.

156 2365 187 2429 4.
215 2365 254 2429 D.
268 2365 322 2447 50,
340 2365 389 2447 16,
406 2363 467 2429 101
478 2387 527 2448 pr.
566 2364 768 2429 Modestinus
791 2363 875 2427 libro
898 2383 984 2427 nono
1007 2361 1078 2426 Dif-

66 2454 289 2520 ferentiarum.
303 2488 348 2498 -
366 2451 456 2517 Inter
475 2458 623 2535 stuprum
642 2456 675 2517 et
694 2452 886 2517 adulterium
904 2451 964 2517 hoc
982 2451 1080 2516 inter-

66 2563 138 2608 esse
162 2542 292 2626 quidam
314 2547 445 2625 putant,
469 2543 554 2625 qnod
578 2542 769 2606 adulterium
793 2542 990 2623 innuptam,
1013 2543 1081 2604 stu·

64 2653 163 2715 prum
185 2631 220 2694 in
242 2631 371 2694 viduam
396 2631 618 2695 committitur.

156 2718 186 2783 5.
210 2717 325 2785 Horat.
345 2723 405 2783 sat.
421 2721 449 2803 1,
465 2721 494 2802 2,
504 2720 548 2784 44
559 2740 627 2802 sqq.
651 2755 688 2765 -
712 2764 720 2781 .
740 2768 747 2780 .
767 2769 773 2782 .
793 2717 984 2800 quinetiam
999 2717 1079 2781 illud

66 2806 209 2890 Accidit,
235 2812 273 2873 ut
299 2807 431 2891 quidam
456 2813 556 2872 testes
581 2808 778 2890 caudamque
802 2807 943 2871 salacem
965 2805 1080 2870 Deme·

65 2901 152 2963 teret
174 2896 270 2961 ferro.
312 2895 404 2961 ‘iure'
430 2918 548 2963 omnes.
589 2894 694 2960 Galba
717 2895 868 2978 negabat.

156 3001 192 3059 of.
211 2998 377 3059 Mommsen
400 2999 569 3058 Strafrecht
587 3019 615 3075 p.
633 2999 695 3058 798
715 3017 743 3056 n.
755 2999 783 3057 2.
818 2998 855 3057 de
875 2996 971 3057 Galba
993 2997 1080 3055 iuris·

67 3088 215 3162 consulto,
239 3087 324 3147 ouius
346 3107 522 3165 responsum
544 3087 690 3146 Horatius
713 3087 810 3164 affert,
838 3087 870 3145 in
892 3087 991 3163 priore
1014 3083 1080 3143 loco

66 3177 225 3238 dicendum
249 3178 322 3237 erat.

519 3259 569 3324 De
590 3259 630 3323 vi.

157 3376 187 3442 6.
215 3375 254 3440 D.
268 3376 321 3458 47,
336 3377 366 3459 8,
380 3377 411 3459 2,
426 3378 454 3441 1.
496 3375 657 3458 Ulpianus
681 3374 766 3440 libro
791 3371 1079 3457 quinquagensimo

70 3467 161 3529 sexto
185 3465 226 3529 ad
249 3464 395 3530 edictum.
419 3501 457 3510 -
479 3463 556 3528 ..si
581 3463 652 3549 quis
677 3485 710 3527 se
733 3462 797 3526 vim
816 3483 949 3545 passum
967 3461 1080 3525 docere

70 3553 186 3636 possit,
217 3553 348 3637 publico
380 3553 498 3617 iudicio
529 3553 567 3617 de
593 3552 627 3617 vi
654 3555 765 3637 potest
796 3549 957 3634 experiri,
983 3567 1097 3627 neque

827 3653 884 3708 34¹⁵
