2430 3944
154 182 221 248 416
257 181 291 238 V.
308 181 460 238 NERVAE
478 182 526 237 ET
545 181 699 237 TRAIANI
716 180 824 238 ΤΕΜΡ.
841 180 939 237 IURIS
957 179 1140 237 CONSULTI

505 350 552 410 De
575 354 692 424 arpeuto
715 351 815 424 leuato.

245 461 297 526 53.
326 459 365 526 D.
379 459 457 524 ibid.
472 462 492 541 ξ
508 461 535 525 1.
557 495 603 543 .···
625 459 703 525 Cum
725 460 772 525 ita
795 460 927 543 lepotum
948 463 1026 525 esset
1048 458 1167 542 ‘arpen-

155 556 221 616 tum
244 550 325 632 quod
345 551 433 615 domo
455 569 525 614 meo
546 549 606 613 erit
625 569 695 613 oum
717 548 856 632 morior',
883 547 996 632 Opilius
1017 569 1074 614 uee
1093 549 1173 630 quod

155 640 324 721 depositum
348 660 369 702 u
391 659 423 704 se
444 658 499 704 ueo
520 639 602 719 quod
623 639 846 703 commodatum
868 638 1041 720 reliquisset
1063 658 1171 721 arpeo·

155 734 221 794 tum
240 728 373 811 lepatum
390 728 489 792 videri
506 727 670 810 respondit.
705 727 786 792 idem
801 725 969 792 Cascellius
988 727 1025 791 de
1041 747 1171 791 eommo-

154 818 236 884 dato.
272 816 381 900 Labeo,
399 817 481 898 quod
492 816 661 897 depositum
675 820 757 897 esset,
774 817 822 880 ita
835 815 943 900 deteri,
959 816 1171 897 sipraeseutis

155 906 309 972 custodiae
331 925 435 988 sarua,
456 924 520 970 uou
537 909 702 986 perpetuae
723 904 817 969 ueluti
838 905 873 968 iu
897 904 1064 970 tleeusauro
1085 905 1171 987 depo

155 995 251 1061 situm
278 999 365 1077 esset,
392 994 468 1076 quio
494 994 552 1057 illa
578 993 670 1057 uerbo
701 992 793 1075 ‘quod
818 994 906 1058 domo
934 1013 1003 1058 meo
1028 992 1100 1058 erit’
1129 995 1171 1059 sio

155 1084 255 1165 aerim
277 1083 380 1148 debere
402 1081 475 1147 ‘esse
497 1080 630 1163 solebat’,
653 1086 682 1146 et
701 1081 757 1148 leoo
774 1082 878 1164 probo.

247 1171 299 1236 54.
340 1170 379 1237 D.
398 1170 475 1235 ibid.
495 1173 515 1251 ξ
534 1171 563 1234 2.
595 1206 640 1216 -
671 1170 782 1236 Ateius
810 1168 951 1236 Seruium
982 1172 1172 1254 respondisse

155 1260 275 1342 seruiit,
307 1261 357 1324 oui
388 1265 563 1344 arpentum,
593 1260 675 1340 quod
704 1260 740 1324 iu
774 1259 949 1325 Tusoulauo
974 1260 1076 1341 fuudo
1104 1279 1171 1325 oum

156 1354 325 1416 moreretur
356 1348 524 1433 lubuuset,
557 1349 689 1429 lepatum
720 1353 807 1429 esset,
840 1353 870 1413 et
897 1349 980 1431 quod
1006 1353 1172 1431 autequam

157 1442 327 1503 moreretur
348 1458 386 1502 eu
408 1437 481 1502 urle
502 1439 537 1502 iu
559 1437 770 1502 Tusculauum
792 1437 880 1503 iussu
901 1438 1055 1503 testatoris
1073 1443 1171 1503 trous

157 1527 257 1592 lotum
271 1530 353 1610 esset,
366 1526 481 1605 deteri;
501 1531 608 1591 ooutro
618 1526 694 1610 fore,
708 1527 736 1591 si
749 1526 872 1591 iuiussu
886 1527 1077 1591 trouslatum
1090 1531 1171 1592 esset.

521 1700 569 1760 De
591 1701 672 1760 lauee
695 1701 799 1774 lupata.

246 1809 297 1875 55.
321 1808 361 1874 D.
375 1809 428 1887 34,
442 1810 472 1892 2,
485 1811 535 1874 31.
573 1808 682 1875 Labeo
696 1809 780 1874 libro
796 1808 935 1876 secundo
950 1810 1170 1892 posteriorum

155 1921 175 1964 u
208 1898 362 1963 Iauoleno
395 1898 655 1981 epitomatorum.
681 1934 726 1946 —
754 1898 816 1979 Qui
848 1899 964 1964 lauaem
996 1900 1170 1964 marimum

155 1989 306 2053 miuorem
337 1988 503 2051 miuiruom
534 1988 734 2070 reliuquebat,
766 1989 813 2052 ita
841 1988 1008 2070 lepooerat:
1041 1986 1170 2053 ‘luueem

155 2078 305 2141 minorem
327 2077 377 2141 illi
399 2075 482 2160 lepo'.
528 2077 645 2140 mediae
668 2077 892 2160 mapuitudiuis
913 2077 1015 2141 uideri
1038 2077 1170 2159 leputam

156 2166 275 2231 laueem
301 2185 481 2246 responsum
508 2170 563 2249 est,
589 2167 620 2230 si
645 2186 708 2230 uou
731 2170 906 2249 appareret,
933 2187 1029 2247 quam
1054 2166 1170 2232 lanum

154 2276 193 2320 ere
216 2254 266 2319 leis
281 2259 374 2336 pater
394 2253 539 2334 familias
561 2255 769 2319 demoustrore
790 2255 939 2319 uoluisset.

503 2428 550 2486 De
566 2430 682 2502 pooulis
705 2430 814 2502 lepatis.

245 2537 297 2602 56.
317 2536 355 2603 D.
368 2537 420 2618 32,
431 2539 474 2603 30
481 2560 529 2622 pr.
564 2537 673 2603 Labeo
692 2538 775 2602 libro
796 2537 934 2602 seeundo
950 2539 1169 2620 posteriorum

156 2648 176 2691 u
212 2624 364 2690 Iauoleno
402 2628 663 2711 epitomatorum.
700 2663 743 2673 -
785 2627 846 2707 Qui
880 2631 1026 2709 quattuor
1056 2628 1170 2710 poeula

155 2715 313 2794 oleapiuea
344 2715 484 2798 babebat,
515 2717 562 2780 ita
590 2715 715 2798 lepauit:
748 2714 867 2796 ‘poeula
895 2715 1053 2798 oleapiuea
1074 2717 1170 2798 paria

155 2801 237 2869 duo'.
286 2804 429 2884 respoudi
454 2825 553 2869 uuum
576 2825 639 2886 par
667 2806 798 2887 lepatum
825 2824 899 2883 esse,
930 2805 1007 2886 quia
1034 2825 1099 2870 uou
1126 2807 1169 2870 ita

155 2896 246 2957 esset:
269 2891 344 2956 diuo
359 2894 460 2974 paria
481 2913 576 2976 ueqrre
597 2895 660 2958 ita:
679 2894 861 2978 poculorum
873 2895 971 2974 paria
994 2894 1065 2959 duo.
1092 2895 1169 2960 idern

155 2980 377 3047 eumaeum.

428 3075 476 3135 De
499 3075 656 3136 Coriutleir's
677 3079 757 3136 uasis
779 3078 887 3152 tepolis.

246 3184 298 3250 57.
331 3183 369 3248 D.
389 3186 441 3262 32,
462 3185 536 3270 100,
553 3186 582 3250 3.
637 3185 810 3250 Iavolenus
843 3185 928 3251 libro
962 3186 1102 3269 seeundo
1132 3208 1168 3251 ex

156 3274 391 3358 posterioribus
419 3272 588 3339 Labeonis.
621 3312 659 3323 —
691 3273 750 3340 Oui
777 3274 940 3340 Ooriutleio
966 3296 1044 3340 uasa
1073 3277 1168 3360 lepala

157 3367 264 3446 esseut,
286 3383 403 3427 aeneas
427 3361 539 3446 βάσεις
561 3383 678 3445 quoque
699 3385 804 3429 eorum
821 3383 967 3429 rasorum
985 3365 1168 3431 eollooaudo

155 3471 228 3515 rum
259 3471 352 3516 eausa
373 3457 508 3534 paratas
537 3452 637 3517 deberi
666 3452 827 3517 Trebatius
853 3454 1017 3536 respoudit.
1068 3453 1166 3519 Labeo

155 3544 258 3604 autem
280 3540 315 3604 iol
335 3561 399 3604 uou
411 3541 531 3626 prodat,
555 3541 619 3606 nisi
637 3562 750 3608 aeneas
767 3542 881 3626 βάσεις
899 3547 1025 3607 testator
1041 3560 1165 3608 uumero
