2430 3944
474 201 498 248 3.
519 191 736 249 OCTAVENUS

518 442 569 456 ...
593 395 691 455 libri.

182 521 222 582 cf.
236 521 368 580 Ferrini:
389 520 568 580 Rendiconti
582 520 631 580 del
648 520 723 580 istit.
734 520 837 580 Lomb.
848 521 925 580 serie
934 521 966 580 II
981 523 1039 582 vol.
1048 523 1114 584 XX.

95 611 201 671 Libros
239 608 425 670 Octauenum
466 609 668 684 composuisse
707 609 889 685 Pomponius
932 602 987 690 (D.
1011 612 1068 685 30,
1094 616 1111 673 9

95 694 278 779 ‘Octauenus
310 689 459 779 scripsit')
492 700 523 756 et
554 697 701 773 Ulpianus
735 692 785 779 (Ι).
808 701 839 775 9,
863 701 896 777 2,
919 701 974 776 27,
997 701 1048 759 25.
1071 703 1112 761 26

95 782 275 848 ‘Octauenus
304 830 334 847 ..
361 787 455 846 adicit
562 786 643 845 idem
751 779 882 868 scribit')
907 786 953 846 ita
974 778 1117 863 probant,

95 880 127 936 ut
156 895 254 954 neque
282 894 392 935 nomen
418 894 513 951 neque
542 878 753 952 argumentum
781 878 927 951 appareat
954 894 989 935 ac
1015 895 1054 936 ne
1081 877 1113 936 id

95 966 213 1042 quidem
237 967 446 1040 cognoscatur,
468 967 570 1022 utrum
592 966 681 1040 plura
704 965 848 1039 opuscula
867 983 906 1023 an
924 984 1019 1023 unum
1037 984 1112 1042 opus

95 1053 303 1131 composuerit.
335 1053 372 1112 cf.
382 1053 524 1112 Karlowa
537 1052 562 1127 I,
574 1055 647 1114 702.
679 1052 759 1129 quod
779 1053 805 1112 si
819 1072 914 1112 unum
928 1072 1002 1129 opus
1017 1054 1118 1114 fuisse·

95 1146 280 1219 statuamus,
308 1142 442 1201 eiusdem
467 1141 531 1199 fere
558 1142 590 1199 id
617 1142 735 1218 generis
758 1142 853 1202 fuisse
877 1146 1112 1202 consentaneum

95 1235 145 1308 est,
165 1235 256 1308 atque
273 1231 388 1289 Plautii
408 1223 449 1311 (u.
464 1229 543 1288 infra
561 1250 589 1305 p.
606 1221 695 1311 219),
715 1250 783 1289 cum
801 1250 861 1291 non
880 1232 968 1291 modo
988 1232 1024 1290 de
1042 1231 1111 1290 iure

95 1321 185 1394 ciuili,
214 1319 267 1379 sed
294 1319 386 1379 etiam
411 1320 448 1377 de
471 1319 535 1376 iure
558 1319 719 1378 honorario
742 1319 858 1379 dictum
882 1320 930 1380 sit.
976 1323 1111 1380 ceterum

50 1486 52 1488 Ι
94 1409 220 1469 aliorum
242 1408 407 1468 sententias
426 1405 614 1467 Octauenum
632 1409 788 1468 rettulisse
807 1411 838 1468 et
856 1409 1043 1468 examinasse
1062 1409 1110 1468 his

94 1498 163 1557 locis
177 1496 404 1573 comprobatur:
419 1496 454 1554 D.
466 1499 495 1575 7,
509 1498 538 1573 8,
550 1497 600 1575 12,
612 1499 630 1556 6
646 1491 738 1556 ‘idem
752 1499 783 1556 et
794 1495 964 1558 Octauenus
978 1491 1110 1573 probat'.

94 1587 125 1646 lr.
141 1586 263 1646 Dosith.
279 1587 319 1644 12
340 1579 431 1644 ‘sicut
449 1588 481 1643 et
500 1582 670 1645 Octauenus
690 1580 819 1661 probat'.
857 1586 894 1646 D.
910 1588 962 1662 40,
979 1588 1006 1659 9,
1023 1588 1074 1665 30,
1090 1589 1108 1645 2

95 1669 181 1735 ‘idem
201 1673 372 1735 Octauenus
395 1674 505 1750 probat
528 1676 560 1732 et
583 1666 695 1733 adicit'.
737 1674 773 1733 D.
789 1676 818 1752 9,
834 1676 862 1748 2,
879 1676 930 1751 27,
947 1676 987 1735 25
1009 1670 1110 1735 ‘Octa-

94 1783 183 1824 uenus
209 1810 260 1823 ...
284 1756 398 1823 adicit'.

439 1908 467 1963 1.
494 1904 547 1962 Ad
570 1904 627 1963 ins
651 1905 765 1965 ciuile.

349 2015 398 2079 De
420 2015 528 2098 tepetis
549 2020 578 2079 et
597 2015 850 2096 fideicommissis,

181 2123 208 2186 1.
232 2121 272 2185 D.
282 2120 336 2205 30,
346 2122 376 2185 9.
415 2119 504 2184 Idem
529 2117 587 2208 (sc.
600 2119 812 2203 Pomponius)
836 2120 921 2183 libro
945 2119 1042 2184 tertio
1067 2121 1108 2184 ad

95 2208 246 2274 Sabinum
271 2208 321 2291 (P.
334 2206 426 2296 419).
451 2245 488 2255 -
514 2209 552 2273 Id
576 2209 662 2292 quod
686 2208 770 2291 apud
794 2209 906 2272 hostes
931 2213 981 2272 est
1004 2209 1108 2292 legari

94 2321 185 2381 posse
204 2297 388 2363 Octauenus
412 2299 544 2381 scripsit
566 2307 599 2361 et
621 2297 814 2381 postliminii
833 2297 902 2361 iure
922 2297 1106 2363 consistere.

178 2393 214 2452 cf.
231 2391 359 2452 Sabinus
378 2392 413 2449 D.
430 2393 481 2467 90,
498 2393 571 2468 104,
586 2394 614 2450 2.
644 2392 680 2449 de
698 2392 799 2468 legato
814 2409 868 2465 per
882 2390 1107 2451 damnationem

94 2480 232 2558 Sabinus,
256 2477 428 2540 Octauenus
452 2481 488 2539 de
511 2482 613 2558 legato
635 2499 690 2555 per
711 2478 946 2541 vindicationem
969 2480 1020 2539 ait.

178 2575 207 2638 2.
246 2573 287 2636 D.
310 2574 362 2651 36,
388 2574 416 2652 1,
440 2573 482 2637 69
493 2594 540 2656 pr.
594 2571 716 2637 Valens
753 2572 837 2636 libro
870 2572 968 2636 tertio
1001 2572 1105 2638 Fidei·

94 2663 336 2728 commissorum
358 2660 406 2747 (P.
423 2658 488 2747 12).
513 2697 555 2708 —
578 2659 612 2725 Si
634 2661 820 2745 postulante
844 2683 895 2724 me
920 2666 1104 2746 suspectam

94 2751 302 2816 hereditatem
320 2773 359 2814 ex
377 2751 504 2815 decreto
523 2749 684 2832 praetoris
705 2749 821 2813 adieris
839 2771 899 2813 nec
913 2770 973 2834 ego
988 2755 1105 2835 postea

94 2862 161 2905 eam
185 2840 268 2904 mihi
289 2840 419 2903 restitui
442 2839 540 2902 uelim
562 2860 621 2902 nec
644 2838 738 2902 bonis
757 2860 809 2902 me
827 2838 1018 2922 immiscere,
1041 2841 1104 2905 hoc

94 2929 158 2993 fieri
177 2928 281 3007 debet,
299 2931 345 3010 ut,
364 2928 450 3012 quod
469 2925 633 2992 Octaueno
716 2926 895 3005 uidebatur,
915 2949 934 2990 a
952 2932 1103 3012 praetore

94 3018 219 3100 perinde
248 3017 392 3081 actiones
415 3017 448 3079 in
472 3037 523 3079 me
547 3015 677 3098 dentur,
705 3037 742 3079 ac
766 3017 793 3079 si
817 3016 1032 3082 hereditatem
1054 3040 1103 3082 re·

94 3107 254 3190 cepissem.
725 3184 727 3190 y

177 3200 289 3260 Valens
312 3198 397 3257 addit
420 3192 512 3273 ‘quod
535 3202 583 3257 est
604 3193 734 3257 iustius'.

425 3352 474 3417 De
497 3353 633 3418 tubertate
654 3353 768 3418 relicta.

179 3461 208 3526 3.
244 3460 283 3526 D.
301 3461 354 3544 40,
371 3462 402 3537 4,
422 3461 473 3537 61,
493 3461 521 3524 2.
578 3459 774 3543 Pomponius
812 3462 895 3525 libro
932 3460 1100 3524 undecimo

97 3547 309 3633 Epistularum
334 3549 382 3637 (P.
397 3547 486 3636 200).
512 3585 550 3595 -
577 3597 606 3614 ..
631 3549 814 3614 Octauenus
838 3549 958 3633 aiebat,
978 3549 1010 3613 si
1029 3548 1105 3633 uuis

839 3654 896 3710 14*
