2430 3944
441 121 468 170 t
487 113 517 169 G.
531 112 678 169 casslus
695 111 881 168 LONGINUS
1128 113 1171 178 39

244 280 337 342 Cassii
361 281 545 342 definitionis
569 280 787 341 aTrihoniauo
810 281 841 340 in
864 282 963 353 breve,
986 284 1021 340 ut
1042 282 1171 358 videtur,

171 375 272 432 uacuo
304 372 474 432 Mommsen
509 371 586 430 hanc
621 370 685 429 fere
721 370 883 446 genuinam
917 371 1045 429 formam
1077 372 1170 431 fuisse

170 460 273 521 maisit:
305 453 430 520 ‘fratres
462 462 493 520 et
524 477 641 519 sorores
673 479 710 518 ex
741 459 845 518 eodem
876 462 962 534 patre
990 454 1082 534 quia?
1132 461 1171 521 cf.

171 548 264 626 Ulpir.
272 551 348 626 26,1
363 543 594 609 ‘Intestatorum
607 548 808 623 ingenuorum
822 547 1004 608 hereditates
1019 549 1171 624 pertinent

170 637 284 715 primum
307 638 347 697 ad
369 657 440 698 suos
463 637 589 697 heredes
681 637 706 696 si
729 636 777 695 aui
798 637 924 696 heredes
946 654 1007 695 non
1030 640 1108 714 sunt,
1132 636 1170 696 ad

57 741 62 751 ·
171 727 405 804 comanguineos‚
432 726 464 786 id
487 729 534 786 est
555 727 664 785 fratres
689 727 720 783 et
743 743 860 785 sorores
884 745 919 784 ex
943 725 1047 784 eodem
1069 729 1170 804 patre;

171 815 257 876 tinec
278 816 311 874 hi
333 818 414 891 sunt,
437 815 475 874 ad
493 815 624 891 reliquos
644 817 770 890 agnatos
792 813 943 889 proximos
963 808 1026 874 ...’
1064 814 1171 874 Collat.

171 905 213 980 16,
221 906 275 981 o‚1
300 904 386 964 Idem
409 896 464 984 (sc.
479 895 572 984 Uip).
609 897 695 963 ‘Post
718 921 788 962 suos
812 904 850 962 ab
873 903 1018 962 intestato
1040 902 1172 980 legitimi

170 993 370 1070 admittuntur,
398 992 530 1069 primum
552 991 766 1069 consanguinei
789 1034 797 1050 .
820 986 1077 1069 (consanguinei)
1101 996 1173 1051 sunt

171 1081 249 1140 deur
275 1084 306 1140 et
331 1099 430 1154 soror,
457 1081 508 1157 qui
530 1080 563 1139 in
585 1079 721 1139 eiusdem
742 1083 895 1156 potestate
917 1081 1015 1156 patris
1038 1081 1172 1155 fuerunt,

105 1212 108 1217 -
171 1169 217 1228 etsi
245 1188 281 1229 ex
312 1170 439 1230 diversis
470 1169 618 1230 matribus
650 1169 716 1227 nati
747 1172 826 1228 sunt.
876 1170 1112 1245 consanguineos
1141 1173 1172 1228 et

169 1256 276 1335 adoptio
307 1259 382 1319 iacit
414 1261 445 1318 et
477 1258 633 1336 adrogatio
665 1251 741 1336 <et>
775 1276 883 1317 causae
912 1257 1052 1334 probatio
1081 1261 1112 1317 et
1140 1259 1172 1317 in

170 1364 278 1406 uanum
299 1340 478 1408 conventio?

321 1479 367 1536 Dc
383 1481 531 1536 hereditate
549 1485 614 1536 octe
631 1448 776 1535 entim
793 1480 826 1534 in
843 1481 903 1535 iure
921 1496 1002 1536 cesso

245 1585 308 1648 (iai
323 1588 357 1663 3,
372 1588 413 1647 85
444 1630 473 1645 ..
500 1586 526 1646 si
548 1585 717 1663 legitimam
738 1584 938 1644 hereditatem
960 1584 1060 1662 heres,
1088 1589 1173 1646 ante·

170 1693 247 1750 quam
276 1678 380 1735 cernat
412 1678 467 1735 aut
492 1694 547 1751 pro
574 1674 684 1745 herede
712 1673 812 1752 gerat,
844 1674 897 1732 alii
924 1674 955 1732 in
982 1673 1046 1733 inre
1075 1675 1172 1748 cedat,

170 1763 244 1838 pleno
265 1764 330 1823 iure
353 1764 389 1823 fit
411 1764 462 1823 ille
484 1764 585 1838 heres,
611 1763 659 1822 cui
682 1781 766 1822 cessa
788 1765 835 1822 est
857 1763 1022 1838 hereditas,
1045 1764 1171 1839 proinde

172 1869 201 1910 ac
218 1853 243 1911 si
262 1852 327 1928 ipse
348 1871 404 1929 per
425 1853 525 1929 legem
548 1852 587 1911 ad
608 1851 808 1911 hereditatem
832 1854 996 1911 vocaretur.

248 1954 296 2018 12.
320 1952 391 2018 Gai.
401 1954 432 2038 3,
442 1953 494 2019 87.
516 1989 553 2000 -
576 1951 660 2017 Suus
680 1957 788 2017 autem
807 1956 840 2016 et
857 1952 1058 2017 necessarius
1078 1951 1171 2017 heres

170 2063 207 2105 an
234 2043 354 2127 aliquid
387 2047 487 2128 agant
513 2042 549 2106 in
576 2043 646 2107 iure
679 2041 820 2106 cedendo
848 2042 1021 2125 quaeritur.
1067 2042 1173 2105 nostri

168 2137 381 2216 praeceptores
404 2131 487 2195 nihil
511 2152 566 2196 eos
590 2151 686 2215 agere
709 2130 906 2194 existimant.

366 2287 412 2342 Dc
429 2288 531 2343 cedite
549 2305 568 2343 a
584 2288 687 2342 motari
703 2288 822 2342 debitore
835 2287 961 2356 petendo.

245 2388 297 2454 13.
324 2387 364 2452 D.
378 2387 412 2470 5,
429 2390 531 2471 1,28,
546 2388 577 2453 5.
621 2385 742 2451 Paulus
770 2386 855 2451 libro
884 2387 1022 2469 septimo
1047 2385 1171 2450 decimo

164 2474 198 2539 ad
219 2475 386 2541 Plautium
409 2475 459 2563 (P.
476 2474 585 2561 1232).
608 2511 650 2521 -
675 2472 710 2539 si
738 2480 833 2560 pater
857 2474 1000 2538 familias
1025 2477 1171 2538 mortuus

164 2568 242 2629 esset
268 2565 383 2630 relicto
409 2588 474 2630 uno
503 2565 570 2630 filio
598 2570 631 2628 et
653 2585 753 2628 uxore
776 2568 968 2648 praegnata,
995 2585 1062 2626 non
1084 2566 1173 2627 recte

162 2651 241 2717 filius
274 2676 294 2718 a
326 2654 527 2719 debitoribus
560 2657 687 2737 partem
720 2652 886 2716 dimidiam
919 2651 1032 2716 crediti
1061 2655 1171 2734 petere

162 2745 274 2825 petest,
287 2744 434 2825 quamvis
443 2746 559 2828 postea
573 2763 656 2806 unus
666 2741 754 2805 filius
764 2744 861 2805 natus
872 2742 916 2804 sit
931 2739 1021 2824 [quia
1030 2747 1173 2820 poterant

162 2830 265 2914 plures
293 2832 398 2913 nasci,
426 2852 499 2896 cum
526 2852 584 2913 per
611 2851 721 2894 rerum
747 2833 898 2894 naturam
922 2833 1044 2892 certum
1072 2829 1173 2892 fuerit

162 2939 257 2983 unum
270 2918 389 3001 nasci].
421 2920 476 2984 sed
489 2918 630 2984 Sabinus
646 2916 778 2982 Cassius
793 2921 919 3001 partem
939 2920 1089 3000 quartam
1103 2917 1172 2999 peti

162 3006 315 3090 debuisse,
335 3009 411 3092 quia
431 3010 591 3073 incertum
611 3011 705 3089 esset,
724 3029 767 3070 an
786 3010 853 3070 tres
872 3009 1081 3070 nascerentur
1099 3007 1172 3085 [nee

161 3116 262 3161 rerum
285 3102 438 3161 naturam
460 3096 659 3177 intuendam,
682 3096 715 3159 in
734 3117 798 3179 qua
817 3095 925 3160 omnia
945 3099 1033 3159 certa
1052 3096 1172 3175 essent,

161 3203 229 3248 oum
257 3184 368 3250 futura
394 3186 507 3270 utique
539 3185 669 3268 fierent,
701 3184 757 3248 sed
788 3187 935 3248 nostram
967 3182 1171 3247 inscientiam

161 3274 260 3356 aspici
284 3273 425 3360 debere}

246 3385 328 3456 Quae
351 3387 436 3446 uncia
460 3386 577 3463 inclusi,
599 3404 697 3462 neque
714 3385 850 3443 veterum
872 3401 969 3459 neque
992 3381 1081 3441 Pauli
1104 3398 1169 3438 esse

160 3469 223 3534 iure
246 3478 349 3535 censet
371 3474 505 3535 Pernice.
547 3476 584 3534 cf.
607 3473 677 3532 112
702 3493 729 3549 p.
750 3474 825 3532 581.
