2430 3944
196 179 229 235 ΙΙ.
248 177 488 233 INGERTORUM
507 177 738 234 SENTENTIAE
757 179 803 233 ΕΤ
821 179 927 235 nram.
1004 182 1068 246 561

52 342 203 428 quidam,
231 342 351 425 inquit,
378 345 509 426 putant,
532 342 695 426 peculium
723 364 833 408 servus
863 343 981 409 habere
1005 367 1067 410 non

50 433 163 516 potest
184 430 248 494 nisi
272 429 464 494 concedente
489 430 628 495 domino.

146 519 219 584 162.
264 519 303 584 Ι).
329 518 380 600 15,
410 520 438 602 1,
465 520 518 584 42.
563 519 654 584 Idem
687 519 743 604 (so.
777 518 952 608 Ulpianus)
986 522 1070 588 libro

51 608 244 673 duodecimo
269 608 308 671 ad
333 608 482 673 edictum.
506 646 549 656 —
572 608 610 672 In
635 607 861 693 adrogatorem
885 609 923 674 de
942 611 1070 694 peculio

53 698 217 762 actionem
241 695 380 762 dandam
404 696 535 780 quidam
559 746 589 763 ..
612 700 739 780 putant.

42 898 45 902 λ
143 809 180 869 u.
204 808 245 886 u,
270 811 287 867 1
311 829 340 885 p.
365 809 438 868 573.

482 944 638 1010 Munduti.

149 1060 221 1125 163.
266 1059 307 1124 Ι).
336 1062 388 1145 17,
416 1063 445 1141 1,
475 1062 504 1126 3.
550 1060 671 1125 Paulus
698 1060 782 1125 libro
805 1062 997 1146 trigensimo
1022 1085 1069 1127 se-

56 1150 160 1215 eundo
185 1149 224 1214 ed
248 1150 395 1213 edictum.
423 1185 460 1196 -
487 1147 654 1234 (Mandavi
677 1149 752 1231 tibi,
777 1152 812 1214 nt
835 1150 979 1235 aliquam
1002 1174 1070 1216 rem

56 1239 137 1305 mihi
169 1233 316 1324 emeres.)
361 1239 445 1322 quod
480 1239 507 1302 si
538 1239 680 1322 pretium
713 1238 812 1303 statui
839 1241 939 1324 tuque
967 1240 1069 1323 pluris

56 1328 173 1412 emisti,
192 1327 323 1411 quidam
337 1331 537 1411 negaverunt
555 1331 588 1390 te
603 1327 748 1391 mandati
766 1327 886 1391 babere
901 1329 1071 1413 actionem,
1168 1386 1171 1391 .

58 1417 186 1482 etiamsi
209 1420 343 1498 paratus
367 1436 454 1480 esses
477 1415 510 1479 id
534 1417 619 1500 quod
643 1415 766 1481 excedit
788 1417 960 1482 remittere.

94 1548 104 1563 .
146 1519 182 1579 11
206 1536 297 1594 supra
319 1539 348 1595 p.
373 1519 446 1578 150.

102 1687 105 1692 ,
148 1620 221 1685 164.
268 1618 308 1683 D.
338 1619 389 1703 17,
419 1619 580 1707 1‚22„1.
626 1619 748 1683 Paulus
771 1619 856 1685 libro
880 1621 1070 1706 brigensimo

57 1709 197 1774 secundo
222 1707 262 1772 ad
285 1708 433 1772 edictum.
455 1745 500 1755 -
598 1711 775 1771 tractatum
799 1714 859 1792 est,
882 1709 919 1790 11,
942 1732 1013 1774 cum
1037 1712 1071 1774 in

58 1798 141 1863 diem
166 1797 325 1881 deberem,
353 1796 510 1861 mandatu
529 1818 601 1860 meo
625 1797 661 1859 in
694 1795 779 1859 diem
811 1797 1007 1863 fideiusseris
1038 1806 1072 1864 et

57 1890 132 1951 ante
155 1885 240 1949 diem
256 1885 401 1968 solveris,
415 1907 455 1949 en
471 1885 584 1949 1111111
597 1884 718 1948 habeas
733 1884 877 1949 mandati
901 1886 1072 1950 actionem.

57 1980 90 2040 et
121 1973 254 2060 quidam
285 1977 404 2057 putant
435 1977 636 2057 praesentem
665 1973 792 2058 quidem
825 1995 895 2037 1111
928 1975 1072 2039 mandati

57 2064 228 2144 actionem,
242 2062 298 2126 aed
312 2064 397 2127 tanti
412 2064 577 2145 minorem,
596 2063 710 2147 quanti
729 2083 800 2126 mea
818 2063 948 2127 intersit
962 2084 1072 2147 super-

56 2153 207 2218 veniente
230 2151 280 2215 die
305 2152 447 2216 solutum
470 2151 582 2216 fuisse.

357 2319 408 2383 De
429 2320 591 2385 collatione
612 2281 769 2384 bonorum.

150 2443 237 2509 165?
278 2442 317 2509 D.
342 2445 394 2527 37,
409 2445 438 2524 6,
453 2444 483 2509 8.
525 2443 727 2527 Papinianus
744 2443 828 2507 libro
848 2444 947 2509 tertio
966 2444 1073 2520 Quae-

56 2535 211 2601 stionum.
240 2569 283 2580 -
308 2583 337 2598 ..
365 2532 495 2617 quidam
528 2533 630 2596 filium
662 2532 916 2615 emancipatum,
949 2535 1002 2617 qui
1033 2534 1072 2598 de

55 2624 155 2689 bonis
184 2621 387 2687 conferendis
415 2642 529 2687 cavere
552 2621 707 2685 fratribus
731 2620 850 2703 noluit,
878 2622 1072 2687 audiendum

57 2717 175 2798 postea
198 2714 402 2794 putaverunt,
425 2710 453 2775 si
472 2709 570 2775 vellet
584 2711 695 2774 oblata
713 2709 862 2774 11111111
882 2710 1072 2776 beneficium

56 2820 277 2886 possessionis
301 2821 456 2864 exercere.

384 2967 435 3033 De
456 2968 543 3033 bouis
565 2967 748 3032 libertorum.

152 3093 225 3158 166.
257 3091 376 3157 Incerti
409 3092 548 3157 auctoris
580 3091 696 3176 fragm.
727 3090 835 3158 Berol.
862 3090 896 3156 Π
924 3088 1072 3176 (collect.

57 3185 133 3249 libr.
143 3181 194 3246 ΙΙΙ
208 3204 238 3266 p.
250 3177 339 3269 299).
358 3217 394 3229 -
412 3229 437 3245 ..
452 3201 525 3244 cum
539 3180 610 3262 lege
625 3179 774 3245 debonis
789 3180 947 3264 rebusque
961 3200 1072 3244 eorum

57 3271 229 3337 hominum
256 3271 305 3334 ita
332 3271 382 3334 ius
407 3269 512 3334 dicere
534 3268 687 3333 iudicium
715 3268 846 3333 reddere
869 3270 1002 3351 praetor
1025 3268 1071 3331 iu-

59 3363 185 3443 beatur,
208 3363 245 3424 ut
264 3381 301 3423 ea
318 3359 409 3442 fiant,
433 3379 514 3442 quae
532 3357 643 3421 futura
660 3358 778 3439 forent,
801 3357 829 3421 si
852 3356 1071 3420 dediticiorum

59 3469 195 3514 numero
214 3448 293 3512 facti
311 3469 377 3512 non
399 3450 516 3530 essent,
538 3446 714 3528 videamus,
737 3467 777 3509 ne
801 3445 907 3520 verius
926 3445 970 3509 111
987 3444 1073 3529 qnod

61 3537 196 3624 quidam
220 3540 390 3602 senserunt
413 3540 445 3599 et
468 3535 507 3598 de
529 3535 687 3599 universis
706 3533 799 3598 bonis
819 3533 908 3597 etde
929 3533 1077 3617 singuiis.

113 3651 212 3699 Inrispr.
227 3651 344 3691 antehedr.
359 3650 409 3691 rell.
423 3651 458 3691 cd.
472 3651 571 3691 Bremer.
592 3651 653 3703 11,a.
831 3636 886 3690 36
1009 3629 1015 3636 ¹
