2430 3944
102 152 145 216 90
172 153 218 208 Ill.
234 152 309 208 GAll
325 153 472 210 CLAUDII
485 155 1117 214 NERON.GALBAsTEMe.1uss1800N8.

433 341 541 400 Liber
563 339 784 401 XV—XXIV?

428 449 472 503 De
490 449 652 504 senodocio
670 451 785 504 actione

189 551 241 614 24.
265 549 304 615 D.
321 550 372 630 14,
388 551 417 626 1,
429 552 456 632 1,
467 549 496 613 9.
530 548 689 631 Ulpianus
704 549 790 614 libro
805 549 984 616 vicensimo
1000 553 1113 616 octavo

100 639 141 704 ad
169 640 307 703 edictum
333 635 382 723 (P.
402 638 491 719 816).
513 673 559 684 -
582 639 765 722 ..quaerit
788 637 918 722 Ofilius,
946 639 975 703 si
1005 639 1046 703 sd
1068 660 1114 705 re·

98 728 268 792 ficiendam
290 748 406 791 navem
431 730 598 790 mutuatus
621 748 772 790 nummos
792 726 826 791 in
846 747 922 792 suos
940 748 1020 792 usus
1040 749 1110 793 con·

99 816 232 881 verterit
254 812 312 901 (sc.
336 811 523 901 magister),
546 837 588 878 an
611 815 644 878 in
667 815 878 880 exercitorum
901 815 995 880 detur
1018 816 1109 881 actio.

99 911 131 970 et
155 906 210 990 ait,
234 903 262 968 si
284 905 345 968 hac
363 905 435 987 lege
454 905 578 988 accepit
597 904 690 987 quasi
707 904 741 968 in
760 925 876 968 navem
894 903 1109 988 impensurus,

99 1016 174 1060 mox
197 992 337 1058 mutavit
359 993 575 1075 voluntatem,
598 991 702 1056 teneri
728 993 936 1057 exercitorem
962 993 1112 1078 [impute-

101 1088 209 1147 turum
230 1082 303 1163 sibi,
329 1103 385 1146 cur
403 1082 502 1146 talem
520 1080 774 1164 praeposuerit]3
799 1081 884 1164 quod
903 1080 932 1146 si
955 1082 997 1146 ab
1021 1081 1112 1147 initio

100 1171 271 1237 consilium
291 1171 378 1254 cepit
395 1169 568 1234 fraudandi
587 1169 754 1234 creditoris
780 1171 826 1250 [et
849 1169 911 1235 hoe
929 1169 1114 1254 specialiter

98 1282 163 1325 non
184 1259 385 1342 expresserit,
409 1258 494 1342 quod
514 1259 553 1322 ad
572 1257 665 1322 navis
685 1280 816 1322 causum
835 1257 977 1343 accipit],
1000 1263 1114 1325 contre

101 1370 185 1433 esse,
208 1369 306 1431 quum
330 1346 573 1411 distinctionem
596 1346 714 1410 Pedius
737 1347 865 1430 probat.

186 1468 284 1526 msere
308 1439 341 1527 zJ
364 1467 391 1526 o.
415 1467 541 1527 stu-st.
563 1466 677 1545 xvm,
701 1469 751 1528 20.

435 1627 479 1683 Dc
496 1628 647 1683 astatoria
665 1629 779 1683 actione.

187 1729 239 1794 25.
262 1728 302 1794 D.
319 1729 414 1812 14,4‚
431 1728 504 1811 1,1.
540 1727 700 1811 Ulpianus
724 1727 809 1792 libro
832 1728 1007 1793 vicensimo
1027 1750 1116 1794 nono

97 1818 137 1881 ad
165 1818 305 1883 edictum
333 1815 383 1904 (P.
402 1813 492 1903 836).
519 1852 562 1863 -
591 1816 682 1882 Licet
709 1816 824 1881 merois
853 1815 1034 1900 appellatio
1064 1839 1120 1882 an·

98 1907 225 1991 gustior
244 1907 296 1990 sit,
315 1911 351 1970 ut
368 1927 472 1990 neque
492 1906 532 1969 ad
552 1928 661 1970 servos
676 1905 814 1969 fullones
830 1907 880 1969 vel
895 1904 1118 1971 sarcinatores

98 1995 149 2058 vel
172 1998 315 2060 textores
338 1994 390 2059 vel
413 1995 637 2059 venaliciarios
661 1994 836 2078 pertineat,
864 1999 973 2058 tamen
997 1992 1117 2060 Pedius

97 2083 181 2148 libro
215 2085 328 2169 quinto
361 2082 482 2148 decimo
517 2082 631 2147 scribit
663 2084 703 2147 ad
734 2103 845 2145 omnes
873 2082 1117 2167 negotiationes

96 2173 327 2258 porrigendum
350 2173 499 2237 edictum.

185 2262 237 2326 26.
262 2261 300 2325 D.
317 2261 367 2342 14,
381 2263 411 2341 4,
428 2263 456 2339 7,
473 2262 501 2326 1.
537 2258 697 2343 Ulpianus
721 2259 805 2324 libro
826 2259 1005 2323 vicensimo
1025 2281 1115 2325 nono

97 2350 136 2413 ad
166 2349 305 2414 edictum
330 2345 379 2434 (P.
399 2347 488 2433 845).
503 2385 556 2414 ,-
579 2348 662 2424 Quid
684 2349 761 2414 ..si
790 2348 937 2413 dominus
966 2349 1114 2413 tribuere

95 2438 179 2502 nolit
206 2458 265 2501 nec
291 2436 375 2501 hano
402 2438 585 2501 molestiam
614 2437 789 2520 suscipere,
819 2436 874 2499 sed
903 2436 1033 2518 peculio
1062 2438 1113 2501 vel

96 2525 253 2589 mercibus
287 2526 398 2589 cedere
431 2531 563 2610 paratus
593 2525 659 2590 sit?
709 2524 825 2589 Pedius
854 2524 953 2588 refert
982 2525 1114 2590 audien·

98 2613 174 2678 dum
198 2636 280 2677 eum.

518 2700 562 2754 De
575 2701 691 2768 peculio.

185 2800 236 2864 27.
261 2799 299 2865 D.
316 2799 367 2882 15,
384 2803 411 2882 l,
426 2801 456 2880 3,
470 2800 499 2864 3.
541 2798 702 2882 Ulpianus
721 2800 806 2864 libro
825 2799 1002 2863 vicensimo
1023 2820 1112 2864 nono

97 2888 137 2952 ad
174 2888 314 2952 edictum
348 2887 397 2972 (P.
423 2885 527 2975 850l').
562 2924 601 2935 -
635 2887 752 2952 Pedius
790 2887 889 2952 etiam
925 2887 1112 2970 impuberes

96 2976 244 3042 dominos
272 2977 311 3042 de
334 2977 459 3061 peculio
483 2977 624 3062 obligari
647 2977 707 3060 uit3
732 2999 798 3042 non
822 2975 908 3040 euim
932 2996 1006 3040 cum
1030 2975 1112 3058 ipsis

94 3065 316 3148 impuberibus
332 3065 543 3148 contrahitur,
557 3070 593 3129 ut
607 3064 726 3129 tutoris
737 3065 964 3130 auctoritatem
975 3068 1112 3148 spectes.

95 3153 180 3218 idem
209 3154 308 3219 adicit
334 3155 495 3238 pupillum
520 3175 585 3218 non
610 3174 705 3237 posse
730 3175 822 3218 servo
846 3152 1011 3237 peculium
1034 3174 1112 3219 con-

97 3242 229 3307 stituere
253 3265 312 3308 neo
336 3243 454 3308 tutoris
479 3242 680 3307 auctoritate.

184 3332 237 3398 28.
259 3330 298 3396 Ι).
315 3331 366 3409 15,
382 3334 410 3413 1,
426 3334 454 3408 7,
470 3333 499 3396 3.
540 3329 700 3413 Ulpianus
724 3330 807 3395 libro
827 3327 1004 3394 vicensimo
1022 3351 1111 3394 nono

96 3421 135 3485 ad
159 3420 299 3484 edictum
323 3418 372 3507 (P.
388 3417 492 3506 8521’).
513 3455 551 3466 —
571 3417 736 3503 Pupillum
752 3468 759 3483 .
774 3468 781 3482 .
797 3422 866 3483 tam
888 3417 992 3482 filium
1011 3439 1110 3502 quam

96 3531 221 3574 servum
254 3510 415 3592 peculium
447 3509 568 3574 habere
600 3529 695 3591 posse
728 3507 846 3572 Pedius
878 3507 962 3571 libro
995 3507 1110 3590 quinto
