2430 3944
381 209 406 258 9.
426 199 577 257 CAELIUS
597 200 750 256 SABINUS
1007 202 1073 268 253

57 388 130 432 eum
159 366 311 432 dominus
339 366 518 450 reciperare
545 386 611 430 non
635 365 752 450 possit,
780 365 947 450 multoque
970 368 1075 452 magis

57 456 149 521 illum
172 454 348 558 fugitivum
372 475 443 519 esse
466 455 523 538 qui
546 476 584 519 eo
608 475 643 518 se
666 453 826 538 conferat,
851 455 935 520 unde
960 456 1076 522 abduci

56 567 122 610 non
144 548 522 714 idsslliibid.§15.-
542 631 638 715 Apud
662 628 807 696 Caelium
831 631 989 716 scriptum
1014 638 1077 698 ests

57 722 169 787 liberti
193 722 278 806 apud
297 725 472 806 patronum
490 720 670 785 habitantis
691 720 747 803 sic,
768 725 806 785 ut
824 722 884 786 sub
904 743 970 786 una
988 723 1078 787 clave

58 815 131 876 tota
159 810 228 875 eius
251 810 412 876 habitatio
436 813 536 894 esset,
564 831 675 874 servus
700 831 738 874 ea
761 814 869 874 mente
893 831 934 874 ne
956 811 1078 877 rediret

58 899 99 964 ad
131 921 221 980 eum,
257 903 350 964 extra
381 898 618 964 habitationem
651 898 761 963 liberti
792 898 868 978 fuit,
902 899 958 963 sed
990 900 1079 965 intra
1170 977 1174 986 ι

59 988 155 1053 aedes
177 989 319 1073 patroni,
343 991 376 1052 et
398 991 470 1053 tota
493 991 587 1053 nocte
612 987 755 1052 oblituit:
779 986 883 1052 videri
905 1009 975 1053 esse
994 988 1078 1074 fugi·

57 1077 163 1141 tivum
183 1075 312 1143 (laelius
336 1078 393 1141 ait.
438 1077 533 1160 plane
557 1077 586 1140 si
608 1076 707 1141 talem
730 1076 911 1141 custodiam
930 1099 969 1141 ea
986 1077 1079 1142 habi·

58 1165 143 1231 tatio
167 1187 236 1231 non
258 1165 374 1230 habuit
396 1168 430 1230 et
451 1165 487 1229 in
510 1187 548 1230 ea
572 1163 654 1229 cella
676 1165 814 1230 libertus
831 1164 1004 1246 habitavit,
1027 1167 1079 1232 cui

59 1276 231 1320 commune
264 1260 297 1319 et
323 1254 545 1338 promiscuum
572 1253 716 1338 plurium
744 1254 900 1319 cellarum
927 1255 990 1319 iter
1018 1260 1079 1339 est,

59 1347 174 1409 contra
196 1343 324 1427 placere
349 1343 465 1407 debere
489 1340 617 1407 Caelius
642 1344 690 1407 ait
713 1347 746 1406 et
768 1342 877 1408 Labeo
900 1345 1026 1429 probat.

146 1437 185 1497 of.
205 1437 352 1498 Proculus
375 1436 412 1497 D.
427 1440 479 1515 21,
496 1439 525 1513 1,
541 1440 591 1513 17,
606 1439 627 1496 4
642 1454 735 1513 supra
747 1458 776 1514 p.
793 1439 865 1499 108.

152 1540 202 1603 17.
231 1538 273 1605 D.
287 1539 364 1603 ibid.
378 1540 399 1619 ξ
415 1538 466 1603 16.
490 1575 533 1584 -
556 1537 647 1603 Idem
670 1537 800 1604 Caelius
824 1540 870 1605 ait
893 1562 1021 1605 servum
1044 1541 1079 1604 in

60 1627 262 1712 provinciam
282 1628 419 1692 missum
438 1650 458 1692 a
476 1627 618 1711 domino,
641 1649 715 1693 cum
734 1650 807 1692 oum
827 1632 990 1694 mortuum
1009 1651 1080 1694 esse

61 1721 93 1781 et
110 1719 311 1781 testamento
332 1737 366 1781 se
384 1717 523 1781 liberum
542 1715 691 1780 relictum
711 1715 855 1781 audisset
873 1722 906 1782 et
919 1718 952 1781 in
968 1717 1081 1783 eodem

62 1805 169 1870 officio
202 1805 438 1889 permansisset
468 1809 661 1888 tantumque
689 1826 748 1888 pro
777 1805 878 1871 libero
908 1827 942 1870 se
970 1827 1081 1890 gerere

61 1895 232 1977 coepisset,
250 1893 337 1959 hunc
355 1916 421 1959 non
438 1915 510 1958 esse
531 1893 720 1978 fugitivum3
739 1914 793 1959 nec
810 1896 893 1959 enim
911 1897 1082 1960 mmtiendo

61 2003 94 2048 se
117 1983 258 2066 itteram,
280 1982 397 2067 inquit,
418 1981 571 2066 supitivas
592 2002 655 2047 esse
677 1983 782 2068 eoepit,
803 1984 879 2065 quw
901 1985 969 2048 sine
988 1986 1083 2066 sapae

60 2072 189 2137 musitio
212 2073 248 2136 id
266 2070 348 2152 fecit.
728 2084 730 2088 ’

151 2161 204 2226 18.
228 2159 267 2224 Ι).
282 2161 335 2243 21,
352 2163 380 2244 1,
395 2160 448 2243 65,
462 2162 492 2225 2.
529 2158 707 2225 Venuleius
731 2160 815 2225 libro
838 2161 950 2244 quinto
972 2162 1082 2226 Actio-

60 2272 139 2313 num
168 2245 221 2336 (P.
238 2244 284 2336 2).
308 2286 351 2295 -
375 2248 494 2314 Servus
522 2256 591 2313 tam
618 2253 783 2314 veterator
811 2271 908 2334 quam
935 2249 1083 2314 novicius

63 2338 127 2402 dici
150 2340 271 2421 potest.
308 2337 363 2402 sed
384 2340 600 2403 veteratorem
618 2358 686 2402 non
706 2337 813 2422 spatio
833 2336 1004 2422 serviendi,
1027 2338 1083 2403 sed

61 2448 181 2512 genere
211 2431 244 2491 et
272 2448 371 2491 causa
399 2426 637 2491 aestimandum
661 2425 790 2491 (laelius
818 2428 878 2511 ait3
906 2448 984 2491 nam
1012 2429 1083 2513 qui-

62 2537 203 2599 cumque
233 2537 272 2579 ex
300 2515 459 2581 venalicio
487 2516 689 2580 noviciorum
717 2519 845 2600 emptus
870 2514 966 2581 alicui
990 2517 1082 2581 mini·

62 2606 164 2670 sterio
183 2605 390 2688 praepositus
410 2605 463 2688 sit,
486 2605 599 2668 statim
618 2626 690 2668 eum
711 2608 931 2670 veteratorum
949 2626 1083 2671 numero
1196 2653 1199 2658 ·

61 2715 147 2777 esse,
180 2693 342 2758 novicium
371 2696 480 2758 autem
507 2715 573 2758 non
600 2693 751 2758 tirocinio
779 2693 892 2777 animi,
925 2694 981 2758 sed
1010 2715 1084 2759 con-

60 2783 189 2848 dicione
228 2782 395 2846 servitutis
431 2782 588 2866 intellegi.
642 2803 701 2846 nec
738 2782 779 2847 ad
813 2804 881 2847 rem
914 2783 1084 2866 pertinere,

61 2871 180 2936 Latine
210 2873 294 2935 sciat
318 2892 378 2935 nec
401 2893 456 2955 ne,
482 2871 559 2936 nec¹
583 2870 624 2935 ob
648 2871 681 2935 id
704 2874 919 2936 veteratorem
943 2893 1028 2953 esse,
1056 2874 1083 2936 si

61 2959 256 3024 liberalibus
280 2958 395 3023 studiis
420 2960 565 3025 cruditus
590 2961 641 3024 sit.

156 3049 207 3112 19.
242 3046 324 3111 Gell.
343 3049 373 3131 6,
392 3050 422 3131 4,
444 3050 537 3113 1-3.
568 3084 606 3095 -
636 3048 790 3112 Pilleatos
824 3070 934 3114 servos
966 3071 1084 3113 venum

63 3137 183 3202 solitos
212 3137 272 3219 ire,
302 3159 440 3220 quorum
465 3139 595 3201 nomine
619 3137 767 3202 venditor
788 3137 871 3201 nihil
895 3141 1085 3222 praestaret,

63 3224 197 3291 Caelius
222 3223 363 3290 Sabinus
386 3225 467 3290 iuris
490 3226 614 3311 peritus
638 3227 793 3311 scriptum
817 3227 957 3312 reliquit.
993 3226 1084 3290 cuius

62 3315 114 3378 rei
133 3336 264 3379 causam
279 3336 349 3379 esse
365 3314 421 3398 ait,
435 3315 520 3399 quod
538 3315 695 3380 eiusmodi
710 3314 908 3380 condicionis
923 3315 1086 3398 mancipia

62 3403 208 3488 insignia
227 3425 297 3467 esse
316 3403 350 3467 in
370 3403 540 3468 vendundo
561 3403 723 3487 deberent,
741 3407 778 3468 ut
797 3408 958 3487 emptores
977 3424 1085 3467 errare

141 3583 155 3629 1
175 3578 205 3632 F
205 3579 222 3634 l.
241 3593 316 3632 nam.
