2430 3944
449 118 472 168 7.
491 111 679 170 Paoounus
1006 116 1072 179 149

59 302 64 309 ·
101 296 152 339 nea
174 273 315 358 interest,
349 278 471 360 quanto
504 276 545 340 ob
575 276 611 341 'id
644 276 783 342 deterior
815 282 877 362 est,
910 283 943 343 et
975 302 1072 365 quam

99 363 222 428 sotionem
250 364 350 429 semel
383 385 422 428 ex
450 365 605 448 stipulatu
631 365 750 430 habere
779 368 882 450 coepi,
915 388 985 432 eam
1013 390 1072 433 nee

97 451 220 517 suctione
240 474 299 517 neo
322 457 428 517 morte
449 475 510 518 neo
531 455 785 519 manumissione
807 476 867 520 neo
889 455 968 541 fuga
986 457 1072 522 servi

94 560 134 604 nee
148 541 206 605 ulla
223 540 322 606 simili
342 562 441 606 causa
460 541 579 626 amitti3
599 546 633 607 at
652 543 680 606 si
698 544 733 607 in
753 543 848 608 bonis
867 545 946 609 meis
965 544 1070 610 factus

95 630 209 711 nonsit,
235 629 317 701 nihil
345 631 387 696 ob
416 651 454 694 ea
481 629 671 715 pauperior1
698 632 775 716 sim,
801 636 915 716 utpote
943 654 1015 698 oum
1038 635 1072 697 in

52 730 56 787 ἶ
95 715 159 782 lons
177 718 257 783 meis
274 740 342 784 non
361 719 415 784 sit.
452 719 585 804 quodsi
605 741 718 785 sanum
738 741 816 804 esse,
840 742 987 786 erronem
1005 743 1072 788 non

96 825 140 871 me
157 805 326 890 stipulatus
350 829 464 892 essem,
486 812 615 872 tantum
637 831 709 874 mea
727 809 892 894 interesse,
915 814 1072 896 quantum

94 892 336 979 adpraesentem
357 918 462 960 ‚usum
491 897 680 980 pertineret,
712 899 842 962 tametsi
869 899 904 962 in
932 898 1071 964 obsouro

94 989 163 1065 esset,
184 987 298 1067 utpote
321 984 548 1069 ignorantibus
571 985 680 1069 nobis,
708 986 860 1071 quamdiu
884 1009 956 1051 eum
979 986 1072 1050 habi·

93 1071 155 1135 turus
179 1093 283 1137 essem
312 1078 346 1152 et
373 1094 415 1137 an
442 1072 586 1138 futurum
614 1077 712 1158 esset,
739 1079 777 1139 ut
804 1096 877 1139 eum
903 1076 1073 1160 quisquam

94 1161 129 1222 tul
149 1182 166 1224 a
189 1182 241 1225 me
270 1165 328 1225 aut
355 1160 404 1225 ab·
426 1182 464 1226 eo
492 1163 542 1227 oui
570 1161 785 1228 vendidissem
809 1164 899 1229 cuive
923 1164 1074 1228 similiter

93 1249 280 1328 promisissem
299 1248 484 1315 evinceret.¹
508 1273 669 1315 summam
688 1258 796 1317 autem
815 1253 974 1336 opinionis
995 1274 1072 1317 suae

93 1333 149 1400 lene
174 1359 259 1423 esse,
291 1342 329 1402 ut
355 1341 483 1403 tantum
511 1362 551 1405 ex
579 1361 617 1404 ea
644 1340 856 1425 stipulatione
885 1363 1072 1427 eonsequar,

93 1424 173 1506 qunti
196 1449 270 1491 mea
293 1424 422 1491 intersit
445 1432 500 1492 aut
522 1432 599 1512 post
621 1429 867 1513 stipulationem
889 1429 1071 1494 interfuerit

94 1530 140 1577 un
159 1535 285 1581 servum
308 1514 482 1600 fugitivum
505 1538 570 1581 non
595 1514 695 1581 esse'

152 1605 200 1669 41.
227 1603 268 1668 D.
286 1603 340 1687 42,
360 1605 389 1687 8,
403 1603 457 1683 25,
475 1603 505 1669 5.
550 1603 726 1670 Venuleius
748 1607 832 1671 libro
856 1610 946 1671 sexto
969 1605 1074 1670 Intera

93 1686 220 1756 littorum
253 1691 303 1777 (P.
322 1689 406 1778 27¹³).
437 1729 478 1739 -
511 1693 665 1758 Proculus
699 1694 758 1778 ait,
791 1695 819 1758 si
850 1695 967 1759 mulier
998 1699 1074 1780 post

92 1776 295 1846 alienationem
323 1781 506 1865 conceperit
535 1786 568 1846 et
596 1786 768 1866 antequam
792 1787 954 1866 ageretur,
977 1805 1073 1866 pepe·

94 1867 158 1948 urit,
185 1869 311 1934 nullam
336 1890 407 1934 esse
430 1869 678 1956 dubitationem,
709 1871 786 1955 quin
808 1875 921 1955 partus
944 1871 1073 1935 restitui

93 1971 134 2018 uon
153 1957 276 2042 debeat3
302 1957 439 2041 sivero,
462 1980 534 2022 oum
558 1959 763 2043 alienaretur,
786 1980 947 2044 praegnas
966 1958 1073 2041 fuerit,

94 2061 158 2124 posse
179 2047 241 2111 dioi
263 2051 395 2130 partum
419 2068 544 2133 quoque
567 2048 695 2112 restitui
719 2052 877 2133 oportere.

422 2257 466 2312 De
484 2257 577 2312 insula
594 2258 714 2313 vendita.

41 2376 47 2441 j
151 2364 199 2430 42.
222 2363 262 2429 D.
276 2365 330 2446 20,
344 2364 376 2450 4,
392 2365 441 2430 13.
478 2366 599 2431 Paulus
614 2367 705 2431 libro·
715 2367 828 2452 quinto
844 2366 883 2430 ad
899 2365 1073 2430 Plautium.

40 2446 46 2455 ’
94 2449 265 2518 -Insulam
287 2453 496 2519 tibi·vendidi
516 2464 547 2519 et
566 2454 632 2520 dixi
650 2456 768 2540 prioris
788 2456 865 2519 anni
883 2455 1072 2539 pensionem

93 2536 152 2623 nihi,
173 2542 374 2627 sequentium
396 2543 459 2607 tibi
483 2564 683 2608 accessuram
706 2545 943 2628 pignorumque
963 2543 1003 2607 ab
1023 2542 1071 2606 in-

93 2625 183 2704 quilino
206 2633 357 2697 datorum
377 2631 426 2696 ius
446 2634 618 2717 utrumque
638 2638 829 2698 secuturum.
867 2631 975 2696 Nerva
995 2631 1072 2695 Pro·

42 2776 44 2781 ,
93 2713 163 2808 tulus,
182 2719 246 2784 nisi
268 2720 308 2784 ad
327 2722 497 2804 utramque
515 2722 703 2805 pensionem
721 2722 858 2807 pignora
877 2719 1072 2804 sufficerent,

40 2804 43 2879 ζ
92 2817 124 2865 lus
141 2809 275 2873 omnium
299 2808 473 2892 pignorum
496 2810 636 2892 primum
660 2810 699 2874 ad
723 2832 774 2874 me
798 2810 970 2893 pertinere,
994 2809 1072 2894 quia

40 2896 42 2902 ⁸
92 2888 147 2989 llhil
166 2901 275 2980 aperte
299 2895 421 2961 dietum
446 2902 540 2980 esset,
564 2920 606 2962 an
630 2899 841 2963 communiter
864 2920 902 2962 ex
921 2898 1071 2961 omnibus

93 2985 263 3138 lngutoribps¹⁵
280 3007 406 3050 summa
434 3008 493 3070 pro
521 2991 591 3050 rata
619 2992 778 3072 servetur,
809 2989 835 3052 si
864 2987 938 3071 quid
962 3007 1071 3069 super-

93 3081 162 3157 esse,
186 3095 204 3137 a
264 3095 290 3141 e.

141 3266 152 3315 1
170 3263 215 3321 m.
235 3266 271 3320 ob
291 3281 324 3321 ea
343 3266 418 3335 quod
436 3267 572 3336 fugitivus
593 3267 630 3322 sit
647 3267 803 3337 pauperior.

102 3394 106 3405 Ι
140 3336 252 3391 lLenel
265 3338 296 3392 P.
311 3343 364 3392 399
378 3339 471 3393 notat:
493 3337 567 3392 ‘eum
587 3354 644 3392 non
662 3337 733 3392 esse'
750 3339 853 3407 glosa?
873 3355 909 3394 an
923 3353 973 3407 pro
989 3334 1072 3403 ‘lugi-

92 3392 154 3457 trum
171 3423 223 3462 non
241 3407 313 3463 esse'
333 3408 376 3463 ita
393 3410 451 3464 fere
471 3425 535 3463 sor:
562 3408 723 3479 ‘fugitivum
741 3427 798 3464 non
816 3426 876 3464 esse
895 3424 993 3462 sanum
1013 3421 1072 3459 esse

94 3480 188 3531 erronem
204 3494 260 3533 non
279 3480 371 3534 esse'?
