2430 3944
502 127 527 176 4.
546 119 723 174 PLAUTIUS

397 341 629 419 Digestorum
651 332 705 422 (?)
729 341 826 400 libri.

189 466 238 525 De
266 465 380 524 Plautii
408 484 497 540 opere
529 486 557 526 v.
580 464 711 524 Ferrini:
739 465 769 526 Z.
794 466 821 525 d.
842 465 970 525 Sam-St.
993 466 1053 524 VH
1068 469 1119 542 86,

100 555 200 615 fusius
226 554 409 614 Bendiconti
437 554 485 613 dcl
512 555 547 613 a.
572 552 647 613 istit.
670 554 775 614 Lomb.
803 574 860 615 scr.
878 554 910 614 II
937 555 996 614 vol.
1015 555 1120 614 XVIII

99 647 130 703 et
151 643 340 704 Ricoobono:
363 642 530 702 Bullettino
554 642 624 701 dell'
639 642 761 702 Istituto
784 643 918 704 V1119.

188 729 299 808 Operis
322 750 340 790 a
363 731 482 791 Plautio
505 731 664 806 compositi
687 734 718 791 ct
741 733 912 808 argumenti
936 734 967 791 et
989 732 1119 792 nominis

10 874 15 893 ,
100 826 131 881 et
152 820 304 881 librorum
326 821 445 879 numeri
467 820 611 879 memoria
630 821 761 882 evanuit.
797 815 844 880 ‘ex
863 817 997 880 Plautio'
1016 825 1119 880 antem

100 910 289 986 scripserunt
311 909 455 986 Traiano,
482 911 518 967 ut
541 909 675 968 conicere
698 910 777 986 licet,
800 910 935 985 principe
957 910 1119 971 Iavolenus

10 987 22 1026 ὓ
101 998 222 1059 Priscus
254 998 349 1058 libros
372 997 400 1054 V
430 989 477 1079 (P.
498 989 703 1078 142—159)‚
730 998 897 1075 Hadriano,
924 1003 960 1058 nt
987 998 1118 1074 videtur,

10 1108 12 1152 ζ
100 1088 234 1163 principe
253 1087 399 1146 Neratius
420 1087 541 1146 Priscus
565 1086 681 1163 aliquot
702 1087 796 1146 libros
816 1081 862 1168 (P.
879 1078 946 1167 64),
965 1087 1118 1147 Antonino

101 1175 152 1236 Pio
184 1176 236 1235 vel
267 1175 352 1237 Divis
384 1175 547 1261 fratribus,
562 1175 745 1251 Pomponius
777 1176 870 1235 libros
898 1176 958 1234 VII
986 1172 1032 1254 (Ρ,
1053 1180 1116 1238 326

10 1254 36 1292 ⁷·
104 1256 236 1345 -371),
255 1264 383 1341 denique
403 1258 452 1322 ‘ad
470 1257 637 1322 Plautium'
656 1264 752 1323 Iulius
770 1265 883 1324 Paulus
902 1267 1039 1341 tempore
1057 1286 1118 1326 non

38 1428 43 1439 .
105 1354 172 1412 utic
199 1353 359 1429 explorato
384 1351 478 1412 libros
501 1351 606 1411 XVIII
629 1345 676 1433 (P.
698 1348 961 1434 1071--1247).1
1009 1356 1118 1432 quibus

30 1453 45 1503 .“
106 1442 241 1518 operibus
266 1441 464 1501 Tribonianus
487 1441 519 1500 in
542 1441 753 1516 componendis
776 1442 862 1503 novis
885 1442 1019 1520 Digestis
1044 1463 1117 1504 usus

10 1521 14 1556 ³
108 1533 157 1609 cst,
183 1529 320 1606 exceptis
343 1530 459 1590 Neratii
481 1530 581 1608 librIs,
604 1548 731 1607 quorum
753 1531 812 1589 nisi
834 1532 866 1590 in
890 1531 1011 1607 Ulpiani
1035 1533 1116 1612 frag·

108 1622 199 1679 mento
226 1638 289 1677 uno
312 1610 363 1700 (D.
384 1621 413 1696 8,
433 1621 462 1692 3,
481 1620 510 1696 5,
531 1610 565 1700 1)
587 1619 700 1678 mentio
723 1638 783 1678 non
807 1620 850 1678 fit.
885 1621 1003 1697 reliqua
1026 1641 1117 1697 opera

110 1707 189 1766 etiam
213 1709 245 1766 in
270 1711 427 1767 auctorum
451 1707 547 1766 indice
566 1707 760 1766 nominantur
780 1701 950 1789 (Iavolenu
969 1709 1007 1768 ad
1027 1711 1118 1769 Plau·

111 1796 174 1854 tium
192 1794 297 1875 βιβλία
314 1789 419 1856 πέντε’.
452 1790 651 1873 (Πομπωνίου
671 1797 708 1854 ad
727 1797 883 1855 Plautium
901 1797 1002 1876 βιβλία
1020 1794 1117 1859 ἕπτάῖ

112 1876 239 1945 ’Παύλου
264 1884 303 1943 ad
327 1885 479 1943 Plautium
501 1884 602 1963 βιβλία
625 1877 807 1965 δέιιαοιιτώ’).

44 1960 59 1990 “
186 1974 233 2032 De
261 1972 409 2032 librorum
441 1973 479 2032 ad
501 1973 659 2032 Plautium
686 1973 723 2032 iis
750 1973 926 2050 fragmentis
953 1974 1117 2034 videndum

10 2130 11 2135 η
55 2060 58 2067 '
114 2064 159 2138 cst,
184 2061 298 2139 quibus
326 2080 386 2121 non
411 2061 522 2121 diserte
546 2063 594 2121 vel
618 2062 691 2121 satis
715 2065 794 2121 certe
817 2062 932 2120 Plautii
953 2063 1046 2122 rerba
1070 2083 1117 2123 ex-

38 2217 60 2247 a
114 2151 273 2223 primuntur
312 2150 406 2228 idque
442 2153 591 2227 quatenus
631 2150 763 2225 priorum
799 2151 874 2209 iuris
910 2152 1116 2211 consultorum

115 2240 212 2300 mentio
236 2239 299 2298 fiat.

10 2394 15 2412 ,
187 2328 291 2404 Atque
319 2327 438 2387 Neratii
464 2328 669 2403 fragmentum
695 2347 789 2385 unum
817 2326 893 2386 illud
921 2328 958 2386 ab
986 2327 1117 2404 Ulpiano

10 2395 60 2436 ³·
116 2415 226 2475 unum
253 2419 298 2475 aa
325 2416 461 2476 resersus
489 2410 538 2493 (n.
559 2419 587 2493 e,
608 2419 636 2491 a,
657 2417 686 2492 5,
707 2408 753 2495 1):
784 2411 939 2476 ‘Neratius
966 2417 1053 2478 usas
1081 2438 1117 2478 ex

10 2567 16 2580 ι
116 2501 220 2565 Plautio
243 2505 289 2564 ait
304 2552 311 2566 .
328 2548 335 2563 .
350 2551 356 2565 .
372 2509 402 2565 et
424 2505 480 2564 hoc
500 2505 661 2563 Proculum
684 2506 715 2563 et
733 2504 909 2563 Atilicinum
931 2506 1116 2567 existimasse

10 2582 17 2607 ’
115 2585 284 2673 (Plautius)
306 2596 358 2653 ait.
399 2593 452 2654 sed
474 2594 538 2669 ipse
561 2586 654 2653 dicit'.

188 2683 224 2741 In
257 2683 392 2743 Iauoleni
423 2682 601 2758 fragmentis
632 2682 707 2741 iuris
744 2682 950 2742 consultorum
982 2685 1117 2758 priorum

30 2779 52 2809 -·
116 2785 187 2831 nemo
218 2771 375 2848 laudatur,
407 2771 458 2830 sed
489 2772 562 2829 haee
589 2772 709 2829 tantum
737 2771 893 2845 leguntur:
926 2765 1116 2847 ‘responsum

117 2853 162 2917 sst'
187 2854 237 2938 (D.
252 2862 306 2937 41,
320 2863 349 2937 4,
364 2862 385 2919 4
392 2853 466 2940 pn),
495 2853 562 2918 ‘ait'
589 2859 707 2918 nornine
736 2859 845 2917 omisso
870 2851 920 2940 (D.
938 2863 988 2937 12,
1004 2862 1032 2936 6,
1048 2856 1116 2940 46).

189 2949 224 3007 In
251 2949 410 3024 Pomponii
442 2948 621 3024 fragmentis
653 2949 726 3006 haec
756 2947 963 3008 inveniuntur:
996 2945 1115 3009 ‘Ofilius

118 3033 212 3096 aiebat'
226 3031 277 3118 (D.
292 3039 346 3117 40,
359 3040 389 3114 4,
404 3039 456 3112 40,
468 3030 512 3119 1),
527 3031 640 3096 ‘Labeo
655 3030 709 3095 ait'
724 3027 775 3117 (D.
786 3039 839 3115 22,
850 3040 878 3114 2,
890 3040 919 3098 2.
934 3035 1116 3119 31,11pr.),

176 3211 188 3259 1
204 3207 256 3260 ‘Ex
270 3205 396 3261 Plautio'
412 3207 583 3261 denotantur
597 3204 632 3258 ab
648 3206 768 3274 Ulpiano
782 3205 848 3260 libri
863 3205 981 3274 Neratii,
995 3209 1119 3276 plerum·

11 3315 18 3324 .
119 3288 160 3340 que
179 3277 304 3332 Iauoleni
333 3294 445 3346 quoquc
473 3281 502 3331 et
525 3274 674 3345 Pomponii
700 3277 837 3346 (exceptis
862 3277 980 3346 singulis
1004 3282 1116 3330 tantum

119 3342 267 3414 fragmentis
285 3348 318 3404 D.
333 3352 377 3416 46,
391 3354 416 3415 3,
430 3354 465 3402 34
484 3348 644 3403 ‘Iavolenus
666 3346 739 3400 libro
763 3350 885 3403 secundo
904 3349 940 3402 ad
959 3348 1113 3403 Plautium'

10 3422 31 3459 ἑ·
120 3415 187 3474 etl).
202 3425 226 3489 7,
241 3426 265 3486 1,
280 3424 315 3473 49
344 3419 524 3490 ‘Pomponius
552 3417 625 3472 libro
649 3418 769 3487 septimo
793 3419 829 3472 ad
853 3418 1033 3487 Plautium'),
1067 3419 1115 3472 ‘ad

121 3481 255 3545 Plautium'
275 3508 342 3546 vero
361 3489 464 3559 ubique
482 3489 564 3544 Pauli
582 3488 657 3544 libri.
