2430 3944
342 174 366 224 e.
389 163 596 224 IAVOLENUS
615 166 764 223 Petscee
983 161 1061 234 ‘407

322 338 371 397 De
392 339 570 398 institutione
592 337 789 397 condicionali.

137 438 189 503 11.
217 439 257 504 D.
275 438 332 518 35,
354 441 384 517 1,
405 439 446 504 39
468 460 516 522 pr.
566 437 737 503 Iavolenus
769 438 853 504 libro
885 439 991 522 primo
1023 461 1062 504 ex

68 527 282 593 osterioribus
314 526 484 592 Labeonis.
519 564 557 574 -
595 527 680 609 Quae
710 528 845 593 oondiaio
876 528 937 608 [ad
965 549 1062 611 aeuus

66 616 268 700 ersonarum]
295 636 359 680 non
386 617 429 681 ad
454 621 552 682 certas
574 621 603 681 et
623 621 714 682 notas
730 637 882 698 personas
900 619 1062 703 pertineat,

66 728 114 771 am
151 706 365 771 existimamus
401 707 494 771 totius
529 725 591 771 esse
626 707 796 770 testamenti
826 710 855 769 et
885 706 928 770 ad
958 726 1062 771 omnes

66 796 168 860 eredes
194 795 350 860 institutos
371 796 533 876 pertinere.
579 800 614 859 at
639 815 717 875 quae
743 795 879 859 condicio
901 795 1062 860 ademtae

66 904 192 950 ersouas
223 884 452 948 auounooou
477 883 586 968 ricerii,
618 903 687 947 eam
714 882 827 964 referre
854 883 993 949 delemus
1019 885 1064 949 ad

66 994 114 1038 um
128 973 293 1038 dumtaxat
302 972 445 1054 aradum,
459 993 517 1054 qreo
531 971 589 1037 lae
597 992 749 1054 personae
758 972 917 1037 institutae
924 972 1061 1053 fuerunt.

138 1062 189 1126 12.
212 1060 250 1124 D.
268 1060 344 1125 ibid.
360 1063 379 1141 ἓ
398 1063 424 1127 1.
446 1098 484 1108 -
505 1060 584 1126 Oum
602 1061 647 1125 ita
665 1062 699 1125 iu
719 1065 895 1126 testamento
912 1063 1062 1143 seriptum

66 1155 114 1216 rat
141 1149 188 1215 ‘ut
213 1150 334 1231 aliquid
358 1151 394 1214 iu
418 1150 487 1231 foro
514 1149 584 1232 dat'
607 1170 702 1232 neque
724 1150 914 1232 adsumptum
936 1151 1061 1215 eratin

66 1260 104 1304 uo
126 1238 204 1322 foro,
227 1239 328 1304 Labeo
351 1241 406 1321 ait,
428 1240 458 1304 si
478 1260 541 1304 non
564 1243 724 1322 appareat,
745 1239 822 1321 quid
839 1245 978 1304 mortuus
995 1259 1061 1304 sen·

66 1329 131 1410 ott,
160 1329 194 1392 iu
221 1329 287 1392 eius
314 1328 479 1410 municipii
502 1328 572 1408 foro
597 1328 790 1408 faciendum,
818 1328 933 1410 inam
956 1328 1062 1410 isqui

66 1422 259 1482 tetamentum
275 1416 382 1496 feeerit
394 1418 583 1482 domicilium
597 1417 753 1495 babuerit;
771 1437 865 1498 quam
878 1419 1062 1482 sententiam

66 1527 97 1587 70
119 1527 236 1588 quoqne
254 1506 358 1587 probo.

139 1595 188 1659 13.
216 1593 256 1659 D.
275 1595 329 1675 50,
350 1595 400 1673 16,
415 1595 479 1658 217
495 1616 542 1677 pr.
587 1593 760 1658 Iavolenus
783 1594 868 1658 libro
891 1595 996 1678 primo
1021 1617 1061 1660 ex

67 1684 281 1749 osterioribus
295 1683 465 1748 Labeonis.
484 1720 527 1728 -
545 1682 635 1747 Inter
651 1683 742 1748 illam
760 1684 965 1748 aoudioionem
979 1683 1061 1750 ‘oiim

66 1774 113 1837 zri
128 1771 276 1854 potuerit
295 1777 324 1836 et
340 1770 510 1854 ‘postquam
526 1771 594 1851 fari
607 1771 752 1852 potuerit
771 1772 902 1836 multum
920 1774 1060 1851 iuterest;

66 1883 120 1926 am
138 1862 339 1943 posteriorem
359 1862 548 1943 scripturam
565 1861 733 1924 uberiorem
751 1881 814 1925 esse
831 1866 956 1943 eonsmt,
980 1860 1061 1925 ‘eum

66 1951 112 2014 ari
132 1949 280 2032 potuerit
308 1951 455 2014 artiorem
482 1954 511 2013 et
536 1950 571 2014 id
593 1950 802 2014 tautummodo
826 1954 943 2031 umpus
965 1951 1060 2032 sioni

66 2040 151 2116 uari,
173 2058 233 2120 quo
251 2040 392 2120 primum
413 2037 481 2118 fari
496 2039 605 2120 possit.
1063 2076 1070 2091 ·

140 2128 187 2191 14.
211 2126 250 2192 D.
268 2127 346 2191 ibid.
365 2130 384 2208 ξ
402 2130 429 2191 l.
448 2127 591 2191 -Item
613 2127 659 2191 ita
677 2127 753 2191 datu
771 2127 946 2192 condicione
969 2125 1062 2191 ‘illud

66 2217 140 2281 mito
163 2217 198 2280 in
221 2213 346 2295 diebus',
375 2217 404 2281 si
426 2215 506 2280 uiuit
522 2220 684 2298 prmterea
705 2215 816 2295 fuisset
836 2216 1001 2299 adiectum,
1022 2216 1060 2280 'iu

66 2307 137 2371 idue
160 2305 365 2369 condicionem
387 2305 510 2386 impleri
533 2302 696 2387 oportere.l

140 2393 188 2458 15.
217 2393 254 2458 D.
273 2393 331 2474 29,
350 2395 385 2476 2,
405 2393 448 2457 62
466 2416 513 2476 pr.
562 2392 734 2458 Iavolenus
766 2393 851 2456 libro
885 2392 991 2476 primo
1020 2415 1059 2457 ex

67 2481 282 2547 osterioribue
306 2480 477 2548 Labeonis.
504 2518 542 2529 —
568 2482 727 2547 Antistius
749 2480 850 2546 Labeo
876 2482 935 2563 ait,
962 2483 1059 2546 siita

66 2572 206 2636 nstitutus
228 2572 270 2635 sit
292 2570 332 2636 ‘si
353 2572 511 2653 iurauerit,
534 2570 617 2636 lieres
639 2569 721 2648 esto'‚
743 2570 885 2653 quamuis
901 2571 1059 2655 iurauerit,

66 2681 109 2726 on
131 2664 234 2724 tamen
255 2680 325 2724 eum
347 2660 454 2724 statim
475 2659 612 2724 heredem
632 2659 788 2742 futurum,
815 2663 981 2742 utinquam
999 2679 1059 2741 pro

66 2749 151 2814 erute
177 2749 300 2830 aliquid
321 2750 458 2831 auserit,
485 2750 561 2831 quia
587 2749 721 2814 iurando
748 2747 934 2812 uoluntatem
959 2749 1060 2832 mayis

66 2859 137 2903 uam
159 2839 329 2903 declarasse
352 2838 498 2902 videatur.
539 2858 590 2921 eqo
606 2842 681 2918 preto
697 2837 776 2902 satis
793 2857 863 2901 eum
875 2858 937 2919 pro
953 2836 1059 2902 herede

66 2928 181 3010 essisse,
199 2928 228 2991 si
245 2932 280 2991 ut
297 2927 382 2992 lieres
399 2928 557 2992 iurauerit.
600 2925 754 2990 Proculus
771 2926 861 3009 idem
883 2947 973 3008 eoque
991 2927 1059 2991 iure
1178 2993 1187 3008 ..

65 3016 172 3080 limur.

472 3108 580 3168 Liber
596 3107 635 3168 ΙΙ.

419 3219 469 3284 De
491 3219 684 3284 testamentis.

138 3327 187 3391 16.
211 3325 250 3390 Ι).
264 3326 317 3408 28,
332 3327 361 3408 l,
376 3327 420 3391 20
435 3348 481 3409 pr.
522 3324 630 3390 Labeo
655 3325 739 3388 libro
764 3323 902 3389 seeundo
921 3322 1058 3406 pesleri-
1138 3373 1143 3383 .

65 3438 139 3481 rum
168 3414 364 3481 elavoleno
388 3415 647 3499 epitomatorum.
674 3449 712 3459 —
738 3412 867 3491 Mulier,
891 3431 969 3493 quae
991 3412 1058 3475 uiro

117 3550 131 3598 1
155 3545 230 3600 Trib.
251 3547 369 3615 oportet.
