2430 3944
461 192 485 240 2.
504 184 667 242 PEGASUS
1002 186 1066 250 207

51 372 121 416 esse
142 349 302 436 incipere,
330 372 403 416 cum
427 349 467 415 ad
492 370 564 414 eam
588 351 729 413 aetatem
751 349 976 435 pervenerint,
1005 373 1068 434 qua

52 441 176 506 domari
200 439 315 504 solent.

140 527 194 593 15.
216 526 257 594 D.
270 529 324 611 41,
341 528 369 608 1,
384 526 438 593 41.
479 526 643 610 Ulpianus
661 525 745 591 libro
764 548 851 592 nono
870 525 909 590 ad
929 527 1070 592 edictum

54 617 98 704 (P.
118 614 212 700 332).
240 653 285 664 -
312 615 446 682 Statuas
477 616 512 680 in
544 613 675 680 civitate
702 615 828 701 positas
856 615 976 680 civium
1003 638 1070 682 non

54 727 132 788 esse,
154 706 253 791 idque
276 704 447 770 Trebatius
471 707 504 769 et
521 704 681 788 Pegasus,
705 704 781 769 dare
804 709 914 768 tamen
938 726 1069 789 operam

54 799 238 879 praetorem
257 797 417 878 oportere,
439 798 486 876 ut,
509 793 594 877 quod
614 814 652 857 ea
670 795 779 857 mente
792 794 826 857 in
840 792 970 876 publico
984 792 1070 877 posi-

54 891 120 949 tum
145 886 208 966 est,
229 903 270 947 ne
292 883 405 947 liceret
426 882 555 965 privato
575 880 700 946 auferre
719 903 777 946 nec
796 882 825 947 11
844 882 899 965 qui
918 883 1071 965 posuerit.

142 973 195 1038 16.
228 971 334 1050 D.41‚
351 972 379 1048 1,
394 971 491 1053 111.
536 970 734 1054 Pomponius
763 969 849 1035 libro
878 971 1070 1056 trigensimo

57 1061 92 1126 ad
122 1059 281 1126 Sabinum
309 1059 358 1144 (P.
379 1055 470 1145 150).
493 1096 537 1106 -
560 1056 642 1124 Cum
669 1062 779 1143 partes
807 1059 943 1124 duorum
970 1060 1071 1124 domi·

58 1172 168 1215 norum
188 1148 364 1213 ferrumine
383 1149 587 1231 cohaereant,
605 1148 668 1212 hae
686 1169 759 1213 cum
779 1152 986 1231 quaereretur
1004 1149 1071 1214 utri

59 1239 180 1322 cedant,
205 1237 338 1304 Cassius
362 1237 409 1301 ait
431 1259 490 1322 pro
513 1237 665 1322 portione
688 1237 736 1301 rei
759 1236 995 1302 aestimandum
1018 1238 1070 1303 vel

58 1349 111 1411 pro
141 1326 251 1412 pretio
279 1327 432 1411 cuiusque
461 1326 573 1409 partis.
620 1325 675 1390 sed
703 1325 732 1389 11
758 1329 876 1391 neutra
903 1327 996 1390 alteri
1021 1348 1071 1390 ac·

59 1416 194 1482 cessioni
219 1419 284 1499 est,
309 1414 485 1499 videamus,
506 1436 548 1479 ne
572 1416 630 1479 1111
651 1413 819 1498 utriusque
843 1436 912 1479 esse
936 1415 1071 1480 dicenda

59 1505 104 1587 sit,
128 1503 227 1570 aienti
246 1525 354 1568 massa
372 1503 515 1587 confuse,
539 1501 693 1587 111111111,
712 1503 802 1568 cuius
820 1504 951 1569 nomine
971 1503 1071 1568 ferru-

60 1594 180 1659 minata
204 1595 263 1657 est.
300 1591 357 1658 sed
375 1592 532 1658 Proculus
556 1595 589 1656 et
609 1592 750 1677 Pegasus
770 1592 960 1656 existimant
979 1614 1071 1657 suam

60 1682 210 1767 cuiusque
233 1702 301 1746 rem
325 1702 465 1746 manere.

389 1858 439 1924 Dc
460 1859 506 1924 rei
528 1859 744 1924 vindicatione.

145 1984 197 2049 17.
226 1981 264 2048 D.
285 1984 315 2063 6,
334 1985 362 2066 1,
381 1985 411 2048 9.
456 1981 616 2064 Ulpianus
644 1982 728 2046 libro
757 1984 850 2046 sexto
879 1981 1001 2047 decimo
1031 1982 1071 2047 ad

60 2073 194 2138 edictum
219 2069 269 2157 (P.
284 2070 376 2156 551).
391 2108 434 2118 —
453 2071 604 2136 Officium
623 2070 786 2136 ..iudicis
810 2071 844 2133 in
864 2069 926 2134 hac
944 2070 1071 2135 actione

60 2158 111 2247 (sc.
139 2161 188 2226 rei
216 2160 447 2247 vindicatione)
476 2161 511 2224 in
533 2159 596 2224 hoc
620 2160 696 2240 erit,
723 2162 761 2223 ut
786 2158 882 2223 iudex
908 2159 1070 2244 inspiciat,

60 2271 97 2314 an
114 2271 189 2315 reus
208 2249 382 2333 possideat.
414 2270 473 2314 nec
493 2247 532 2312 ad
551 2270 619 2312 rem
634 2247 819 2332 pertinebit,
838 2269 955 2332 exque
974 2269 1072 2312 causa

60 2339 235 2423 possideat3
262 2338 318 2402 ubi
342 2338 429 2402 enim
452 2337 587 2423 probavi
609 2359 678 2401 rem
702 2358 808 2400 meam
832 2357 916 2418 esse,
940 2357 1071 2402 necesse

60 2427 191 2492 habebit
213 2448 383 2511 possessor
405 2428 590 2509 restituere,
618 2427 673 2510 qui
696 2447 764 2490 non
788 2424 908 2489 obiecit
930 2426 1070 2509 aliquam

61 2516 289 2600 exceptionem.
335 2516 466 2600 quidam
488 2520 609 2598 tamen,
630 2518 668 2578 ut
690 2514 844 2597 Pegasus,
870 2536 942 2578 eam
967 2515 1070 2579 solam

61 2605 296 2688 possessionem
334 2608 532 2688 putaverunt
572 2604 655 2667 hanc
694 2605 854 2668 actionem
892 2603 1072 2686 complecti,

62 2714 139 2776 quae
177 2694 284 2758 locum
316 2692 416 2758 habet
448 2693 482 2756 in
514 2692 687 2756 interdicto
723 2695 772 2755 uti
808 2691 984 2775 possidetis
1021 2694 1073 2756 111

62 2781 176 2846 utrubi.
223 2781 360 2867 denique
389 2782 436 2846 ait
464 2782 505 2846 ab
535 2803 587 2862 eo,
615 2779 698 2864 apud
729 2803 824 2864 quem
853 2780 1000 2864 deposita
1023 2785 1072 2845 111

62 2870 109 2933 111
137 2871 342 2936 commodata
367 2871 419 2935 vel
442 2872 496 2954 qui
520 2869 708 2935 conduxerit
731 2872 788 2933 1111
811 2870 866 2954 qui
890 2872 1072 2953 legatorum

64 2958 291 3024 servandorum
331 2980 428 3023 causa
465 2959 515 3022 vel
553 2958 637 3022 dotis
669 2959 833 3022 ventrisve
870 2959 1000 3022 nomine
1037 2961 1072 3022 in

66 3048 266 3129 possessione
299 3053 386 3112 esset
417 3048 468 3112 vel
497 3048 547 3112 cui
575 3046 684 3110 damni
711 3046 822 3111 infecti
849 3047 980 3112 nomine
1007 3069 1072 3111 non

65 3136 246 3220 cavebatur,
271 3137 346 3220 quia
365 3136 401 3200 hi
419 3158 531 3201 omnes
550 3158 616 3200 non
634 3136 810 3219 possident,
833 3135 989 3200 vindicari
1008 3158 1072 3201 non

65 3245 161 3305 posse.

399 3332 449 3397 Dc
470 3331 729 3414 simulationibus.

152 3457 200 3522 18.
228 3455 266 3520 D.
282 3456 334 3540 45,
351 3458 378 3537 1,
395 3458 456 3522 138
467 3478 513 3540 pr.
563 3454 655 3519 Idem
684 3453 740 3541 (se.
769 3451 960 3539 Venuleius)
988 3453 1071 3516 libro

71 3547 178 3626 quarto
202 3543 457 3628 stipulationum
483 3542 532 3630 (P.
552 3542 619 3631 60).
647 3581 682 3591 -
713 3543 799 3610 Eum
828 3545 885 3627 qui
911 3545 1080 3608 certarum
