2430 3944
146 167 212 232 324
247 168 281 224 V.
300 165 451 223 NERVAE
472 166 518 221 ΕΤ
536 165 689 222 TRAIANI
707 166 814 223 ΤΕΜΡ.
832 165 929 222 mals
949 165 1134 222 CONSULTI

515 347 566 413 De
587 348 789 414 servitutibus.

236 453 290 520 35.
312 453 351 519 D.
363 454 433 538 8,6,
444 453 495 520 12.
541 452 655 520 Celsus
678 455 761 520 libro
784 454 960 520 vicensimo
982 454 1083 519 tertio
1107 453 1165 519 Di-

149 547 315 630 gestorum
338 539 389 630 (P.
405 539 494 696 1993.
516 579 562 591 -
582 542 646 620 Qui
667 542 802 608 fundum
827 542 967 608 alienum
991 544 1079 608 bona
1101 542 1165 607 fide

149 633 236 714 emit,
260 633 375 697 itinere
397 652 459 716 quo
506 632 537 697 ei
555 631 654 697 fundo
671 631 806 698 debetur
823 653 900 696 usus
920 635 984 698 est:
1006 633 1167 696 retinetur

148 721 181 786 id
204 721 256 786 ius
279 720 419 804 itineris,
442 724 539 805 atque
563 721 671 806 etiam,
693 722 722 785 si
744 721 888 805 precario
913 720 1021 786 autri
1040 721 1164 786 deiecto

148 809 279 875 domino
302 808 460 894 possidet,
487 809 606 874 fundus
630 809 716 874 enim
739 809 880 894 qualiter
903 831 938 874 se
960 809 1085 875 habens
1109 810 1167 891 ita,

149 904 186 963 ut
205 897 239 963 in
258 919 316 963 suo
334 897 451 963 habitu
468 919 639 983 possessus
659 901 718 982 est,
736 899 786 963 ius
805 920 872 964 non
887 897 1044 983 deperdit,
1061 919 1165 984 neque

148 987 255 1071 refert,
278 987 363 1052 iuste
385 1007 444 1051 nec
467 1008 508 1052 ne
526 987 702 1071 possideat,
725 988 780 1072 qui
798 988 898 1051 talem
917 1009 990 1051 eum
1008 987 1165 1070 possidet.

148 1097 247 1160 quare
265 1074 384 1140 fortius
403 1078 437 1139 et
455 1075 484 1140 si
503 1097 587 1159 aqua
605 1097 663 1160 per
679 1077 786 1140 rivum
801 1097 861 1141 sua
875 1080 990 1162 sponte
1003 1075 1166 1160 perfluxit,

150 1166 201 1229 ius
230 1185 333 1248 aquae
362 1162 524 1229 ducendae
552 1165 718 1230 retinetur.
764 1164 849 1249 quod
877 1168 910 1229 et
934 1162 1055 1230 Sabino
1079 1170 1166 1228 recte

147 1253 263 1339 placet,
290 1255 327 1316 ut
350 1252 435 1335 apud
458 1250 628 1318 Neratium
651 1253 736 1319 libro
760 1258 876 1338 quarto
899 1253 1165 1318 Membranarum

147 1341 304 1426 scriptum
328 1344 385 1405 est.

432 1446 483 1512 De
507 1449 723 1513 centurmrirali
743 1448 880 1514 iudicio?

238 1553 290 1618 36.
314 1551 352 1618 D.
367 1553 421 1637 44,
435 1555 464 1635 1,
479 1555 532 1619 21.
577 1553 731 1619 Neratius
754 1554 838 1620 libro
863 1559 979 1638 quarto
1003 1553 1168 1621 Membra·

148 1664 274 1707 narum.
308 1677 346 1688 -
380 1641 440 1706 Rei
477 1643 608 1708 maioris
644 1645 799 1727 pecuniae
831 1644 1064 1726 praeiudicium
1095 1645 1167 1708 fieri

149 1730 289 1814 ridetur,
317 1752 389 1795 cum
413 1751 450 1794 ea
474 1731 620 1815 quaestio
643 1734 678 1795 in
702 1732 854 1797 iudicium
879 1733 1058 1815 deducitur,
1083 1755 1167 1816 quae

149 1820 201 1971 pei
229 1822 301 1883 tota
324 1819 382 1921 vel,
399 1841 438 1884 ex
461 1819 569 1904 aliqua
591 1824 685 1904 parte
708 1821 887 1886 communis
911 1825 961 1885 est
984 1823 1169 1906 quaestioni

170 1928 244 1972 ere
268 1928 393 1974 maron.

238 2001 276 2063 cf.
299 2000 392 2060 Lenel
414 2001 511 2062 Edict.
525 2021 554 2077 p.
569 2003 644 2063 415.

443 2172 494 2240 De
516 2174 680 2240 deliranti
702 2176 879 2257 exceptione.

239 2281 291 2346 37.
315 2279 353 2345 D.
363 2279 417 2364 44,
426 2281 457 2365 4,
470 2281 564 2364 llpr.
596 2279 750 2346 Neratius
769 2279 852 2345 libro
873 2286 987 2366 quarto
1007 2280 1170 2348 Membra-

152 2391 276 2434 narum.
299 2405 336 2414 —
359 2365 394 2433 si
417 2375 608 2452 procurator
631 2370 709 2454 agit,
732 2370 771 2433 de
795 2370 870 2435 dolo
892 2371 960 2435 eius
980 2371 1085 2456 excipi
1104 2394 1169 2437 non

154 2457 261 2540 debet,
290 2458 367 2541 quia
394 2457 501 2522 aliena
527 2456 568 2522 lis
597 2462 648 2522 est
670 2459 760 2545 isque
784 2460 829 2523 rei
853 2463 1036 2543 extraneus,
1065 2482 1169 2545 neque

153 2547 279 2610 alienus
307 2545 399 2610 dolus
424 2567 539 2611 nocere
562 2546 656 2611 alteri
680 2548 784 2612 debet.
831 2549 859 2611 si
881 2551 956 2633 post
979 2548 1072 2613 litem
1097 2571 1169 2615 con·

153 2636 309 2699 testatam
333 2633 406 2699 dolo
430 2635 506 2719 quid
529 2634 657 2719 iecerit,
683 2659 725 2700 an
748 2636 893 2720 exceptio
917 2657 955 2700 eo
978 2638 1113 2702 nomine
1136 2639 1170 2702 in

153 2722 306 2787 iudicium
330 2722 497 2788 obicienda
521 2724 572 2803 sit,
598 2724 738 2788 dubitari
760 2728 879 2808 potest,
902 2725 977 2809 quia
1001 2726 1069 2790 litis
1095 2749 1168 2792 eon·

153 2811 331 2876 testatione
358 2833 409 2876 res
437 2813 658 2895 procuratoris
684 2813 723 2876 fit
750 2835 885 2897 eamque
914 2835 971 2878 suo
999 2814 1066 2878 iam
1091 2838 1168 2899 quo-

153 2899 326 2965 dammodo
347 2901 476 2965 nomine
495 2902 671 2985 exequitur.
714 2903 746 2965 et
763 2902 871 2986 placet
891 2902 928 2966 de
947 2906 1168 2986 procuratoris

153 2988 228 3053 dolo
257 2989 479 3073 excipiendum
507 3011 586 3055 esse.
636 2990 721 3054 idem
750 2990 789 3055 de
816 2994 937 3070 tutore,
970 2993 1025 3075 qui
1053 2994 1168 3078 pupilli

152 3078 283 3142 nomine
307 3081 395 3163 aget,
418 3078 586 3144 dicendum
610 3082 667 3143 est.

244 3171 279 3230 D.
294 3172 345 3244 44,
361 3173 434 3249 4,4,
452 3173 501 3231 18.
548 3172 693 3249 Ulpianus
716 3172 793 3232 libro
818 3174 1062 3251 septuagensimo
1087 3181 1169 3236 serto

154 3258 192 3318 ad
209 3259 339 3318 edictum
353 3253 401 3341 (P.
413 3254 521 3341 1680).
567 3259 743 3330 Quaesitum
762 3262 816 3338 est,
840 3280 878 3320 an
902 3262 937 3320 de
965 3266 1169 3338 procuratoris

154 3347 237 3420 dolo,
266 3349 318 3425 qui
346 3349 384 3407 ad
404 3348 560 3427 ‘agendum
587 3352 706 3409 tantum
734 3350 822 3408 datus
851 3353 910 3427 est,
940 3352 1037 3429 excipi
1065 3355 1169 3429 possit.

155 3439 186 3495 et
207 3441 283 3513 puto
306 3441 387 3497 rccte
410 3436 537 3515 defendi,
561 3438 587 3497 si
610 3438 730 3516 quidem
753 3439 784 3496 in
805 3457 868 3496 rem
888 3458 972 3498 suam
990 3449 1170 3516 procurator

156 3524 245 3584 datus
269 3526 321 3604 sit,
350 3526 442 3586 etiarn
465 3526 501 3585 de
524 3528 687 3603 praeterito
711 3527 775 3586 eius
799 3527 879 3605 dolo,
902 3527 958 3588 hoc
982 3533 1028 3589 est
1052 3533 1079 3591 si
1103 3536 1169 3592 ante
