2430 3944
99 191 161 255 158
177 192 224 248 111.
235 191 311 248 GAII
320 189 468 247 CLAUDII
476 189 612 249 NERON.
623 187 768 248 GALBAE
779 191 889 247 TEMP.
899 189 994 248 Iulus
1003 188 1077 250 colit

96 358 237 420 tersum
257 330 417 439 mancipio
437 354 506 419 dari
526 353 649 435 debere,
669 355 745 440 quia
762 355 834 440 lage
847 350 912 420 XII
926 351 1077 420 tabularu

97 447 226 508 cautum
248 445 300 527 sit,
323 445 386 528 <ne
405 444 500 508 aliter
517 443 605 509 filius
624 443 663 508 dc
682 447 845 529 potestate
863 442 990 529 patris>
1008 462 1077 508 exos

97 553 193 618 quam
216 532 244 597 si
266 536 317 597 ter
339 533 438 598 fuerit
459 533 674 616 mancipatus.

441 673 492 740 De
513 675 627 740 damac
648 672 767 756 infecto.

187 782 236 848 78.
273 779 312 845 D.
337 782 390 864 39,
407 780 440 866 2,
457 782 510 846 26.
568 779 728 863 Ulpianus
765 781 851 846 libro
887 779 1077 865 octogensin

96 870 202 954 primo
231 870 270 934 ad
299 867 438 934 edictum
466 866 517 955 (P.
538 866 663 954 libell).
695 905 732 916 -
763 867 919 934 Proculus
947 868 1006 951 ait,
1034 889 1077 934 our

96 960 168 1042 quis
196 960 266 1024 iure
296 960 373 1042 quid
401 959 435 1023 in
463 979 521 1023 suo
550 958 683 1041 faceret,
715 959 863 1041 qnsmris
890 956 1077 1042 promississe

96 1047 206 1112 damni
228 1048 340 1113 infecti
362 1047 477 1127 vicino,
501 1068 570 1111 non
593 1050 702 1110 tamen
726 1068 799 1112 eum
821 1047 925 1112 teneri
949 1067 986 1112 ea
1008 1045 1077 1130 stips

95 1136 233 1217 latione,
259 1137 362 1202 voluti
390 1137 417 1200 si
443 1137 534 1200 iuxta
557 1157 630 1200 mea
652 1134 797 1202 aedificia
820 1134 943 1200 hsbeas
966 1133 1077 1200 aedifici

96 1246 198 1308 eaque
221 1227 290 1290 iuro
313 1229 369 1288 tuo
395 1224 493 1288 altius
517 1224 624 1303 tollas,
648 1228 705 1289 sut
728 1223 760 1293 si
776 1224 811 1288 iu
828 1225 936 1289 vicino
955 1228 1009 1288 tuo
1027 1242 1077 1308 agr

97 1315 246 1379 cuniculo
269 1313 321 1378 vel
338 1312 427 1377 fossa
447 1335 563 1397 aquam
582 1334 687 1377 meam
706 1333 834 1396 avoces3
858 1313 1005 1397 quamvis
1023 1310 1077 1376 enit

98 1406 132 1467 et
154 1402 207 1467 hic
231 1423 349 1486 aquam
372 1402 453 1467 mihi
476 1402 615 1466 abducas
638 1404 672 1466 et
693 1401 759 1466 illic
782 1401 959 1466 luminibus
979 1400 1077 1466 official

98 1497 207 1555 tamen
227 1513 267 1555 cx
286 1513 323 1555 ea
342 1489 553 1574 stipulatione
572 1490 731 1555 actionem
747 1489 826 1554 mihi
841 1511 906 1555 non
921 1492 1077 1573 compatere

98 1579 246 1664 [scilicet
262 1579 428 1662 quianon
447 1578 562 1643 debeat
581 1578 680 1643 videri
698 1578 726 1642 is
746 1578 900 1643 damnum
920 1578 1030 1663 facere,
1050 1596 1077 1660 qu

97 1689 135 1733 eo
160 1669 260 1732 veluti
281 1668 380 1752 lucro,
403 1688 466 1751 quo
487 1667 770 1750 subnectebatur,
793 1666 1009 1753 prohibetur]‚
1029 1662 1077 1730 mu*

96 1759 230 1840 tumque
250 1754 415 1837 interesse,
433 1762 542 1820 utrum
561 1756 714 1820 damnum
733 1755 804 1839 quis
822 1754 933 1838 faciat,
952 1778 994 1821 an
1011 1755 1077 1820 luen

98 1845 182 1930 quod
207 1844 312 1910 adhuc
334 1845 485 1923 faciebat,
510 1845 559 1908 uti
580 1843 799 1930 prohibeatur.

184 1938 307 1998 Pernicc
329 1932 374 1998 11²
395 1959 424 2016 p.
439 1941 481 1998 49
506 1958 534 1997 n.
551 1941 580 1998 2.

187 2023 237 2089 79.
260 2023 299 2088 Ι).
311 2024 362 2105 10,
371 2024 401 2105 3,
411 2023 442 2089 5.
481 2021 638 2104 Ulpianus
651 2019 736 2085 libro
751 2020 890 2085 secundo
906 2019 946 2084 ad
961 2018 1077 2086 Urseius

96 2110 250 2176 Ferocem
274 2110 323 2196 (P.
339 2108 427 2198 897).
452 2147 490 2157 -
516 2110 574 2195 (ἵ.
598 2109 711 2174 scribit
733 2108 889 2194 Iulianus,
913 2109 941 2173 si
965 2105 1077 2174 missii

95 2202 332 2283 possessionem
376 2200 487 2264 damni
527 2197 638 2263 infecti
679 2197 779 2262 simus
822 2200 855 2262 et
896 2201 972 2262 aute
1014 2217 1077 2282 quas

94 2289 260 2372 possidere
290 2289 486 2371 iuberemus,
520 2308 580 2372 ego
609 2285 750 2350 insulam
778 2286 914 2370 inisero,
946 2289 1077 2370 sumptus

94 2379 193 2441 istum
228 2378 389 2441 communi
420 2376 593 2442 dividundo
617 2373 747 2440 ,iudicio
779 2375 935 2460 consequi
967 2397 1017 2440 me
1042 2393 1077 2438 no

94 2463 210 2548 possa'
255 2464 295 2529 D.
315 2466 365 2544 10,
384 2468 415 2548 3,
432 2467 464 2549 4,
481 2462 527 2552 4).
573 2464 628 2529 sed
656 2462 684 2527 si
715 2484 860 2528 resnou
888 2463 1077 2528 defenderotu

95 2557 128 2617 et
154 2553 226 2618 ideo
253 2552 335 2618 iussi
362 2576 472 2618 sumus
501 2576 520 2617 a
546 2557 694 2636 praetore
722 2572 776 2616 eas
805 2553 900 2616 aedes
916 2552 1077 2636 possidere

95 2645 128 2705 ct
155 2663 194 2706 ex
222 2643 283 2707 hoc
308 2643 484 2707 dominium
508 2663 618 2706 earum
641 2641 914 2724 nancisccremur‚
942 2639 1077 2726 respond

95 2729 252 2795 Proculus
281 2733 443 2796 communi
471 2730 643 2795 dividundo
666 2729 784 2794 iudicio
807 2734 936 2813 partem
961 2731 1029 2795 cius
1050 2729 1077 2792 in

94 2840 213 2903 pensae
237 2842 287 2885 mc
312 2825 517 2884 servaturum
542 2840 621 2884 esse.

184 2914 401 2992 Fragmentum
410 2913 441 2973 in
451 2914 675 2989 Responsorum
684 2911 782 2988 capite
792 2929 892 2971 erroro
903 2913 1046 2972 omissum
1055 2929 1077 2971 es

135 3052 136 3055 ¹
184 2998 236 3063 80.
258 2998 299 3064 D.
309 2998 361 3076 39,
370 2999 401 3076 2,
411 2998 464 3063 32.
505 2996 605 3060 Gaius
629 2996 712 3060 libro
734 2994 911 3061 vicensimo
935 2999 1077 3061 octavos

95 3085 233 3150 edictum
256 3086 452 3170 provinciale
471 3083 520 3171 (P.
534 3081 625 3171 371).
644 3120 686 3130 —
706 3130 731 3148 ..
755 3085 782 3148 si
805 3106 887 3148 unas
910 3084 1006 3149 aedes
1024 3105 1077 3149 con

95 3195 207 3238 munes
230 3181 335 3240 tecum
358 3175 601 3258 habuisseque
624 3173 738 3237 vitium
762 3171 886 3236 faciant
908 3177 940 3236 et
959 3174 1077 3238 circas

94 3262 268 3329 factionem
295 3286 405 3328 earum
429 3285 554 3327 cessare
578 3259 730 3343 videaris,
757 3261 861 3325 nostri
884 3265 1075 3346 praeceptor

94 3358 217 3438 negant
239 3375 352 3418 cavere
375 3357 407 3415 tc
431 3351 553 3435 debere,
578 3350 653 3433 quia
675 3349 744 3432 ipse
767 3348 899 3414 reficere
920 3349 1077 3434 possimr

167 3499 181 3545 1
209 3491 294 3546 Lenel
322 3492 352 3546 P.
372 3494 423 3545 897
452 3489 504 3544 ait:
535 3485 697 3543 ‘verisimile
726 3488 770 3542 est
796 3485 938 3542 Iulianum
965 3489 1077 3544 interdie

96 3563 183 3629 Quam
203 3561 319 3617 fundum
338 3560 507 3615 mentionem
526 3558 646 3616 fecisse’.
