2430 3944
153 201 219 268 392
256 199 288 254 V.
306 194 456 251 NERVAE
475 191 521 246 ΕΤ
539 189 692 245 TRAIANI
710 188 818 244 TEMP.
836 187 933 244 IURIS
952 188 1137 253 consum

577 406 627 472 De
649 408 735 472 rivis.

240 537 292 602 60.
315 534 355 601 D.
367 533 420 615 43,
435 533 487 613 21,
502 533 532 615 3,
548 533 577 597 6.
614 531 771 616 Ulpianus
795 529 879 596 libro
899 531 1164 615 septuagensimo

151 628 193 693 sd
216 625 354 691 edietum
378 619 429 706 (P.
445 619 554 707 1584).
580 657 618 668 —-
644 620 757 684 Aristo
782 619 875 684 etde
899 619 1046 684 cuniculo
1070 621 1164 685 resti·

151 714 280 796 tuendo,
302 732 360 796 per
383 731 478 793 quem
498 732 597 793 vapor
615 709 765 793 trahitur,
788 709 822 772 in
841 707 1016 773 balneariis
1035 708 1162 793 vapori·

152 804 212 869 bus
229 802 326 885 putat
344 798 457 863 utilem
476 799 636 864 actionem
655 800 852 882 competere3
872 801 905 862 et
919 796 981 860 erit
994 796 1163 862 dicendum

151 891 230 958 utile
248 887 455 954 interdictum
473 883 532 975 (so.
551 889 589 952 de
608 885 701 972 rivis)
721 909 759 952 ex
778 886 839 951 hae
857 906 954 951 eausa
972 889 1162 970 competere.

240 999 278 1060 of.
302 998 339 1058 D.
360 1001 389 1077 8,
409 1000 438 1076 5,
458 1001 487 1077 8,
507 1002 536 1058 7.
581 998 729 1075 Ulpianus
758 998 778 1058 l.
800 997 889 1057 XVII
916 998 955 1057 ad
984 997 1029 1056 ed.
1081 996 1163 1057 Idem

151 1084 206 1174 (so.
230 1081 427 1167 Pomponius)
528 1091 559 1147 et
586 1087 617 1146 in
644 1086 770 1147 balineis
799 1078 912 1168 (potius
934 1076 1112 1166 balneariis)
1136 1131 1162 1146 ..

150 1178 313 1256 vaporibus
331 1196 400 1236 oum
419 1175 566 1248 Quintilla
585 1175 756 1236 cuniculum
773 1178 948 1253 pergentem
966 1175 997 1234 in
1016 1175 1089 1234 Ursi
1106 1173 1163 1234 Iuli

150 1266 355 1369 instruxisset,
378 1265 492 1341 placuit
515 1265 648 1341 potuisse
671 1265 749 1324 tales
773 1264 933 1325 servitutes
956 1264 1081 1340 imponi.

495 1437 583 1518 Quod
604 1434 714 1519 vif'aat
734 1437 823 1502 elom.

241 1562 292 1627 61.
316 1560 354 1626 D.
369 1562 421 1645 43,
435 1562 489 1645 24,
504 1563 534 1644 1,
549 1562 579 1627 8.
620 1560 778 1645 Ulpianus
797 1561 881 1626 libro
901 1559 1162 1646 septuagensimo

151 1651 256 1736 primo
289 1650 328 1714 ad
358 1651 497 1715 edictum
526 1647 575 1737 (P.
596 1647 706 1736 1592).
733 1687 777 1696 -
875 1648 986 1715 Aristo
1016 1650 1064 1714 ait
1093 1671 1163 1715 eum

152 1760 279 1824 quoque
306 1738 339 1804 ui
366 1738 486 1823 faeere,
514 1739 583 1823 qui,
611 1761 683 1804 cum
712 1740 809 1804 sciret
831 1760 865 1804 se
888 1738 1093 1822 prohibitum
1115 1737 1162 1823 iri,

151 1849 209 1913 per
231 1828 297 1893 vim
320 1828 454 1893 molitus
480 1832 542 1911 est,
565 1849 605 1892 ne
628 1828 793 1912 prohiberi
815 1829 927 1912 possit.
1038 1883 1040 1887 .

241 1916 306 1982 62?
329 1917 369 1981 D
378 1917 432 2001 43,
446 1917 498 2018 24,
513 1918 543 1998 3,
558 1919 587 1983 7.
601 1918 634 2001 83
653 1917 706 2018 43,
721 1917 773 2001 24,
787 1916 865 2001 bpr.
900 1914 1061 2040 Ulpianus
1082 1915 1163 1981 libro

153 2009 544 2160 ttlttttltlttl
569 2004 1028 2179 33.tlt⁰l².tf¹',t?⁹t1la
1052 2003 1163 2159 ..llil

153 2185 273 2248 sarium
310 2205 413 2268 neque
448 2183 477 2246 ei
510 2183 726 2265 denuntiavit,
763 2182 791 2246 si
823 2183 917 2247 modo
951 2183 1063 2248 timuit
1096 2184 1163 2247 eius

153 2272 407 2337 controversiam
427 2278 483 2336 aut
501 2270 614 2336 debuit
632 2272 754 2336 timere.
796 2271 882 2335 idem
902 2269 1030 2356 (item2)
1050 2270 1161 2336 Aristo

153 2364 247 2444 putat
278 2383 351 2425 eum
385 2381 511 2446 quoque
544 2360 627 2424 clam
659 2359 778 2442 facere,
811 2359 866 2444 qui
898 2359 1024 2423 celandi
1056 2360 1162 2424 animo

153 2447 257 2513 eaoet¹
274 2471 370 2532 eum,
399 2471 494 2533 quem
522 2447 761 2532 prohibiturum
789 2470 823 2512 se
851 2448 1047 2512 intellexerit
1076 2451 1109 2512 et
1132 2447 1163 2512 id

154 2537 318 2601 existimat
351 2540 407 2601 aut
439 2537 623 2602 existimare
656 2536 752 2601 debet
784 2558 818 2601 se
851 2536 1051 2621 prohibitum
1085 2531 1162 2622 iri}

154 2629 211 2690 aut
232 2626 287 2709 qui
306 2625 401 2689 aliter
419 2625 505 2709 fecit,
528 2648 626 2710 quam
647 2625 862 2710 denuntiavit,
885 2624 936 2691 vel
955 2624 1011 2709 qui
1030 2624 1162 2710 decepto

153 2712 234 2778 facit
262 2735 314 2795 eo,
344 2713 383 2778 ad
411 2734 505 2796 quem
533 2714 691 2798 pertinuit
716 2736 783 2779 non
809 2711 910 2797 fieri²,
938 2713 989 2779 vel
1018 2714 1163 2780 consulto

154 2805 224 2866 tum
257 2801 426 2866 denuntiat
453 2802 652 2888 adversario,
685 2824 758 2867 oum
787 2824 859 2866 eum
888 2802 948 2867 scit
975 2824 1043 2866 non
1071 2822 1163 2887 posse

154 2890 338 2974 probibere,
368 2890 419 2956 vel
448 2894 514 2955 tam
539 2913 610 2957 sero
635 2891 839 2975 pronuntiat,
867 2896 904 2956 ut
926 2891 1036 2957 venire
1060 2890 1163 2976 probi·

154 2979 293 3062 biturus,
324 2979 413 3063 prius
447 3002 544 3064 quam
574 2981 643 3064 fiat,
675 3002 741 3045 non
774 2979 887 3064 possit.
942 2983 975 3044 et
1007 2980 1088 3045 haec
1118 2980 1161 3044 ita

153 3065 340 3132 Labeonem
362 3069 500 3153 probare
524 3068 635 3132 Aristo
660 3070 714 3134 ait.

243 3158 295 3223 63.
334 3157 371 3222 D.
394 3158 447 3242 43,
471 3157 523 3239 24,
549 3159 599 3235 11,
625 3158 674 3222 11.
728 3155 886 3241 Ulpianus
921 3157 1006 3222 libro
1039 3160 1161 3243 septua-

154 3246 302 3331 gensimo
335 3246 439 3330 primo
472 3246 512 3310 ad
545 3246 685 3311 edictum
720 3243 768 3331 (P.
791 3245 898 3330 1597).
932 3282 970 3290 —
1007 3245 1117 3311 Aristo
1135 3291 1159 3307 ..

155 3335 268 3400 scribit
285 3358 352 3400 non
369 3333 599 3420 <omnimod0>
617 3335 798 3419 possessori
812 3356 881 3399 esse
896 3333 1160 3413 denuntiandum

227 3499 240 3545 1
261 3492 308 3546 Fl.
327 3490 421 3545 habet.

225 3568 240 3616 2
263 3562 310 3617 Fl.
329 3561 429 3617 faeere.
