2430 3944
97 158 163 223 202
182 158 229 215 lv,
243 158 463 217 VESPASIANI
476 161 551 217 ΤΙΤΙ
564 161 763 218 DOMITIANI
777 160 884 218 rsMP.
899 162 998 218 IURIS
1013 160 1118 218 CONS.

477 348 518 408 Π.
545 348 738 426 Responsa.

182 469 229 529 Ea
251 473 372 531 tantum
395 472 451 533 hoo
474 473 539 533 loeo
563 473 714 550 proposui,
738 491 814 549 quae
836 472 948 532 diserte
971 490 1119 548 responsa

95 557 301 635 designantur.
356 581 539 639 quamquam
571 562 682 638 Pegasi
712 579 857 638 responsa
889 564 995 638 postea
1028 560 1117 621 libris

94 648 208 707 tradita
235 667 300 709 esse
329 650 403 710 satis
431 653 570 727 apparet,
598 655 700 710 tamen
722 669 794 709 num
817 650 881 727 ipse
905 668 942 710 ea
964 651 997 708 in
1019 649 1116 711 libros

94 737 260 815 redegerit,
284 739 423 816 cognosci
446 739 559 817 nequit.

389 917 436 976 De
458 917 635 977 Latinorum
657 917 819 976 hereditate.

187 1037 214 1100 1.
239 1033 309 1100 cai.
324 1037 354 1118 3,
369 1037 422 1118 63,
437 1036 488 1101 64.
515 1071 553 1082 -
580 1035 716 1120 ..Lupo
741 1040 774 1099 et
793 1034 902 1121 Largo
925 1035 1116 1101 consulibus

96 1126 227 1188 senatus
256 1125 394 1209 censuit,
421 1128 459 1188 ut
482 1124 571 1189 bona
593 1124 784 1189 Latinorum
808 1125 949 1208 primum
972 1124 1013 1188 ad
1038 1147 1114 1189 eum

96 1213 304 1296 pertinerent,
321 1215 379 1297 qui
397 1235 452 1279 eos
471 1214 654 1299 liberasset3
674 1213 788 1278 deinde
809 1213 850 1277 ad
863 1212 984 1277 liberos
1000 1235 1116 1279 eorum

95 1323 162 1366 non
176 1302 366 1366 nominatim
381 1301 600 1385 exheredatos,
616 1303 664 1366 uti
679 1301 813 1386 quisque
827 1301 995 1384 proximus
1011 1308 1114 1385 esset,

96 1394 174 1456 tunc
202 1389 335 1475 antiquo
362 1390 432 1456 iure
458 1392 499 1455 ad
522 1391 655 1455 heredes
679 1412 804 1475 eorum,
832 1391 887 1474 qui
911 1391 1117 1475 liberassent,

96 1480 305 1563 pertinerent.
347 1502 412 1565 quo
440 1479 721 1544 senatusconsulto
750 1479 880 1563 quidam
902 1477 979 1562 <id>
1006 1484 1117 1544 actum

96 1590 167 1633 esse
184 1572 316 1652 putant,
335 1575 372 1633 ut
388 1568 424 1632 in
441 1568 536 1633 bonis
551 1567 742 1633 Latinorum
760 1567 871 1632 eodem
890 1569 959 1632 iure
973 1572 1118 1648 utamur,

97 1679 160 1741 quo
188 1659 311 1723 utimur
337 1658 373 1721 in
398 1657 578 1721 hereditate
602 1657 720 1722 civium
744 1655 966 1722 Romanorum
989 1657 1120 1722 liberti·

96 1767 226 1812 norum.
272 1746 369 1830 idque
393 1747 533 1810 maxime
557 1745 683 1830 Pegaso
706 1746 837 1830 placuit

187 1857 279 1919 Gaius
302 1857 400 1917 addit:
428 1852 517 1934 ‘quae
540 1855 689 1916 sententia
712 1859 816 1933 aperte
839 1857 918 1915 falsa
941 1860 996 1916 est.
1044 1876 1118 1917 nam

97 1947 171 2006 ciuis
202 1947 331 2008 Romani
366 1946 469 2007 liberti
505 1945 658 2005 hereditas
690 1964 853 2021 numquam
885 1945 923 2004 ad
956 1948 1118 2006 extraneos

97 2037 218 2112 patroni
250 2036 374 2096 heredes
403 2035 549 2112 pertinet,
576 2035 656 2094 bona
685 2037 786 2093 autem
813 2034 992 2093 Latinorum
1022 2035 1118 2094 otiam

98 2145 133 2184 ex
156 2127 212 2185 hoc
235 2126 300 2202 ipso
321 2124 581 2185 senatusconsulto
600 2143 660 2182 non
678 2121 870 2182 obstantibus
888 2122 991 2182 liberis
1010 2142 1117 2183 manu-

98 2215 232 2275 missoris
256 2214 347 2273 etiam
371 2213 409 2271 ed
434 2216 591 2273 extraneos
615 2212 739 2271 heredes
761 2205 933 2287 pertinent?

407 2392 454 2450 De
476 2390 640 2449 berede'loh's
656 2391 802 2463 peticione.

186 2512 215 2576 2.
252 2509 291 2575 D.
311 2508 341 2586 5,
359 2510 389 2590 4,
412 2511 439 2590 1,
459 2509 489 2573 3.
545 2505 704 2592 Ulpianus
741 2507 826 2572 libro
863 2507 976 2592 quinto
988 2503 1036 2593 (P)
1074 2509 1116 2573 ad

98 2600 237 2664 edictum
260 2594 310 2684 (P.
325 2593 415 2684 538).
437 2634 474 2643 —
497 2594 531 2660 Si
554 2616 614 2681 ego
639 2619 677 2661 ex
699 2600 793 2681 parte
817 2619 868 2661 me
892 2596 997 2661 dicam
1019 2596 1114 2661 here·

97 2688 183 2773 dem,
211 2686 343 2752 coheres
367 2691 472 2751 autem
500 2707 590 2750 meus
613 2686 778 2768 possideat
799 2685 1013 2750 hereditatem
1036 2704 1112 2750 cum

97 2782 262 2860 extraneo,
294 2797 367 2840 cum
399 2797 464 2840 non
497 2774 571 2858 plus
600 2773 732 2845 coheres
761 2774 896 2839 haberet
923 2796 983 2838 sua
1010 2777 1115 2859 parte,

97 2870 207 2930 utrum
231 2886 251 2928 a
274 2864 343 2930 solo
368 2868 519 2928 extraneo
544 2885 584 2927 an
604 2884 679 2928 vero
699 2865 732 2926 et
750 2886 769 2927 a
788 2862 943 2928 coherede
963 2862 1114 2928 deberem

100 2956 208 3037 petere
227 2953 448 3035 hereditatem,
467 2952 640 3036 quaeritur.
673 2955 706 3015 et
720 2950 865 3035 Pegasus
883 2951 987 3015 fertur
1002 2951 1115 3017 existi-

97 3064 203 3106 masse
232 3064 251 3106 a
279 3041 349 3107 solo
378 3044 532 3106 extraneo
559 3062 610 3104 me
633 3047 742 3124 petere
766 3040 881 3105 debere
905 3061 1042 3124 eumque
1066 3062 1114 3104 re·

98 3131 290 3195 stituturum
314 3129 466 3215 quidquid
490 3129 645 3213 possidet.

514 3314 562 3373 De
584 3313 693 3387 legates.

186 3436 216 3499 3.
241 3432 281 3497 D.
297 3433 326 3510 7,
342 3433 374 3512 1,
392 3434 445 3512 12,
459 3433 489 3498 2.
530 3432 691 3515 Ulpianus
714 3431 797 3494 libro
822 3430 959 3515 septimo
984 3429 1112 3494 decimo

98 3522 137 3587 ad
157 3521 314 3587 Sabinum
333 3520 384 3607 (P.
398 3518 509 3607 2572).
538 3558 575 3570 -
602 3519 869 3586 Usufructuarius
888 3518 940 3582 vel
960 3518 1029 3609 ipse
1048 3517 1113 3582 frui
