2430 3944
405 204 429 256 5.
453 199 570 257 TITIUS
589 200 721 258 ARISTO
999 203 1064 268 389

36 363 247 430 “nominatim
266 363 580 447 comprehendendos
600 361 732 447 Pedius3
756 365 811 429 red
830 365 952 431 ciborio
970 388 1063 432 servo

51 452 130 518 date
157 474 226 517 non
254 474 323 517 erse
350 451 541 536 imputanda
563 453 674 518 Aristo
702 450 806 539 <ait>,
833 476 909 521 nem
936 476 996 520 nee
1023 456 1064 520 ab

50 541 127 626 ipso
151 540 249 626 exigi,
273 542 358 625 quod
381 541 417 606 in
440 541 621 607 ministerio
646 543 712 608 eius
735 542 808 608 fuit.

408 717 459 783 Do
475 720 710 803 permutatione.

143 824 195 891 50.
222 824 261 889 D.
284 825 332 908 19,
350 825 381 909 4,
400 825 430 890 2.
475 824 566 890 Idem
593 823 652 910 (sc.
674 824 809 911 Paulus)
837 826 922 892 libro
951 827 1063 911 quinto

50 914 93 979 ad
121 913 287 979 Plautium
314 909 365 1001 (P.
386 910 496 1001 1117).
522 950 560 962 -
586 914 697 980 Aristo
726 915 785 1000 ait,
813 915 965 1000 quoniam
992 936 1064 999 per-

50 1003 192 1068 mutatio
220 1002 327 1068 vicine
354 1006 439 1067 esset
467 1004 638 1088 emptioni,
670 1023 785 1068 sanum
814 1025 939 1089 quoque
966 1002 1063 1068 furtis

49 1091 211 1176 noxisque
234 1091 375 1156 solutum
398 1094 431 1155 et
454 1113 519 1156 non
543 1113 612 1157 esse
632 1091 808 1178 fugitivum
827 1114 956 1158 serrum
973 1113 1064 1177 prae-

49 1179 219 1265 standum,
242 1180 297 1265 qui
320 1201 359 1245 ex
381 1177 462 1265 <eo>
485 1202 582 1246 eausa
606 1181 745 1247 daretur.

277 1396 304 1458 b.
333 1396 382 1457 Ad
405 1398 536 1458 edictum
557 1399 704 1474 praetoris
727 1399 842 1460 urbani.

391 1516 440 1583 De
461 1522 576 1600 recepto
598 1518 737 1584 arbitrio.

143 1622 195 1688 51.
226 1622 266 1688 D.
283 1624 315 1708 4,
335 1625 365 1709 8,
382 1624 434 1690 40.
484 1624 684 1707 Pomponius
715 1624 799 1691 libro
831 1624 998 1690 undecimo
1027 1646 1066 1692 ex

49 1711 164 1778 Variis
174 1711 381 1777 Lectionibus
391 1709 440 1800 (P.
450 1709 540 1798 832).
550 1711 737 1778 —Arbiter
750 1713 893 1779 calendis
902 1713 1063 1779 Ianuariis

51 1801 168 1867 adesse
191 1801 287 1865 iussit
309 1804 342 1865 et
364 1805 439 1866 ente
463 1823 536 1867 eum
560 1801 643 1865 diem
666 1802 819 1888 decessit;
843 1803 925 1867 alter
944 1824 983 1867 ex
1000 1801 1066 1866 liti·

55 1889 227 1976 gatoribus
258 1911 325 1954 non
357 1890 468 1954 adfuit.
523 1891 635 1973 procul
667 1889 764 1955 dubio
797 1912 902 1974 poena
933 1891 1066 1955 minime

54 1978 229 2044 commissa
257 1981 321 2062 est3
349 2001 426 2044 nam
454 1982 487 2043 et
515 1976 662 2044 Cossium
690 1979 816 2044 audisso
845 2001 878 2044 se
907 1977 1066 2044 dicentem

51 2065 167 2132 Aristo
196 2067 243 2132 cit
270 2067 305 2130 in
332 2088 370 2133 eo
394 2067 528 2148 arbitro,
556 2069 611 2153 qui
635 2067 704 2152 ipse
728 2089 794 2132 non
817 2068 972 2152 venisset,
1000 2088 1066 2131 non

51 2177 126 2220 esse
154 2156 375 2239 commissam,
408 2156 678 2241 quemadmodum
706 2154 835 2222 Servius
864 2156 923 2241 ait,
953 2155 981 2226 si
1009 2176 1066 2239 per

51 2244 281 2328 stipulatorem
310 2247 389 2330 stet,
417 2266 480 2329 quo
505 2245 610 2310 minus
635 2245 787 2330 accipiat,
814 2267 881 2310 non
904 2243 1066 2310 committi

51 2355 204 2418 poenam.

455 2421 504 2487 De
527 2423 667 2505 deposito.

146 2526 198 2594 52.
222 2527 260 2592 D.
279 2529 328 2611 17,
346 2531 372 2612 l,
386 2528 438 2594 39.
474 2527 628 2593 Neratius
647 2527 731 2593 libro
751 2529 889 2612 septimo
908 2527 1067 2594 Membra-

50 2639 183 2682 nerum.
212 2653 250 2664 —-
279 2616 325 2680 Et
352 2616 501 2681 Aristoni
528 2621 562 2683 et
587 2614 681 2682 Celso
709 2618 795 2702 patri
822 2616 944 2701 placuit
970 2638 1066 2701 posse

51 2727 124 2771 rem
147 2705 209 2770 hec
232 2705 419 2771 condicione
443 2705 561 2790 deponi
583 2705 833 2791 mandatumque
859 2703 933 2789 (hec
960 2705 1067 2771 condi·

52 2794 148 2860 eione
172 2793 306 2859 fiduciae
330 2792 465 2879 causat)
485 2793 613 2878 suscipi,
636 2799 673 2859 ut
694 2816 745 2859 res
768 2795 912 2879 periculo
937 2796 1005 2859 eius
1024 2794 1067 2858 sit

51 2884 111 2970 qui
144 2882 327 2966 depositum
359 2883 411 2948 vel
444 2884 632 2947 mandatum
660 2880 814 2970 (depositi
841 2883 891 2948 vel
919 2883 1065 2947 mandati

52 2967 189 3058 causat)
214 2971 364 3056 suscepit.

144 3082 267 3142 Pernice
290 3082 336 3142 HI
353 3085 414 3143 139
438 3103 468 3143 n.
483 3086 511 3142 2.

51 3261 101 3332 De
123 3261 314 3321 missionem
330 3263 542 3334 possessionem
565 3262 724 3335 lepotorum
741 3262 948 3321 soooodorom
968 3276 1065 3320 conso.

145 3377 198 3445 53.
220 3378 372 3463 D.36‚3,
388 3380 437 3446 13.
474 3377 627 3445 Neratius
646 3379 730 3444 libro
750 3379 888 3464 septimo
905 3377 1066 3442 Membra-

51 3488 183 3532 narum.
205 3503 248 3514 —
271 3467 313 3532 ni
342 3489 482 3554 quoque,
511 3469 562 3533 cui
589 3468 774 3554 legatorum
803 3466 887 3532 actio
912 3465 1065 3531 daturin

53 3578 139 3641 eum,
158 3556 215 3641 qui
232 3557 462 3641 praetermissa
475 3556 681 3623 institutione
695 3557 736 3622 ab
751 3557 906 3622 intestato
921 3555 1071 3641 possidet
