2430 3944
170 935 202 993 A
230 934 337 1010 quinto
367 935 439 1010 post
468 933 576 993 urbem
603 933 755 994 conditam
784 936 903 995 saeculo
930 936 1106 1016 prudentes,

77 1024 133 1102 qui
150 1023 306 1099 imperitis
321 1021 359 1082 de
377 1023 443 1082 iure
461 1023 685 1083 consulentibus
703 1042 849 1099 responsa
866 1024 938 1084 dare
957 1025 1105 1106 solebant,

78 1112 175 1172 iidem
190 1130 243 1172 eos
257 1111 352 1171 libros
371 1112 478 1188 quibus
497 1114 552 1171 aut
570 1111 659 1173 civile
672 1115 727 1172 aut
739 1113 935 1174 honorarium
948 1114 997 1174 ius
1010 1116 1105 1175 inter-

79 1202 289 1278 pretarentur,
311 1219 488 1277 componore
510 1204 682 1276 coeperunt,
699 1220 755 1262 uec
773 1202 933 1262 defuerunt
952 1203 1005 1282 qui
1022 1204 1104 1280 prio-

81 1309 152 1350 rum
171 1289 367 1366 prudentium
384 1289 510 1349 consilia
528 1290 705 1367 colligerent
723 1291 908 1367 collemque
922 1292 1107 1370 digererent.

81 1397 118 1438 er
136 1378 264 1438 Traiani
286 1381 391 1438 autem
413 1381 513 1438 aetate
537 1380 629 1438 etad
646 1379 827 1456 principalia
847 1383 985 1440 veterum
1004 1400 1104 1457 opera,

80 1467 233 1544 imprimis
256 1465 291 1537 Q.
313 1467 407 1527 Mucii
434 1471 466 1527 et
487 1467 616 1527 Masurii
639 1467 743 1528 Sabim
769 1467 845 1528 iuris
872 1469 971 1529 civilis
999 1469 1105 1548 libros,

83 1555 292 1616 commentarii
319 1557 588 1636 componebantur,
613 1559 645 1616 et
667 1556 721 1616 alii
742 1557 878 1631 priorum
900 1556 985 1634 libri,
1007 1559 1104 1619 veluti

82 1644 235 1706 Labeonis
254 1645 444 1720 posteriores,
458 1644 652 1722 m'epitomas
670 1645 895 1724 redigebantur,
913 1664 972 1722 quo
989 1645 1105 1706 factum

84 1736 143 1813 est,
173 1736 211 1793 ut
238 1733 310 1793 libri
335 1733 384 1792 illi
411 1734 606 1794 commentati
635 1734 682 1794 vel
715 1733 873 1811 epitomati
899 1733 933 1794 in
956 1754 1015 1794 usu
1038 1754 1104 1795 esse

84 1823 145 1882 fere
170 1823 353 1883 desinerent.
389 1821 517 1900 denique
539 1823 705 1900 imperator
722 1823 910 1883 Iustinianus
933 1842 1002 1883 cum
1025 1842 1105 1884 nova

84 1909 213 1988 Digesta
240 1929 417 1987 componore
445 1912 618 1991 statuisset,
647 1912 830 1972 Tribouiauo
854 1913 1007 1989 quaestori
1029 1913 1105 1972 haec

86 2000 241 2061 mandarit
269 1993 360 2078 (‘Deo
388 1994 522 2060 auotore'
549 2019 576 2059 a.
602 2002 667 2061 530
694 2000 764 2060 Deo.
791 1992 862 2082 15):
890 1994 1045 2059 ‘Iubemus
1069 2045 1105 2060 ..

85 2089 169 2149 robis
201 2089 397 2166 antiquorum
426 2088 705 2165 prudentium...
729 2089 822 2148 libros
850 2089 889 2148 ad
915 2089 964 2147 ins
993 2089 1104 2148 Itoma-

85 2196 157 2237 num
183 2178 371 2253 pertinentes
400 2180 431 2237 et
459 2177 561 2255 legere
588 2180 621 2237 ot
647 2178 779 2257 elimare,
806 2180 843 2237 nt
869 2196 905 2236 ex
932 2177 979 2236 his
1007 2177 1104 2237 omnis

85 2267 214 2326 materia
241 2266 416 2344 colligatur,
445 2267 532 2325 nulla
557 2257 737 2348 (secundum
764 2267 845 2345 quod
871 2265 1014 2341 possibile
1043 2258 1104 2348 est)

84 2374 181 2431 neque
209 2354 407 2415 similitudine
436 2373 534 2432 neque
563 2355 713 2416 discordia
740 2355 968 2415 derelicta
993 2354 1046 2414 sed
1073 2358 1105 2415 et

84 2444 140 2504 hoc
164 2443 337 2504 studiosum
358 2443 445 2505 vobis
468 2462 533 2503 esse
556 2446 704 2518 volumus,
727 2448 773 2521 ut,
798 2445 824 2503 si
847 2443 920 2522 quid
942 2444 975 2502 in
992 2444 1103 2505 veteri·

83 2532 139 2592 bus
162 2551 225 2592 nou
247 2532 324 2592 bene
346 2532 480 2607 positum
502 2532 588 2592 libris
607 2532 769 2594 inveniatis
787 2533 837 2593 vel
856 2533 979 2610 aliquod
998 2550 1102 2608 super·

83 2621 180 2681 fluum
193 2621 244 2682 vel
260 2621 360 2681 minus
378 2621 555 2696 perfectum,
574 2640 760 2697 supervacua
776 2620 966 2699 longitudine
986 2624 1103 2681 semota

85 2757 114 2771 ..
138 2709 222 2788 quod
248 2710 458 2786 imperfectum
486 2714 533 2770 est
560 2711 703 2787 repleatis
803 2711 860 2770 hoc
887 2712 979 2770 etiam
1006 2709 1102 2770 nihilo

83 2799 185 2859 minus
209 2798 408 2876 observando,
431 2802 475 2876 ut,
499 2800 523 2858 si
546 2799 661 2876 aliquid
682 2800 715 2858 in
737 2800 889 2859 veteribus
912 2798 1030 2876 legibus
1053 2800 1104 2859 vel

83 2887 367 2966 constitutionibus,
401 2905 476 2964 quas
507 2888 625 2965 antiqui
657 2888 689 2947 in
719 2889 781 2948 suis
811 2887 897 2947 libris
926 2890 1102 2964 posuerunt,

81 2996 143 3037 nou
167 2978 249 3036 reete
272 2977 419 3052 scriptum
441 2975 613 3054 inveniatis,
635 2980 666 3036 et
683 2978 741 3037 hoc
759 2977 930 3037 reformetis
948 2979 979 3036 et
997 2976 1102 3037 ordine

81 3065 241 3126 moderato
268 3064 412 3144 tradatis,
440 3068 474 3124 ut
501 3066 557 3125 hoc
584 3065 726 3125 videatur
748 3066 922 3143 ...quasi
947 3066 986 3124 ab
1014 3066 1102 3124 initio

82 3154 243 3230 scriptum,
266 3153 389 3231 quoda
410 3153 495 3213 vobis
519 3154 649 3214 electum
672 3157 703 3214 et
724 3151 768 3213 ibi
790 3154 924 3231 positum
944 3155 1048 3233 fuerit,
1071 3156 1103 3213 et

80 3261 172 3304 nemo
202 3261 239 3302 ex
266 3243 488 3317 comparatione
515 3244 628 3303 veteris
656 3244 818 3304 voluminis
847 3244 934 3321 quasi
961 3243 1102 3305 vitiosam

80 3333 269 3410 scripturam
291 3348 417 3408 arguere
440 3325 572 3391 audeat?

173 3419 291 3479 Deinde
318 3437 345 3478 a.
365 3421 427 3479 533
452 3419 524 3480 Deo.
549 3423 589 3482 16
617 3419 698 3480 idem
724 3420 910 3481 Iustiniauus
939 3415 989 3479 ‘ad
1017 3437 1102 3478 sena-

80 3514 150 3571 tum
179 3512 212 3568 et
240 3524 342 3566 omnes
369 3503 508 3585 populos'
535 3510 658 3588 scripsit
684 3502 820 3594 (uentu
849 3507 870 3590 ξ
894 3500 967 3596 lul:
993 3502 1111 3571 ‘'lants.
