2430 3944
237 185 270 241 Il.
290 184 528 242 INCFRTORUM
547 186 779 243 SENTENTIAE
800 188 845 242 ΕΤ
863 187 969 243 LIBRI.
1045 190 1110 253 549

96 347 255 432 ‘plurimi'
287 349 415 433 quidem
447 349 581 414 verbum
615 348 760 415 adicitur.
810 353 844 415 et
874 351 946 415 irleo
979 352 1110 437 quidam

98 442 296 520 putaverunt
319 438 458 502 liberum
479 459 548 502 esse
567 438 664 503 iudici
684 438 724 502 ad
742 439 775 503 id
794 443 922 523 tempus
940 462 978 505 ex
998 440 1110 504 diebus

96 525 190 591 XXX
214 528 474 591 aestimationem
501 526 659 611 redigere,
686 549 749 611 quo
773 527 904 611 plurimi
929 550 981 593 res
1004 529 1111 611 fuerit,

95 617 147 680 vel
173 615 269 679 adid
293 637 356 700 quo
380 614 513 680 minoris
537 615 642 679 fuerit.

187 717 460 795 ef.1[,1p.5a1.

187 818 240 884 95.
270 817 309 883 D.
333 819 390 903 47,
415 819 470 905 10,
492 818 543 883 25.
597 818 687 882 Idem
728 816 785 903 (sc.
818 816 994 906 Ulpianus)
1026 819 1109 884 libro

98 911 213 973 octavo
230 907 354 972 decimo
370 907 409 971 ad
427 909 575 972 edictum.
589 943 627 953 —-
703 908 730 970 si
745 907 901 991 virginem
914 910 1110 972 inmaturam

98 996 307 1080 stupraverit,
335 996 432 1059 etiam
460 996 542 1080 legis
567 997 717 1081 Aquiliae
746 995 904 1060 actionem
929 1002 1109 1080 competere

96 1085 229 1168 quidam
252 1088 374 1168 putant.

186 1173 239 1239 96.
272 1171 387 1238 (lollat
408 1174 463 1256 12,
483 1175 515 1257 7,
536 1174 586 1237 10.
628 1172 785 1257 Ulpianus
813 1173 897 1237 libro
926 1172 1040 1237 XVIII
1069 1173 1109 1238 ad

96 1263 247 1328 edictum.
272 1299 310 1310 -
337 1260 502 1326 ..Celsus
603 1263 728 1327 scribit:
756 1263 784 1326 si
813 1283 884 1326 cum
914 1284 990 1345 apes
1019 1284 1109 1326 meae

95 1351 137 1414 ad
161 1355 235 1414 tuas
257 1351 472 1434 advolassent,
492 1354 528 1414 tu
552 1372 606 1414 eas
625 1351 795 1436 exusseris,
813 1351 969 1435 quosdam
990 1372 1110 1437 negare

95 1444 279 1522 competere
316 1440 397 1524 legis
431 1439 580 1524 Aquiliae
617 1439 790 1521 actionem,
908 1440 999 1524 quasi
1033 1461 1109 1524 apes

94 1528 220 1592 domini
244 1529 307 1592 mei
330 1550 396 1592 non
418 1527 547 1592 fuerint.

448 1694 495 1751 Dc
517 1695 623 1752 domno
646 1694 757 1766 infecto.

186 1803 238 1867 97.
266 1801 305 1866 D.
324 1803 381 1886 39,
401 1804 433 1881 2,
454 1803 503 1867 36.
545 1801 666 1866 Paulus
693 1802 776 1866 libro
805 1801 928 1867 decimo
955 1803 993 1866 ad
1019 1801 1107 1867 Sabi·

96 1914 185 1957 num.
202 1927 245 1938 -
265 1941 294 1956 ..
314 1892 360 1954 ita
379 1891 529 1954 idoneum
549 1913 618 1954 esse
638 1889 696 1973 (sc.
715 1891 871 1975 parietem
890 1889 1108 1979 communem)

95 1981 241 2065 plerique
265 1980 427 2057 dixerunt,
450 1984 486 2043 ut
509 1982 719 2062 utrarumque
742 1979 869 2042 aedium
893 2000 1003 2057 onera,
1026 2001 1109 2063 quae

94 2069 192 2134 modo
207 2070 277 2134 iure
289 2070 508 2152 imponantur,
518 2069 696 2133 communis
706 2067 813 2153 paries
826 2069 983 2132 sustinere
994 2067 1107 2153 possit.

186 2157 238 2224 98.
268 2156 308 2222 D.
327 2159 379 2240 39,
399 2157 429 2240 2,
449 2157 476 2220 6.
516 2157 615 2221 Gaius
650 2157 733 2222 libro
763 2157 868 2241 primo
899 2156 938 2220 ad
970 2157 1107 2220 edietum

93 2246 305 2330 provinciale.
330 2280 372 2292 -
395 2245 516 2309 Evenit
544 2251 580 2311 ut
611 2268 853 2330 nonnumquam
882 2245 998 2309 damno
1032 2244 1107 2308 dato

93 2336 186 2399 nulla
226 2335 320 2399 nobis
358 2338 520 2418 competat
559 2334 644 2400 actio
681 2358 745 2400 non
782 2334 975 2418 interposita
1011 2336 1108 2398 antea

94 2424 254 2504 cautione,
278 2424 379 2487 veluti
403 2423 431 2486 si
450 2423 548 2487 vicini
569 2422 664 2487 aedes
682 2424 832 2488 ruinosae
851 2422 884 2486 in
904 2444 992 2486 meas
1013 2421 1107 2486 aedes

94 2512 277 2594 ceciderint,
297 2511 376 2576 adeo
396 2515 432 2574 ut
451 2511 613 2594 plerisque
632 2513 790 2596 placuerit
808 2533 867 2576 uec
887 2511 959 2595 cogi
979 2510 1107 2596 quidem

93 2622 170 2665 eum
202 2622 311 2684 posse,
344 2603 381 2664 ut
411 2600 526 2664 rudera
557 2601 665 2684 tollat,
697 2601 725 2664 si
757 2600 853 2664 modo
887 2601 994 2663 omnia
1026 2621 1107 2684 quae

93 2691 225 2754 iaceant
246 2711 305 2772 pro
329 2688 479 2753 derelicto
503 2688 630 2753 habeat.

498 2847 548 2912 De
570 2849 704 2913 iniuriis.

184 2963 237 3027 99.
260 2963 299 3028 D.
314 2963 366 3046 28,
383 2963 410 3043 1,
426 2964 477 3027 26.
513 2962 612 3027 Gaius
631 2963 715 3027 libro
734 2963 888 3027 vicesimo
909 2962 1046 3027 secundo
1067 2963 1106 3024 ud

94 3052 237 3116 edictum
272 3052 480 3136 provinciale.
511 3088 549 3096 —
581 3049 661 3116 Cum
699 3053 770 3134 lege
808 3052 879 3135 quis
911 3050 1106 3114 intestabilis

94 3143 226 3205 iubetur
254 3162 337 3222 esse,
365 3162 403 3204 eo
431 3141 585 3223 pertinet,
612 3161 653 3203 ne
681 3142 748 3204 eius
776 3139 998 3203 testimouium
1031 3139 1107 3201 reci-

94 3230 206 3313 piatur
230 3235 262 3293 et
286 3251 323 3294 eo
348 3229 503 3312 amplius,
527 3233 563 3292 ut
587 3229 716 3312 quidam
740 3232 866 3311 putant,
889 3248 930 3290 ne
954 3223 1023 3290 vetl
1044 3225 1106 3308 ipsi

95 3318 222 3383 dicatur
243 3316 476 3382 testimonium.

184 3420 229 3478 De
252 3420 319 3498 lege
344 3418 482 3480 Cornelia
505 3438 601 3478 sermo
625 3423 679 3479 est.
716 3419 753 3479 cf.
771 3419 875 3496 D.4v‚
892 3419 942 3495 10,
958 3419 986 3497 5,
1002 3419 1029 3477 9.

168 3558 182 3606 1
203 3553 249 3609 Fr.
268 3570 347 3610 neve.
