2430 3944
444 174 469 226 9.
487 169 696 226 ATILIUINUS
1010 171 1072 236 187

57 334 184 399 mulieri
220 334 374 418 putabat,
410 332 501 399 iussu
538 333 606 398 eius
644 333 729 399 dotis
760 333 892 398 nomine
924 335 1074 418 promisit

58 421 183 510 (dotem
206 422 326 508 dixin)
354 443 473 506 sponso
502 425 535 486 et
561 423 669 488 solvit.
714 423 846 507 nuptiae
870 423 985 488 deinde
1006 446 1074 488 non

56 514 319 577 intercesserunt
366 511 550 596 quaesitum
578 514 640 594 est,
669 513 777 575 utrum
800 512 871 595 ipse
894 515 1004 595 potest
1026 535 1074 576 re·

54 603 166 686 petere
189 622 263 664 eam
285 601 455 685 pecuniam
479 600 534 683 qui
557 599 707 682 dedisset,
730 621 773 664 an
798 598 921 665 mulier.
964 598 1074 665 Nerva

55 687 234 755 Atilicinus
274 688 526 773 responderunt,
569 689 722 771 quoniam
758 692 908 771 putasset
944 689 1074 791 quidem

56 779 174 842 debere
205 777 392 862 pecuniam,
424 776 480 840 sed
513 778 700 862 exceptione
729 777 795 841 doli
822 778 901 841 mali
928 778 1012 841 tueri
1040 799 1074 842 se

55 866 235 950 potuisset,
266 867 373 949 ipsum
400 866 631 968 repetiturum,
660 865 716 930 sed
744 866 785 948 si,
813 888 886 931 cum
915 866 1012 930 sciret
1040 889 1074 931 se

55 955 139 1020 nihil
163 954 294 1019 mulieri
318 955 449 1036 debere,
474 954 687 1038 promisisset,
708 917 855 1019 mulieris
879 977 949 1020 esse
973 956 1075 1020 actio-

55 1065 144 1122 nem,
173 1043 328 1128 quoniam
352 1043 490 1126 pecunia
513 1043 554 1108 ad
577 1065 649 1108 eam
671 1044 858 1127 pertineret.
900 1045 942 1124 [si
966 1049 1075 1109 autem

56 1153 131 1198 vere
149 1132 282 1198 debitor
299 1131 417 1197 fuisset
436 1135 469 1195 et
487 1136 563 1197 ante
577 1131 708 1216 nuptias
728 1132 878 1202 solvisset
892 1136 926 1196 et
939 1133 1075 1216 nuptiae

57 1225 189 1286 secutae
225 1243 291 1286 non
326 1220 482 1304 fuissent,
518 1222 587 1305 ipse
624 1221 729 1305 possit
760 1220 941 1306 condicere,
978 1242 1076 1286 causa

58 1309 161 1374 debiti
189 1309 319 1395 integra
347 1309 476 1374 mulieri
499 1309 539 1373 ad
562 1309 625 1374 hoc
650 1310 755 1374 solum
778 1315 942 1395 manente,
970 1318 1006 1374 ut
1034 1311 1075 1375 ad

56 1398 140 1463 nihil
165 1396 256 1463 aliud
279 1398 407 1463 debitor
429 1399 657 1483 compellatur,
685 1399 750 1462 nisi
773 1403 810 1463 ut
833 1399 927 1464 cedat
949 1399 979 1463 ei
1002 1420 1075 1464 con·

56 1487 190 1553 dicticie
213 1485 364 1572 actione]

388 1617 553 1685 Oornmuai
574 1619 749 1684 dividundo.

146 1735 180 1799 4.
202 1733 242 1799 D.
259 1733 310 1815 10,
324 1735 355 1814 3,
368 1734 398 1817 6,
411 1735 442 1797 4.
484 1731 643 1817 Ulpianus
666 1735 751 1799 libro
774 1756 861 1799 nono
886 1735 1009 1801 decimo
1034 1736 1075 1800 ad

56 1824 202 1888 edictum
212 1821 261 1908 (P.
271 1819 428 1906 639b).-
443 1871 469 1886 ..
484 1827 517 1887 et
530 1826 657 1906 partem
671 1823 781 1888 venire
797 1822 895 1908 (scin
912 1825 1075 1889 communi

56 1912 238 1978 dividundo
253 1909 423 1997 iudicium)
438 1906 579 1975 Sabinus
594 1916 627 1975 et
640 1910 816 1976 Atilicinus
830 1912 1074 1996 responderunt.

148 2000 179 2065 5.
196 2000 378 2080 Diffidet.
394 2037 436 2064 -.
452 1998 514 2064 Sed
528 2005 562 2064 et
576 2001 793 2065 accessionem
808 2004 841 2063 et
855 2000 1074 2065 decessionem

54 2091 118 2156 hoc
141 2087 297 2153 iudicium
321 2090 467 2173 accipere
489 2088 574 2153 idem
598 2090 873 2155 existimaverunt.

462 2248 512 2314 De
534 2249 679 2313 socictate.

149 2365 180 2428 6.
202 2362 242 2427 D.
255 2363 408 2449 17,2,52‚
419 2365 471 2428 18.
497 2361 585 2427 Idem
601 2360 659 2449 (sc
669 2358 844 2449 Ulpianus)
859 2362 943 2427 libro
957 2362 1076 2447 trigen-

57 2454 144 2518 simo
168 2454 273 2535 primo
298 2453 338 2516 ad
362 2452 503 2517 edictum
526 2449 576 2538 (P.
587 2448 694 2537 9224).
713 2489 757 2498 -
793 2451 929 2536 ..apud
952 2453 1075 2516 veteres

55 2545 236 2622 tractatur,
268 2564 309 2605 an
343 2541 449 2606 socius
483 2542 627 2605 omnium
660 2501 834 2621 bonorum,
867 2541 896 2604 si
929 2540 1006 2626 quid
1034 2541 1075 2605 ob

56 2631 252 2696 iniuriarum
286 2631 447 2695 actionem
477 2630 650 2694 damnatus
677 2630 802 2713 praesti
803 2592 892 2714 te'rit,
925 2652 964 2693 ex
991 2652 1076 2694 com-

57 2720 152 2784 muni
180 2722 397 2802 consequatur
424 2723 461 2782 ut
482 2722 635 2802 praestet.
681 2722 714 2783 et
737 2718 912 2783 Atilicinus
937 2717 1076 2783 Sabinus

59 2807 196 2874 Cassius
219 2807 468 2891 responderunt,
497 2807 525 2871 si
547 2807 669 2872 iniuria
691 2806 806 2872 indicis
830 2808 1002 2871 damnatus
1026 2808 1077 2890 sit,

59 2899 325 2979 consecuturum,
353 2895 381 2959 si
405 2897 445 2960 ob
468 2897 662 2961 maleficium
686 2918 793 2977 suum,
818 2896 925 2979 ipsum
948 2900 1076 2960 tantum

59 2985 216 3049 damnum
244 2984 363 3048 sentire
392 2983 516 3048 debere.
558 2985 609 3049 cui
632 2985 795 3070 congruit,
819 2985 904 3068 quod
928 2983 1076 3050 Servium

57 3072 266 3158 respondisse
289 3072 437 3137 Aufidius
459 3072 568 3138 refert.

468 3232 518 3297 De
535 3234 672 3315 pipnore.

152 3350 181 3413 ἵ.
211 3347 251 3413 D
269 3349 322 3433 44,
339 3348 371 3431 4,
389 3349 420 3427 4,
439 3349 468 3413 8
517 3344 677 3430 Ulpianus
703 3347 787 3410 libro
816 3345 1076 3431 septuagensimo

60 3442 154 3504 sexto
175 3438 216 3501 ad
235 3399 374 3502 edictuni
393 3435 442 3522 (Ρ.
457 3432 636 3518 1677b).-
658 3435 876 3519 .quaeritur,
896 3435 923 3498 si
942 3433 1076 3497 uniones

60 3526 124 3592 tibi
150 3526 281 3611 pignori
308 3526 486 3591 dederoet
513 3523 714 3608 convenerit,
744 3527 781 3588 ut
809 3524 914 3588 soluta
942 3521 1078 3605 pecunia
