2430 3944
436 186 461 237 8.
480 179 634 237 URSDIUS
652 180 776 238 FEROX
1049 181 1113 246 175

94 349 269 428 fragments
300 349 464 409 secundum
494 349 605 409 Iuliani
636 349 783 410 librorum
813 350 964 428 ordinem,
996 350 1116 426 qualem

95 456 188 515 supra
210 438 365 518 proposui,
389 437 528 498 exhibere
550 437 691 497 idoneum
713 438 842 500 uidetur.

493 615 603 677 Liber
624 615 723 675 I-X.

475 724 526 791 De
548 727 743 791 testamentis.

188 831 233 898 1?
257 830 297 897 D.
311 831 364 913 29,
377 832 409 914 2,
423 831 477 916 45,
489 831 521 897 4.
551 830 643 896 Idem
661 827 895 921 (scllulienus)
909 831 991 897 libro
1010 832 1115 916 primo

97 920 136 985 nd
165 918 323 986 Urseium
349 919 503 985 Ferocem
530 917 580 1007 (P.
599 917 689 1006 884).
721 957 758 966 -
789 943 890 987 ...a
922 921 1115 1004 quibusdem

97 1008 321 1094 respondetur,
341 1009 370 1074 si
388 1009 472 1074 liber
486 1008 586 1074 homo
599 1009 655 1093 qui
668 1010 755 1075 bonu
769 1010 832 1074 fide
845 1009 928 1074 mihi
943 1010 1116 1094 serviebat,

98 1102 232 1182 propter
254 1118 306 1162 me
328 1097 423 1162 heres
444 1096 614 1163 institutus
634 1098 705 1184 erit,
726 1119 823 1183 posse
842 1119 915 1163 eum
934 1098 1025 1163 iussu
1044 1120 1115 1164 meo

100 1186 185 1252 edire
210 1186 435 1251 hereditatem.

185 1279 280 1358 Apud
302 1280 453 1339 Iulianum
477 1280 603 1356 legitur:
631 1273 727 1357 ‘quod
750 1299 768 1339 a
792 1281 972 1358 quibusdum
994 1299 1116 1357 respon·

101 1368 186 1429 detur
287 1368 371 1428 edire
392 1368 606 1445 hereditatem,
633 1371 734 1445 potest
756 1388 862 1431 verum
884 1363 961 1429 esse'
984 1373 1016 1429 et
1041 1390 1068 1447 q.
1093 1389 1116 1429 1.

412 1521 463 1588 De
485 1523 628 1608 lepitimis
649 1523 815 1589 heredebus.

188 1630 232 1696 22
256 1628 297 1694 D.
310 1629 369 1711 46,
382 1629 412 1711 3,
426 1630 478 1696 36.
515 1629 662 1695 Iulianus
680 1630 765 1696 libro
783 1630 890 1715 primo
909 1632 949 1695 ud
964 1630 1115 1697 Urseium

102 1717 255 1784 Ferocem
280 1714 329 1803 (P.
344 1715 433 1804 886).
457 1755 499 1766 -
524 1717 559 1783 Si
584 1723 678 1802 peter
699 1741 792 1783 meus
814 1723 993 1805 praegnate
1017 1741 1117 1784 uxore

105 1807 216 1873 relicta
244 1806 418 1872 decesserit
445 1810 478 1871 et
505 1828 544 1871 ex
572 1829 670 1872 causo
696 1806 893 1872 hereditarie
915 1811 1023 1872 totum
1045 1808 1116 1893 hoc,

105 1895 188 1982 quod
215 1896 304 1980 putri
331 1916 402 1960 meo
432 1894 577 1961 debitum
603 1896 733 1982 fuisset,
759 1897 927 1978 petissem,
955 1897 1039 1960 nihil
1066 1919 1116 1961 me

105 1984 343 2068 consumpsisse
373 1982 504 2067 quidam
532 1983 733 2070 existiment,
754 1982 805 2068 <si
828 1989 997 2069 postumus
1020 1993 1117 2051 nutus

105 2074 179 2158 sit>3
200 2073 346 2138 sinemo
364 2076 461 2138 nctus
481 2073 533 2156 sit,
551 2077 637 2138 recte
656 2095 707 2138 me
727 2076 842 2158 egisse,
861 2074 936 2158 quia
954 2075 990 2137 in
1008 2095 1116 2138 rerum

105 2166 222 2227 nutura
245 2182 357 2226 verum
379 2161 495 2226 fuisset
518 2182 569 2225 me
593 2163 698 2227 solum
720 2161 871 2227 heredem
895 2161 1005 2226 fuisse.

188 2256 327 2315 Iulianus
345 2257 444 2315 notet:
464 2249 574 2316 ‘verius
594 2258 641 2315 est
658 2274 705 2314 me
725 2274 792 2314 cem
810 2258 928 2331 purtem
942 2255 1116 2334 perdidisse,

105 2364 153 2420 pro
177 2363 240 2422 qun.
261 2344 349 2403 heres
372 2343 506 2420 fuissem,
529 2348 690 2420 antequam
708 2347 823 2404 certum
841 2344 950 2403 fuisset
967 2344 1117 2404 neminem

105 2434 196 2510 nasci,
231 2435 286 2491 cut
317 2434 456 2508 quartum
483 2435 614 2510 pertom,
646 2433 717 2508 qnia
743 2437 805 2492 tres
833 2433 919 2492 nasci
944 2437 1116 2510 potuerunt,

105 2526 153 2582 cut
181 2523 316 2596 sextum,
344 2521 414 2598 quic
442 2521 580 2598 quinque.
627 2541 698 2580 num
730 2525 761 2581 et
789 2521 969 2582 Aristoteles
998 2522 1118 2598 scripsit

107 2611 236 2688 quinque
263 2609 348 2668 nesci
375 2628 475 2688 posse,
502 2611 574 2686 quin
600 2611 708 2671 vulvae
735 2611 896 2669 mulierum
921 2611 1048 2670 totidem
1070 2630 1116 2669 re·

108 2699 261 2775 cepteculn
288 2697 400 2757 habere
422 2700 562 2774 possunt,
590 2702 621 2759 et
644 2717 709 2758 esse
731 2699 887 2758 mulierem
909 2700 1021 2759 Romae
1044 2699 1117 2759 Alc-

108 2787 280 2847 xundrinam
314 2785 352 2845 ab
380 2785 533 2864 Aegypto,
567 2806 642 2864 qnae
671 2787 799 2864 quinque
828 2788 917 2847 simul
943 2788 1060 2864 peperit
1087 2792 1118 2847 et

110 2879 169 2934 tum
190 2875 326 2935 habebut
347 2875 520 2953 incolumes,
543 2880 574 2935 et
596 2877 646 2936 hr'c
669 2881 700 2936 et
717 2877 749 2934 in
766 2876 906 2953 Aegypto
925 2877 1117 2937 adfirmatum

111 2969 152 3024 cst
171 2958 268 3024 mihi'.

191 3053 229 3113 of.
253 3051 379 3112 Pernice
402 3053 430 3128 I,
450 3054 525 3113 372.

516 3223 567 3290 De
589 3226 703 3308 opacis.

437 3347 484 3406 Dc
505 3348 661 3420 usufructu
684 3347 783 3420 leculo.

194 3446 223 3512 3.
252 3445 291 3511 D.
308 3448 336 3531 7,
350 3447 381 3530 4,
397 3447 447 3531 10,
461 3446 491 3512 5.
539 3446 703 3532 Ulpianus
722 3447 806 3512 libro
831 3446 969 3531 septimo
993 3445 1116 3511 decimo

118 3532 151 3598 sd
180 3533 336 3601 Sabinum
363 3533 412 3621 (P.
435 3535 561 3622 recob).
592 3574 630 3583 -
661 3535 695 3601 Si
727 3557 852 3602 massae
884 3557 963 3602 usus
992 3535 1123 3600 tructus
