2430 3944
148 178 170 240 4
206 176 254 232 ΙΙΙ.
269 173 345 231 GAII
360 172 508 228 CLAUDII
521 172 657 228 NERON.
669 172 935 244 GALBAERTEMP.
950 173 1046 229 IURIS
1061 173 1167 231 CONS.

474 329 518 388 De
535 335 641 388 heredis
659 335 837 388 institutione.

240 439 268 501 1.
293 434 331 499 D.
351 435 403 513 28,
421 433 451 518 5,
471 435 522 498 70.
568 432 723 499 Proculus
750 434 833 498 libro
863 433 1003 498 secundo
1031 433 1169 518 Epistu-

150 527 263 591 larum.
273 559 317 570 -
331 521 514 588 ‘Cornelius
530 527 562 586 et·
575 523 730 606 Maevius,
745 527 816 586 uter
830 544 940 586 eorum
957 523 1052 605 volet,
1072 525 1170 588 heres

151 614 243 680 esto’.
286 618 418 697 uterque
441 612 520 676 vult.
558 611 729 676 Trebatius
749 614 899 675 neutrum
918 612 986 675 fore
1005 611 1169 696 heredem,

151 702 305 768 Curtilius
330 705 510 785 utrumque.

408 857 452 911 De
469 873 545 912 oeroo
563 873 625 912 oum
643 859 720 912 ianoe
738 857 911 912 commodato.

241 960 271 1022 2.
290 958 328 1023 D.
345 959 396 1040 13,
411 959 441 1040 6,
455 957 485 1040 5,
502 959 551 1023 13.
584 956 744 1042 Ulpianus
759 957 842 1022 libro
858 957 1034 1021 vicensimo
1050 961 1170 1024 octavo

152 1049 192 1113 ad
221 1047 360 1111 edietum
384 1046 432 1130 (P.
447 1043 537 1132 805).
561 1083 604 1092 -
628 1045 663 1110 si
690 1067 741 1110 me
768 1047 949 1131 rogaveris,
978 1050 1014 1108 ut
1038 1067 1171 1112 servum

152 1137 214 1201 tibi
241 1158 313 1200 oum
341 1135 432 1199 lance
461 1135 698 1200 commodarem
722 1138 755 1198 et
779 1155 890 1199 servus
914 1135 1039 1198 lancem
1063 1135 1171 1218 perdi-

154 1225 247 1308 derit,
273 1223 426 1289 Cartilius
450 1224 497 1288 ait
519 1223 700 1307 perieulum
724 1224 765 1288 ad
787 1226 820 1288 te
843 1223 1013 1308 respicere,
1036 1245 1114 1287 nam
1138 1227 1172 1288 et

153 1314 279 1378 lancem
314 1311 415 1377 videri
448 1313 700 1395 commodatam,
738 1333 836 1398 quare
869 1312 997 1397 culpam
1030 1311 1064 1375 in
1098 1333 1170 1376 eam

155 1423 282 1487 quoque
300 1401 539 1486 praestandam.
583 1401 693 1486 [plane
713 1402 739 1464 si
760 1422 870 1465 servus
891 1422 963 1465 oum
983 1422 1021 1464 ea
1039 1399 1172 1486 fugerit,

155 1512 227 1554 eum
256 1491 312 1574 qui
340 1491 579 1555 commodatum
603 1489 728 1575 aooepit
749 1511 816 1554 non
839 1491 954 1568 teneri,
983 1490 1048 1553 nisi
1070 1490 1171 1574 fugae

154 1580 325 1663 praestitit
344 1579 498 1663 eulpam]

186 1747 188 1750 .
245 1690 421 1750 Triboniani
445 1689 690 1748 addidamentum
714 1690 840 1767 agnovit
862 1689 994 1749 Pernioe.

371 2099 373 2102 Α
407 1993 448 2076 2.
476 1997 653 2071 maros
680 1996 928 2071 rodomas

246 2143 321 2202 iuris
352 2142 467 2218 peritus
498 2143 633 2220 ignotus,
664 2143 723 2201 nisi
750 2143 829 2219 quod
857 2144 894 2201 ab
923 2143 1064 2201 Aristone
1093 2144 1174 2218 apud

157 2232 355 2308 Pomponium
378 2232 532 2308 laudatur,
560 2250 648 2307 quem
672 2231 838 2290 Mommsen
861 2226 1038 2290 ‘Varronem
1062 2231 1174 2290 Luoul-

159 2315 234 2379 lum’
260 2314 290 2400 (I
308 2340 336 2395 p.
355 2311 431 2398 108)
456 2338 520 2378 esse
545 2318 662 2378 oonioit.
707 2319 743 2377 of.
765 2318 903 2398 Kruoger
925 2341 953 2395 p.
970 2322 1041 2380 157.
1080 2320 1175 2379 Lenol

158 2407 192 2468 P.
206 2408 237 2467 H
260 2409 416 2491 ool.,1208
441 2427 468 2466 n.
488 2408 516 2464 2.
815 2448 816 2451 ¹

365 2559 409 2612 De
427 2559 511 2613 libero
528 2560 635 2613 homine
653 2560 701 2628 qui
719 2559 791 2614 bona
808 2560 861 2627 fide
879 2561 967 2614 servit.

251 2659 289 2724 D.
302 2660 355 2742 41,
371 2660 400 2740 1,
418 2659 466 2723 19.
507 2657 705 2744 Pomponius
728 2659 813 2724 libro
837 2661 935 2724 tertio
955 2660 995 2723 ad
1016 2658 1176 2724 Sabinum

160 2745 211 2835 (P.
225 2744 314 2833 414).
339 2784 382 2793 -
404 2746 503 2811 Liber
529 2747 641 2831 homo,
669 2749 725 2832 qui
752 2749 838 2814 bona
866 2747 928 2811 fide
956 2748 1037 2812 mihi
1066 2750 1177 2835 servit,

161 2835 264 2922 quod1
292 2858 330 2900 ex
358 2837 465 2920 operis
493 2839 558 2900 suis
587 2842 644 2900 aut
671 2857 767 2901 exre
791 2859 863 2901 mea
886 2840 1030 2921 pararet,
1058 2838 1099 2901 ad
1124 2859 1177 2904 me

36 2971 39 2979 .
160 2926 323 3009 pertinere
355 2925 424 2989 sine
457 2925 555 2989 dubio
583 2925 696 2989 Aristo
729 2927 789 3009 ait,
822 2925 907 3008 quod
937 2947 1013 2990 vero
1044 2927 1116 3009 quis
1146 2927 1177 2991 ei

162 3014 330 3078 donaverit
358 3016 415 3078 aut
438 3035 476 3078 ex
498 3014 630 3097 negotio
655 3018 748 3099 gesto
772 3014 974 3099 adquisierit,
1004 3014 1044 3079 ad
1066 3015 1177 3097 ipsum

161 3103 332 3186 pertinere.
387 3102 442 3165 sed
480 3101 691 3166 hereditatem
728 3103 911 3187 legatumve
947 3125 1013 3169 non
1049 3102 1179 3186 adquiri

163 3190 244 3254 mihi
266 3212 324 3274 per
347 3212 428 3274 eum,
452 3191 527 3274 quia
551 3212 653 3275 neque
677 3212 773 3255 exre
796 3213 868 3256 mea
886 3213 989 3274 neque
1009 3213 1048 3255 ex
1068 3192 1177 3275 operis

163 3285 225 3343 suis
244 3279 276 3342 id
289 3279 341 3352 ⁴sit
360 3300 419 3344 neo
438 3279 507 3344 ulla
526 3279 593 3344 eius
614 3301 713 3363 opera
733 3285 817 3344 esset
834 3281 868 3344 in
888 3281 997 3364 legato
1018 3281 1065 3360 [in
1084 3281 1177 3345 here-

164 3367 263 3431 ditate
288 3368 504 3452 aliquatenus,
529 3370 605 3452 quia
625 3390 683 3452 per
709 3369 816 3452 ipsum
837 3368 1007 3452 adiretur],
1031 3370 1118 3454 quod
1143 3374 1178 3435 et

237 3548 250 3596 l
270 3542 317 3598 Π.
335 3542 364 3598 id
383 3543 466 3612 quod.
