2430 3944
210 201 245 258 11.
263 201 505 258 INCERTORUM
523 202 751 258 SENTENTIAE
770 202 817 257 ET
834 203 941 260 LIBRI.
1018 206 1081 269 547

487 382 537 448 De
559 385 668 449 tutelis.

158 508 210 573 82.
238 506 357 590 Gail,
374 508 447 572 184.
479 543 517 554 -
548 505 634 572 Olim
664 529 737 572 cum
764 508 847 592 logis
874 508 1018 574 actiones
1046 511 1081 576 in

64 619 129 660 usu
155 599 256 674 erant,
282 595 381 660 etiam
406 617 443 659 ex
467 595 524 660 illa
547 617 643 660 causa
666 599 755 662 tutor
777 596 923 677 dabatur,
947 599 974 660 si
997 599 1081 664 inter

63 689 211 750 tutorem
229 692 263 750 et
280 684 447 748 mulierem
465 684 665 768 pupillumve
684 685 756 770 lege
774 687 935 771 agendum
953 692 1023 752 erat

65 775 124 839 sed
152 778 229 858 post
257 773 403 838 sublatas
425 773 507 858 legis
532 774 674 838 actiones
698 773 829 859 quidam
856 779 974 859 putant
997 776 1081 842 hanc

66 863 210 948 speciem
229 861 327 926 dandi
345 864 464 927 tutoris
482 863 516 925 in
535 884 597 926 usu
619 883 690 927 esse
708 863 850 928 desiisse.
879 863 951 928 aliis
971 868 1079 929 autem

64 953 176 1036 placet
203 951 307 1015 adhue
328 951 363 1015 in
386 972 447 1014 usu
471 972 554 1031 esse,
582 951 610 1014 ei
637 951 783 1036 legitimo
811 952 929 1017 iudicio
954 957 1080 1038 agatur.

157 1049 209 1115 83.
233 1048 304 1113 Gai.
321 1050 349 1132 1,
366 1049 438 1114 188.
461 1085 505 1095 -
605 1053 740 1133 apparet
763 1054 842 1133 quot
864 1050 929 1113 sint
957 1051 1079 1135 species

65 1138 253 1203 tutelarum.
304 1138 331 1200 si
362 1158 439 1201 vero
468 1158 673 1221 quaeramus,
705 1137 739 1200 in
766 1143 845 1221 quot
872 1158 991 1224 genera
1018 1139 1080 1204 hae

67 1226 194 1311 species
223 1225 427 1307 diducuntur,
454 1225 554 1310 longa
581 1225 644 1291 crit
670 1225 847 1310 disputatio
946 1227 1003 1292 alii
1030 1233 1080 1294 tot

67 1337 189 1400 genera
212 1336 282 1379 esse
304 1314 518 1397 crediderunt,
541 1317 620 1397 quot
643 1314 743 1379 etiam
766 1312 1028 1399 species'essent.

156 1413 208 1478 84.
223 1411 417 1494 (1111112.
436 1447 473 1458 -
491 1460 519 1477 ..
534 1410 718 1477 fiduciarius
734 1433 860 1496 quoque
870 1411 1078 1499 (sutntoree)

65 1501 201 1586 quidam
228 1505 424 1585 putaverunt
451 1499 610 1565 cudendae
638 1501 760 1565 tutelae
787 1500 840 1565 ius
861 1523 927 1567 non
950 1502 1078 1584 habere,
1109 1551 1110 1554 ,

64 1613 140 1656 cum
163 1590 227 1674 ipsi
251 1611 285 1653 se
309 1589 399 1654 oneri
423 1588 626 1653 subiecerint.

156 1687 208 1752 85.
230 1685 270 1750 Ι).
285 1687 341 1768 26,
357 1688 391 1768 1,
406 1688 439 1769 1,
453 1688 483 1752 3.
519 1684 641 1750 Paulus
665 1686 748 1750 libro
772 1687 940 1772 trigesimo
964 1695 1078 1754 octavo

65 1776 108 1841 ad
132 1776 283 1841 edictum.
303 1811 342 1822 —
364 1773 502 1840 Surdum
525 1797 591 1839 non
613 1795 710 1858 posse
734 1774 804 1838 dari
823 1780 965 1840 tutorem
982 1776 1078 1860 pleri-

64 1887 128 1949 que
152 1914 204 1930 ...
222 1864 374 1948 probant,
393 1863 471 1947 quia
489 1886 555 1928 non
573 1869 700 1929 tantum
720 1863 819 1947 loqui,
842 1865 898 1928 sed
917 1869 949 1928 et
967 1866 1076 1930 audire

63 1956 157 2018 tutor
180 1952 283 2017 debet.

156 2042 208 2107 86.
231 2041 270 2104 D.
285 2042 337 2122 26,
351 2041 381 2119 4,
395 2040 425 2124 5,
444 2044 470 2104 l.
506 2038 665 2125 Ulpianus
681 2041 764 2105 libro
778 2040 948 2124 trigesimo
963 2042 1076 2124 quinto

62 2131 105 2194 ad
134 2130 283 2195 edictum.
310 2165 355 2176 —
387 2178 422 2193 ..
450 2131 547 2193 etiam
575 2130 636 2194 hos
666 2127 722 2215 (so.
748 2129 910 2214 legitimos
937 2127 1076 2216 tutores)

62 2220 140 2303 cogi
167 2218 319 2283 satisdari
344 2221 468 2283 certum
492 2222 555 2300 est,
578 2217 613 2281 in
636 2221 765 2282 tantum
788 2222 825 2281 ut
848 2218 946 2282 etiam
969 2224 1077 2302 patro·

62 2329 145 2372 num
164 2311 198 2371 et
215 2307 345 2392 patroni
363 2306 466 2371 filium
485 2312 673 2390 ceterosque
692 2307 811 2372 liberos
830 2306 898 2370 eius
917 2306 990 2390 cogi
1008 2327 1076 2370 rem

65 2396 193 2460 salvam
216 2396 284 2460 fore
308 2398 388 2459 satis
413 2396 488 2459 dare
511 2395 674 2478 plerisque
696 2395 852 2459 videatur.

154 2493 206 2558 81.
230 2493 267 2558 D.
280 2493 332 2575 27,
342 2493 372 2575 3,
381 2493 411 2556 5.
443 2491 601 2577 Ulpianus
616 2492 701 2557 libro
716 2492 963 2576 quadragesimo
978 2493 1076 2558 tertio

64 2581 106 2646 ad
131 2580 295 2646 Sabinum.
313 2617 358 2628 -
381 2577 416 2644 si
442 2586 532 2645 tutor
559 2603 627 2644 rem
651 2580 713 2645 sibi
736 2581 917 2664 depositam
940 2603 960 2645 a
982 2585 1076 2664 patre

61 2670 181 2755 pupilli
211 2670 261 2734 vel
295 2669 530 2734 commodatam
564 2664 713 2755 (fiduciae
741 2669 804 2734 sibi
834 2666 980 2755 dataml)
1008 2692 1076 2735 non

62 2757 187 2838 reddat,
205 2780 272 2823 non
289 2761 417 2822 tantum
436 2759 633 2823 commodati
650 2759 701 2822 vel
725 2758 864 2841 depositi
882 2756 1076 2844 (fiduciae‘l),

62 2869 175 2912 verum
203 2846 324 2911 tutelae
352 2868 479 2931 quoque
505 2850 643 2912 tenetur.
693 2852 726 2911 et
749 2847 778 2910 si
800 2848 959 2930 acceperit
980 2868 1075 2931 pecu·

62 2936 167 3019 niam,
190 2939 227 2999 ut
248 2935 376 3015 reddat,
398 2937 558 3019 plerisque
581 2936 704 3019 placuit
736 2955 807 3000 eam
830 2936 1000 3019 pecuniam
1023 2936 1074 3000 vel

63 3024 204 3109 depositi
231 3023 283 3087 vel
311 3023 507 3089 commodati
534 2986 719 3109 (fiduciae‘tl
749 3023 876 3089 actione
898 3024 1000 3108 repeti
1023 3024 1074 3087 vel

61 3112 188 3178 cundici
210 3133 315 3197 posse.

152 3201 219 3267 88?
244 3200 285 3265 D.
299 3201 352 3285 26,
368 3201 441 3284 ’1,9,
457 3203 485 3266 1.
518 3201 606 3265 Idem
631 3197 689 3288 (sc.
712 3199 886 3286 Ulpianus)
909 3200 993 3265 libro
1018 3200 1073 3265 tri-

63 3290 187 3374 gesimo
215 3293 307 3355 sexto
335 3289 376 3354 ad
404 3291 551 3355 edictum.
577 3326 614 3337 -
642 3287 676 3354 si
702 3295 794 3373 pater
821 3288 962 3354 familias
992 3311 1073 3370 cum,

62 3400 124 3462 pro
152 3400 215 3463 quo
242 3378 415 3461 fideiussit,
446 3383 588 3444 tutorem
616 3377 739 3442 dederit
765 3378 833 3443 filio
862 3399 934 3460 suo,
966 3376 1072 3442 officio

62 3469 181 3533 tutoris
213 3469 376 3551 convenit,
407 3471 444 3532 ut
476 3488 548 3530 cum
578 3466 645 3531 dies
676 3467 829 3550 pecuniae
860 3465 1073 3549 praeterierit,

63 3556 216 3622 creditori
245 3557 388 3621 debitum
421 3557 525 3620 solvat
624 3555 709 3640 quod
733 3553 820 3618 siin
842 3553 935 3618 diem
955 3554 1089 3616 denium

818 3658 877 3711 ab*
