2430 3944
309 198 324 225 ‘⁴
367 214 392 265 9.
413 205 563 265 clamos
583 208 737 266 SABINUS
1006 211 1073 277 255

351 381 379 438 2.
412 378 507 438 Iuris
531 378 656 439 civilis
679 379 776 439 libri.

140 485 269 546 Praeter
295 485 407 545 librum
435 485 473 544 ad
500 484 631 544 edictum
659 485 803 545 aedilium
829 486 980 546 curulium
1003 488 1077 548 iuris

56 592 173 652 quoque
201 575 301 636 civilis
328 574 423 634 libros
447 573 583 633 Caelium
611 574 740 634 edidisse
767 575 885 652 reliqua
907 576 972 636 eius
995 576 1077 654 frag-

55 666 156 723 menta
177 657 332 724 indicant.

380 744 431 811 De
453 745 618 812 hereditate
641 747 750 812 tetcrti.

143 856 172 918 1.
196 852 268 918 Gai.
283 854 313 931 3,
328 853 380 918 70.
407 889 444 902 -
469 901 500 918 ..
524 854 553 918 si
577 876 649 919 cum
672 855 784 919 liberis
808 856 876 919 suis
900 855 1000 919 etiam
1024 877 1076 920 ex-

55 947 204 1008 traneam
227 941 378 1007 heredem
401 946 560 1027 patronus
583 943 762 1029 reliquerit,
786 942 915 1009 (laelius
936 941 1077 1009 Sabinus

10 1068 12 1111 3
56 1033 100 1096 ait
122 1035 195 1096 tota
212 1031 301 1096 bona
319 1052 378 1115 pro
397 1032 545 1096 virilibus
564 1033 714 1116 partibus
734 1032 775 1097 ad
792 1033 915 1098 liberos
934 1031 1077 1099 defuncti

54 1121 230 1205 pertinere,
263 1120 340 1204 quia
368 1142 441 1186 cnm
470 1124 641 1185 extraneus
670 1121 765 1186 heres
792 1121 983 1204 intervenit,
1010 1143 1076 1187 non

55 1209 154 1274 habet
174 1209 227 1273 lex
245 1207 340 1274 Iunia
357 1210 475 1292 locum,
499 1209 555 1274 sed
575 1210 893 1275 senatusconsultum
913 1207 972 1297 (sc.
983 1209 1076 1295 Lupo

10 1352 12 1375 2
56 1305 87 1362 et
108 1296 219 1383 Largo
243 1298 432 1363 consulibus
455 1295 604 1385 factum).

10 1408 12 1471 g
142 1393 181 1452 ef.
196 1390 263 1451 Gai
279 1393 308 1470 3,
324 1393 374 1453 63.

10 1479 13 1573 l

10 1639 12 1679 ι

471 1474 522 1540 De
544 1476 660 1558 tepetis.
710 1555 713 1558 .

10 1582 12 1631 f
143 1583 173 1648 2.
198 1581 310 1665 Gaia,
323 1582 395 1648 195.
413 1619 458 1630 —
545 1581 685 1648 Sabinus
709 1630 735 1648 ..
759 1587 792 1648 et
811 1581 943 1649 Cassius
965 1585 1077 1648 ceteri-

57 1693 115 1756 que
138 1672 245 1736 nostri
268 1677 504 1757 praeceptores,
528 1674 615 1756 qnod
637 1673 685 1736 ita
707 1672 853 1758 legatum
878 1673 922 1738 sit
940 1670 998 1758 (sc.
1020 1695 1078 1756 per

56 1760 331 1846 vindicationem),
354 1760 468 1826 statim
491 1766 568 1846 post
586 1762 708 1826 aditam
726 1761 939 1826 hereditatem
959 1766 1078 1844 putant

57 1849 123 1914 fieri
150 1850 316 1935 legatarii,
344 1849 473 1913 etiamsi
496 1851 625 1934 ignoret
650 1849 715 1914 sibi
736 1851 882 1933 legatum
907 1871 992 1933 esse,
1020 1850 1078 1914 sed

56 1945 270 2024 posteaquam
307 1937 417 2004 scierit
449 1942 482 2002 et
513 1938 716 2023 (spreverit)
747 1938 908 2023 legatum,
941 1939 1077 2022 proinde

57 2048 125 2093 esse
148 2032 246 2112 atque
270 2028 299 2091 si
312 2025 467 2112 'legatum
489 2050 558 2093 non
581 2032 677 2092 esset.

144 2123 183 2182 cf.
197 2120 262 2181 Gai.
278 2123 309 2196 2,
324 2123 397 2182 200.

10 2183 13 2221 ε
143 2207 175 2272 3·
204 2205 245 2269 D·
259 2204 311 2287 15,
324 2207 388 2288 21
413 2207 455 2285 ἐς
471 2205 559 2271 5-7,
604 2203 767 2289 Ulpianus
790 2205 875 2269 libro
900 2203 1078 2269 vicensimo

56 2316 142 2360 nono
168 2294 210 2358 ad
234 2294 374 2358 edietum
399 2293 448 2379 (P.
463 2291 551 2380 859).
576 2292 672 2357 -In
696 2294 893 2358 alienatione
918 2292 1079 2376 accipitur

56 2384 167 2467 ntique
196 2383 357 2460 venditor,
385 2383 441 2467 qui
469 2384 595 2448 actione
624 2383 664 2447 de
691 2382 818 2466 peculio
842 2383 930 2447 intra
954 2404 1077 2446 annum

55 2477 195 2536 tenetur.
237 2471 293 2535 sed
317 2476 350 2536 et
375 2474 402 2536 si
426 2471 561 2537 donavit
584 2493 712 2536 servum
735 2519 766 2536 ..
789 2473 824 2535 in
847 2472 958 2535 eadem
978 2492 1079 2535 causa

56 2565 114 2625 est.
165 2561 245 2625 item
277 2560 370 2625 heres
403 2561 471 2625 eius
505 2561 559 2644 qui
592 2582 721 2624 servum
753 2561 878 2644 legavit
909 2582 975 2624 non
1004 2582 1078 2624 eum

55 2650 195 2735 peculio.
241 2650 369 2713 namsi
393 2670 465 2715 cum
489 2650 615 2732 peculio
639 2650 690 2713 vel
714 2649 838 2732 legavit
860 2649 913 2713 vel
936 2649 1078 2712 liberum

56 2761 126 2804 esse
154 2737 264 2823 iussit,
291 2739 491 2823 quaestionis
519 2738 592 2802 fnit.
643 2743 676 2801 et
702 2738 783 2802 mihi
812 2738 919 2801 verius
950 2738 1077 2801 videtur

55 2849 122 2893 non
145 2827 287 2892 dandam
310 2848 413 2912 neque
436 2827 471 2891 in
490 2826 726 2892 manumissum
744 2848 848 2911 neque
866 2825 901 2890 in
920 2847 1004 2907 enm,
1027 2827 1078 2890 cui

55 2918 202 3003 legatum
230 2916 274 2981 sit
299 2916 462 2998 peculium
489 2917 528 2980 de
556 2915 682 2999 peculio
711 2915 882 2981 actionem.
927 2937 969 2978 an
999 2933 1078 2997 ergo

54 3009 208 3070 teneatur
230 3004 347 3069 heres?
384 3009 417 3068 et
441 3005 488 3069 ait
509 3002 657 3070 Caelius1
678 3005 791 3089 teneri,
815 3005 891 3087 qnia
913 3004 1078 3087 peculium

54 3115 154 3180 penes
183 3115 259 3158 eum
287 3095 331 3159 sit
357 3093 413 3176 qui
435 3093 593 3158 tradendo
616 3093 650 3157 id
672 3093 834 3178 legatario
858 3114 892 3156 se
915 3092 1078 3156 liberavit.

395 3251 445 3318 De
468 3253 604 3318 tetartate
625 3253 741 3318 relicta.

146 3362 177 3428 4.
209 3360 248 3426 D.
267 3360 319 3442 35,
341 3362 369 3438 1,
389 3361 440 3442 72,
460 3360 490 3424 7.
540 3359 631 3424 Idem
664 3356 722 3445 (sc.
743 3357 959 3443 Papinianus)
993 3357 1078 3421 libro

53 3455 173 3516 octavo
197 3451 322 3515 decimo
347 3448 580 3526 Quaestionum
604 3445 655 3534 (P
668 3445 760 3534 272).
783 3483 825 3493 —
849 3445 980 3512 Falsum
1004 3467 1077 3510 con·

132 3593 147 3640 1
167 3588 214 3643 Fl.
234 3585 383 3643 Caecilius.
