2430 3944
145 175 211 242 300
246 176 279 232 V.
298 175 447 232 NERVAE
466 174 921 232 summasunmna
939 173 1122 232 CONSULTI

146 341 241 404 cunia
269 343 302 404 et
328 344 366 404 ut
393 339 490 404 aliam
518 339 658 404 insulam
681 360 787 404 meam
810 339 971 417 reficeres,
999 360 1096 425 agam
1119 361 1158 404 ex

145 428 290 512 vendito,
318 432 355 492 ut
377 429 517 512 reficias,
545 428 573 492 si
595 433 704 493 antem
727 427 789 494 hoc
812 427 927 511 solum,
950 433 986 493 ut
1008 430 1158 493 reficeres

145 538 217 582 eam
244 516 462 600 convenisset,
490 537 558 582 non
584 517 783 600 intellegitur
810 517 932 600 emptio
956 521 990 582 et
1012 517 1158 583 venditio

144 605 245 689 facta,
266 611 305 671 ut
327 609 361 670 et
381 604 536 671 Neratius
560 605 698 689 scripsit.

234 712 279 777 9¹³.
302 712 341 778 D.
354 713 404 796 19,
414 711 443 795 5,
459 712 488 777 6.
516 708 671 777 Neratius
685 712 769 777 libro
783 711 891 796 primo
904 711 1158 797 Responsorum.

145 837 190 848 -
214 800 360 883 Insulam
391 800 454 866 hoc
485 800 596 886 modo,
627 804 665 865 ut
696 800 795 866 aliam
826 801 968 866 insulam
999 801 1160 879 reficeres,

144 889 283 957 vendidi.
319 889 486 974 respondit
508 889 631 954 nullam
653 910 723 954 esse
741 888 971 975 venditionem,
994 888 1050 954 sed
1070 888 1159 954 civili

145 979 327 1043 intentione
349 978 464 1043 incerti
488 977 658 1064 agendum.
1127 977 1130 982 ’

233 1072 270 1131 In
297 1071 427 1132 secundo
452 1073 561 1131 horum
583 1072 821 1149 fragmentorum
844 1071 961 1132 Neratii
984 1071 1078 1131 verba
1099 1091 1161 1132 non

144 1160 232 1309 rlppdo
260 1161 292 1219 in
319 1161 409 1221 breve
437 1164 555 1236 coacta,
582 1159 634 1220 sed
662 1160 753 1220 etiam
777 1162 897 1220 mutata
919 1163 997 1220 sunt.
1035 1160 1160 1220 Pernice

197 1254 242 1328 ,1
268 1270 296 1325 p.
314 1253 364 1310 17.
429 1327 432 1334 .

501 1367 552 1433 De
572 1369 642 1434 iure
664 1367 804 1434 dotium?

237 1493 287 1558 10.
320 1491 358 1559 Ι).
379 1493 432 1576 26,
447 1493 476 1577 7,
489 1493 542 1559 52.
588 1490 742 1557 Neratius
770 1492 855 1556 libro
883 1492 990 1576 primo
1014 1491 1161 1575 Respon-

146 1602 267 1646 sorum.
302 1616 340 1628 -
375 1579 513 1648 Curatur
543 1603 602 1666 pro
634 1582 758 1646 minore
787 1602 854 1646 non
888 1584 1017 1644 tantum
1049 1579 1161 1647 dotem

146 1668 366 1823 gdffddedddt
385 1669 441 1734 sed
464 1669 562 1734 etiam
585 1668 762 1753 impendia,
786 1691 868 1753 quae
893 1668 933 1733 ad
955 1671 1089 1754 nuptias
1114 1670 1162 1734 fa-

237 1848 287 1911 11.
314 1845 355 1912 D.
373 1845 427 1929 39,
445 1847 475 1931 6,
493 1845 546 1911 43.
588 1844 741 1911 Neratius
769 1846 852 1912 libro
881 1846 985 1931 primo
1013 1846 1161 1933 Respon-

147 1956 264 2000 sorum.
295 1971 332 1981 -
363 1934 542 2000 Fulcinius:
574 1935 660 1999 inter
689 1935 794 2000 virum
822 1939 855 1999 et
882 1957 1015 2000 uxorem
1042 1936 1161 2000 mortis

147 2046 245 2089 eausa
277 2024 486 2089 donationem
517 2024 564 2087 ita
595 2024 681 2107 fieri,
713 2023 740 2087 si
772 2023 910 2089 donator
942 2024 1160 2089 iustissimum

146 2113 262 2178 mortis
290 2116 412 2177 metum
439 2112 567 2177 habeat.
617 2110 782 2177 Neratius:
816 2111 964 2178 sufficere
993 2113 1161 2178 existima-

146 2201 268 2266 tionem
296 2199 448 2266 donantis
475 2201 560 2266 hanc
588 2221 672 2284 esse,
703 2204 740 2264 ut
766 2201 960 2265 moriturum
988 2222 1022 2264 se
1051 2206 1163 2284 putet3

147 2313 245 2376 qnam
268 2291 352 2355 iuste
370 2311 429 2355 nec
446 2311 488 2354 ne
507 2290 694 2373 susceperit,
715 2311 781 2354 non
801 2288 1029 2373 quaerendum.
1073 2290 1161 2375 qnod

147 2379 252 2463 magis
276 2378 431 2443 tuendum
454 2381 512 2443 est.

566 2499 616 2566 De
636 2500 741 2582 stertis.
850 2526 854 2535 ·

241 2628 289 2691 12.
313 2624 352 2690 D.
365 2625 419 2710 47,
433 2625 463 2709 2,
478 2625 521 2690 84
528 2648 576 2709 pr.
608 2623 762 2690 Neratius
785 2625 870 2690 libro
888 2625 994 2709 primo
1015 2626 1163 2711 Respon-

149 2736 267 2779 sorum.
290 2749 333 2761 -
357 2711 393 2777 Si
416 2713 488 2797 quis
511 2735 550 2777 ex
573 2713 669 2779 bonis
693 2714 771 2794 eius,
795 2735 889 2799 quem
913 2715 1053 2798 putabat
1075 2738 1163 2782 mor-

148 2807 254 2884 tuum,
286 2803 341 2886 qui
367 2803 459 2867 vivus
487 2807 569 2885 erat,
597 2825 657 2886 pro
684 2802 801 2867 herede
828 2825 879 2868 res
903 2803 1164 2888 adprehenderit,

148 2913 221 2956 enm
244 2890 367 2954 furtum
389 2913 455 2955 non
478 2891 593 2956 facere.

240 2999 291 3064 13.
313 2997 353 3062 Ι).
367 2997 443 3061 ibid.
457 2999 477 3078 ἓ
493 2997 523 3063 1.
549 3033 587 3044 -
611 2996 654 3062 Ei
677 3019 750 3062 eum
769 3019 832 3081 quo
853 3019 911 3063 suo
930 2998 1063 3062 nomine
1075 2998 1161 3063 furti

150 3092 258 3153 actum
286 3091 348 3169 est,
376 3087 403 3150 ai
432 3087 516 3152 servi
544 3085 673 3151 nomine
700 3086 739 3150 de
763 3086 885 3150 aliare
909 3086 1062 3152 adversus
1087 3109 1162 3152 eum

150 3180 281 3261 agatur,
303 3197 369 3240 non
393 3173 533 3239 dandam
556 3173 778 3260 exceptionem
801 3175 880 3239 furti
902 3196 968 3239 una
991 3175 1080 3241 facti.

238 3269 355 3327 Neratii
377 3269 470 3328 rerba
493 3287 511 3327 a
529 3268 710 3328 Triboniano
729 3271 847 3327 mutata
865 3268 906 3328 sic
924 3268 1055 3329 fortasse
1072 3270 1161 3329 resti·

150 3357 263 3417 tuenda
285 3360 367 3416 sunt:
392 3355 423 3416 Si
444 3357 522 3418 servi
540 3357 658 3416 nomine
682 3356 718 3415 de
737 3357 836 3416 eudem
858 3376 890 3416 re
913 3352 1017 3435 <furto
1036 3355 1161 3435 ablata>

150 3446 292 3506 adversus
317 3464 383 3504 eum
408 3448 529 3524 agatur,
552 3465 612 3505 non
639 3444 768 3504 dandam
794 3446 997 3522 exceptionem
1019 3449 1063 3506 rei
1085 3449 1162 3506 iuci-

149 3540 238 3595 outae.
