2430 3944
27 969 98 1066 ΠΙ.
138 968 271 1068 CAH
304 966 532 1066 CLAUDII
563 967 801 1066 NERCNIS
835 968 1055 1067 CALBAE

111 1143 359 1244 OTHONIS
393 1143 639 1242 VITELLII
676 1144 980 1244 TEMPCRUM

319 1321 467 1421 IURIS
506 1321 775 1421 CCNSUL'll

130 1545 253 1604 Sueton.
283 1542 378 1622 Calig.
407 1545 459 1603 34.
517 1542 561 1602 De
593 1542 668 1603 iuris
698 1588 705 1602 .
730 1588 737 1602 .
769 1543 926 1620 consultis,
968 1547 1055 1622 quasi

54 1633 184 1693 scientiae
215 1652 318 1694 eorum
347 1651 465 1692 omnem
493 1650 581 1692 usum
609 1631 776 1691 aboliturus
805 1650 893 1708 saepe
921 1634 1055 1710 iactavit,

57 1739 81 1779 se
107 1722 275 1781 mehercule
312 1721 503 1795 effecturum,
539 1739 577 1780 ne
613 1720 686 1798 quid
721 1721 902 1796 respondere
937 1723 1055 1798 possint

59 1814 162 1884 praeter
183 1831 261 1870 eum.

135 1900 244 1959 Seneca
284 1898 316 1957 in
356 1898 597 1974 apocoloeyntosi
632 1900 672 1957 12
717 1889 872 1978 (Petronii
914 1903 969 1961 sat.
1008 1900 1053 1960 ed.

61 1984 208 2048 Buecheler
231 2008 258 2063 p.
280 1979 359 2068 234)
387 1988 424 2046 de
452 2006 554 2045 rerum
583 1989 651 2061 post
675 1984 795 2045 Claudii
818 1990 946 2046 mortem
970 1990 1054 2047 statu

62 2080 160 2135 narrat:
194 2072 327 2154 ‘Agatho
351 2081 383 2135 et
405 2076 493 2151 pauci
516 2074 659 2135 causidici
681 2073 855 2150 plorabant,
885 2076 937 2134 sed
965 2076 1053 2151 plane

64 2182 92 2221 ax
110 2166 208 2225 animo.
254 2165 459 2224 iurisconsulti
483 2183 519 2223 ex
546 2163 678 2223 tenebris
702 2164 916 2239 procedebant,
939 2164 1055 2244 pallidi,

63 2254 179 2333 graciles,
201 2254 252 2313 vix
275 2254 406 2313 animam
427 2253 582 2328 habentes,
605 2255 751 2328 tanquam
770 2253 822 2329 qni
840 2254 907 2311 tum
925 2253 1053 2312 maxime

63 2343 263 2402 reviviscerent.
301 2362 336 2402 ex
358 2342 405 2401 his
425 2359 501 2401 unus
520 2361 589 2401 oum
606 2342 731 2402 vidisset
750 2341 850 2416 capita
868 2343 1053 2402 conferentes

64 2432 88 2488 et
109 2431 238 2492 fortunas
267 2449 337 2491 suas
365 2432 554 2506 deplorantes
586 2430 763 2506 causidicos,
796 2430 911 2491 accedit
938 2433 969 2490 et
997 2432 1053 2490 ait:

63 2517 178 2579 dicebam
200 2520 299 2580 vobis:
322 2538 381 2579 non
404 2538 522 2595 semper
545 2518 717 2578 Saturnalia
740 2513 848 2577 erunt'.

62 2692 81 2740 1.
97 2687 230 2744 Curtilius.
249 2719 283 2730 -
309 2695 334 2744 2.
354 2688 456 2743 Varius
476 2689 617 2744 Lucullus.
641 2719 675 2728 -
699 2693 723 2742 3.
747 2686 784 2742 M.
805 2685 937 2742 Cocceius
958 2687 1053 2744 Nerva

60 2756 89 2812 Μ.
101 2761 117 2814 f.
136 2792 168 2800 -
187 2765 213 2815 4.
234 2761 263 2816 C.
279 2759 389 2815 Cassius
407 2759 558 2830 Longinus.
578 2790 612 2799 -
631 2762 655 2812 ὅ.
674 2757 783 2815 Pedius.
802 2789 837 2798 -
856 2764 880 2815 6.
900 2758 1052 2828 Longinus.

59 2859 85 2870 -
103 2837 122 2887 7.
140 2832 281 2887 Proculus.
297 2863 330 2872 —
351 2837 375 2887 8.
391 2829 506 2886 Urseius
521 2829 617 2885 Ferox.
632 2861 665 2870 -
681 2833 705 2885 9.
719 2828 877 2886 Atilicinus.
893 2860 926 2870 —
943 2835 984 2885 10.
998 2830 1052 2884 Fu·

316 2903 406 2958 fidius.
421 2933 450 2943 -
465 2906 506 2957 11.
526 2901 657 2957 Caninius
676 2899 798 2955 Rebilus.

390 3133 425 3214 l.
454 3136 705 3211 CARTILIUS

128 3284 205 3343 iuris
224 3284 377 3344 consultus
391 3283 522 3362 ignotus,
540 3281 598 3342 nisi
611 3282 691 3358 quod
704 3282 847 3341 Proculus
862 3285 893 3342 ct
905 3282 1052 3358 Ulpianus

53 3371 105 3431 eius
132 3372 298 3434 sententias
326 3373 464 3450 laudant,
492 3371 601 3448 quibus
630 3371 785 3431 sententiis
812 3390 955 3448 responsa
983 3389 1051 3429 con-

52 3460 128 3521 tineri
148 3462 298 3522 videntur.

804 3562 818 3610 1
824 3557 840 3592 *ὃ
