2430 3944
349 214 374 263 r.
398 207 429 263 n.
448 207 632 263 nummus
650 208 799 266 rurscns
859 185 862 190 ’
1013 210 1078 275 309

65 376 149 435 ultra
173 375 284 435 librum
307 376 453 435 decimum
477 377 567 436 huius
591 376 689 453 operis
712 377 883 456 fragmenta
904 379 988 438 nulla
1010 398 1078 454 pro·

64 467 225 540 ponuntur.
276 467 344 524 ante
376 464 549 541 Neratium,
582 466 641 527 nisi
674 466 753 542 quod
785 465 819 536 Q.
851 467 967 526 Mucius
1000 465 1078 547 ὅρων

65 554 178 612 librum
198 553 381 629 singularem
399 555 569 631 composuit
582 551 609 627 (Ι
619 574 647 630 p.
659 550 747 633 103),
761 555 894 615 eiusdem
908 557 1079 628 argumenti

64 641 133 700 libri
156 660 215 700 non
237 641 378 701 videntur
401 644 545 702 extitisse.
586 644 758 720 postitium
778 643 965 720 Regularum
983 645 1077 705 libros

64 730 166 806 plures
212 730 383 790 ediderunt:
430 731 613 807 Pomponius
659 723 706 814 (P.
737 724 937 815 asa—377),
985 731 1077 792 Gaius

65 813 323 900 (Rasa-485),
347 819 490 880 Scaevola
513 812 771 903 (Pras-212),
794 821 907 881 Paulus
949 821 979 882 P.
993 823 1078 882 1425

65 900 221 984 —1443t
243 907 377 966 Licinus
399 908 526 968 Rufinus
548 901 740 991 (rr-16),
763 909 912 986 Ulpianus
947 910 980 969 P.
992 911 1078 969 naen

68 987 225 1078 -2386)‚
252 996 423 1056 Marcianus
446 990 495 1079 (P.
511 991 716 1080 219-286),
739 998 926 1058 Modestinus
950 990 999 1079 (P.
1015 1000 1077 1058 173

66 1076 200 1166 -280).
251 1086 303 1162 qui
330 1089 478 1162 quatenus
505 1086 623 1147 Neratii
649 1087 735 1147 libris
763 1088 811 1147 usi
839 1087 913 1160 sint,
941 1086 1080 1162 cognosci

66 1175 185 1254 nequIt3
202 1174 234 1233 in
253 1174 413 1233 Modestini
432 1178 551 1234 tantum
570 1194 659 1252 opere
678 1176 711 1236 P.
729 1179 790 1236 187
810 1176 887 1236 libro
905 1194 966 1234 non
984 1175 1080 1235 nomi-

65 1267 136 1323 nato
156 1262 273 1321 Neratii
292 1263 441 1322 sententia
459 1264 591 1342 affertur,
610 1267 645 1323 ut
662 1265 792 1325 fortasse
806 1265 991 1343 Regularum
1009 1263 1080 1323 libri

19 1418 22 1423 .
68 1351 194 1410 subsint.
220 1351 251 1409 in
270 1351 373 1427 paucis
387 1352 506 1412 Neratii
523 1353 764 1429 fragmentorum
782 1353 857 1413 iuris
877 1352 1006 1413 consulti
1019 1371 1080 1411 non

62 1439 241 1517 laudantur,
268 1440 347 1516 quod
374 1460 435 1501 non
461 1441 607 1501 librorum
634 1445 760 1502 naturae
784 1441 941 1503 convenire
964 1441 1080 1517 reliqua

67 1548 158 1604 opera
177 1528 332 1588 sententiis
354 1528 513 1589 afferendis
529 1531 642 1590 docent.
689 1530 829 1591 extremis
843 1530 938 1609 libris,
953 1549 1080 1606 quorum

66 1618 238 1694 fragmenta
264 1637 324 1677 non
353 1621 469 1695 extant,
493 1618 529 1678 de
550 1619 671 1697 publico
694 1620 760 1679 iure
783 1619 926 1678 Neratius
948 1619 1079 1678 fortasse

66 1707 194 1766 dixerat:
219 1711 298 1765 certe
322 1709 353 1765 et
376 1705 551 1767 Scaevolam
574 1708 610 1767 de
628 1707 746 1768 iudiciis
764 1708 892 1783 publicis
912 1710 943 1766 et
960 1707 1079 1765 Modes-

65 1796 161 1853 tinum
189 1794 225 1853 de
253 1795 426 1854 criminibus
455 1799 485 1856 et
513 1797 549 1855 de
578 1796 747 1872 municipiis
771 1800 802 1856 et
824 1796 946 1856 coloniis
970 1795 1080 1854 dixisse

66 1886 191 1943 constat.

154 1971 191 2030 In
213 1972 391 2049 fragmentis
412 1971 557 2032 librorum
576 1972 762 2050 Regularum
781 1976 811 2031 et
828 1971 1080 2049 Membranarum‚

66 2079 143 2138 quae
167 2060 288 2136 quidem
310 2060 447 2138 integrae
471 2080 507 2120 ex
529 2061 603 2136 ipsis
621 2061 738 2120 Neratii
760 2060 847 2120 libris
869 2060 901 2118 in
920 2059 1080 2118 Iustiniani

66 2149 192 2226 Digesta
218 2149 367 2209 translata
394 2149 566 2225 videantur,
589 2152 714 2226 rectam,
743 2168 819 2226 quae
846 2151 987 2226 vocatur,
1015 2165 1079 2206 ora·

66 2238 178 2297 tionem
203 2238 330 2297 cursivis
352 2238 464 2297 litteris
488 2239 651 2314 exprimere
675 2237 837 2314 supersedi.

480 2432 590 2493 Liber
612 2432 666 2493 III.

488 2551 539 2616 De
561 2553 663 2617 tutela.

161 2659 187 2721 1.
212 2656 250 2722 D.
265 2657 317 2740 26,
335 2660 361 2741 1,
379 2658 428 2723 18.
470 2655 624 2722 Neratius
647 2658 732 2722 libro
756 2656 852 2721 tertio
872 2655 1081 2741 Regularum.

67 2782 109 2792 -
134 2745 287 2810 Feminae
310 2749 434 2811 tutores
459 2745 529 2811 dari
552 2768 617 2811 non
640 2750 784 2830 possunt,
811 2746 886 2830 quia
909 2744 942 2809 id
965 2766 1081 2809 munus

66 2835 283 2899 masculorum
303 2839 352 2898 est
371 2835 447 2915 [nisi
463 2857 482 2899 a
495 2834 641 2919 principe
655 2834 794 2899 filiorum
809 2833 944 2899 tutelam
960 2833 1081 2918 specia-

66 2923 140 2986 liter
162 2922 353 3006 postulent}

156 3015 346 3092 Schlesinger
374 3016 405 3074 Z.
424 3017 444 3077 f.
463 3014 525 3075 RG.
544 3017 632 3091 VIII,
647 3019 698 3076 52.
735 3017 833 3076 Eisele
857 3016 888 3076 Z.
903 3017 929 3075 d.
946 3014 1081 3076 Sav.·St.

65 3106 101 3180 x,
116 3107 191 3165 arc.

156 3207 186 3271 2.
209 3205 248 3270 D.
258 3206 311 3287 26,
321 3206 351 3289 3,
361 3207 434 3289 2pr.
475 3205 629 3270 Neratius
653 3206 737 3270 libro
755 3207 852 3270 tertio
872 3205 1080 3290 Regularum.

66 3331 108 3340 -
133 3293 251 3358 Mulier
278 3293 391 3358 liberis
420 3316 484 3358 non
512 3299 598 3359 recte
628 3298 824 3360 testamento
851 3299 994 3359 tutorem
1018 3293 1081 3357 dat.

67 3383 123 3447 sed
156 3383 185 3446 si
216 3382 353 3464 dederit,
386 3383 514 3448 decreto
543 3384 703 3466 praetoris
731 3383 783 3448 vel
811 3380 1015 3468 proconsulis
1043 3401 1082 3443 ex

67 3471 277 3554 inquisitione
306 3471 551 3536 confirmabitur
578 3493 637 3536 uec
666 3470 838 3537 satisdabit
865 3470 1082 3555 pupillorem

68 3561 189 3625 salvam
213 3559 292 3625 fore.
