2430 3944
357 201 382 251 6.
405 193 614 250 IAVOLENUS
632 194 781 251 Pulscus
1007 196 1074 260 483

49 359 168 443 possit,
198 358 292 423 aelati
319 357 359 423 ‘si
386 359 456 440 puis
484 360 518 422 in
546 357 734 441 Capitolium
765 359 945 438 ascenderit,
974 361 1072 425 decern

56 448 134 512 dare
158 446 332 530 spondesl'‚
360 446 399 512 ‘si
427 448 498 530 anis
524 468 546 512 a
572 468 620 511 rna
646 448 744 512 decern
766 447 973 535 petierit,·tot
998 450 1073 513 dore

55 535 230 618 spondest’,
249 556 305 600 aar
322 556 385 601 non
404 537 484 601 idem
501 541 530 600 ot
548 537 584 601 in
600 537 667 602 dote
674 537 832 618 promissa
845 537 1071 618 respondeatur,

55 626 140 690 ratio
163 625 251 690 reddi
273 645 336 689 non
352 630 461 707 potest.

149 723 173 774 2.
203 712 302 778 Natta
319 715 486 795 promissio
503 718 603 796 potest
623 715 792 797 consistere,
815 733 893 796 qnae
911 734 949 779 ea
966 715 1072 780 rotan-

57 807 119 868 tate
138 803 348 888 promittentis
369 807 485 867 statnrn
507 803 598 885 rapit.

348 979 399 1044 Do
420 980 578 1045 ananam
601 979 789 1060 oblipatione.

150 1093 203 1159 55.
229 1094 268 1161 D.
282 1096 336 1177 46,
352 1097 380 1177 1,
394 1095 446 1159 42.
491 1094 664 1159 Iavolenus
687 1093 771 1158 libro
794 1092 916 1158 decimo
939 1095 1074 1179 Epistu-

59 1183 178 1249 larum.
202 1219 244 1229 -
268 1182 306 1247 Si
328 1184 374 1248 ita
394 1185 603 1265 fideiussorem
621 1203 775 1264 accepero:
797 1181 891 1264 ‘qaod
906 1204 958 1266 epo
975 1185 1075 1249 decern

60 1273 190 1354 aaut,
217 1272 254 1336 de
280 1293 317 1336 ea
336 1274 472 1355 panonia
493 1273 577 1337 rnitle
599 1273 716 1337 modios
738 1272 834 1336 tritici
854 1273 915 1354 fide
937 1277 992 1338 tna
1013 1293 1074 1338 esse

58 1358 189 1441 inbesi',
220 1381 284 1425 non
314 1361 467 1443 oblipatar
496 1362 668 1445 fideiussor,
697 1361 774 1443 qnia
804 1362 839 1424 in
871 1361 969 1425 aliarn
1000 1383 1076 1446 rern,

58 1470 154 1533 quarn
172 1470 251 1532 qnae
268 1451 383 1515 eredita
401 1455 451 1532 est,
469 1451 629 1532 fideiussor
641 1450 772 1531 obtipari
783 1469 847 1514 non
855 1449 981 1534 potest[,
999 1453 1074 1533 qnia

57 1559 134 1622 non,
162 1544 199 1603 nt
225 1540 397 1604 aestimatio
419 1560 524 1604 rernm
546 1560 623 1622 qnae
645 1539 754 1603 noaois
775 1559 903 1603 nnmero
925 1539 1075 1604 habentur
1116 1544 1117 1547 ’

58 1629 93 1692 in
118 1628 257 1710 pecnnia
287 1632 452 1693 namnata
482 1629 552 1711 fieri
576 1633 690 1712 potest,
722 1629 768 1693 ita
792 1629 928 1710 pecnnia
958 1650 1075 1711 qnoque

57 1737 154 1782 mern
176 1717 370 1781 aestimanda
391 1719 458 1796 estJ.

147 1818 247 1878 Eisele
268 1819 299 1878 Z.
318 1820 346 1880 d.
365 1819 490 1880 Suu-St.
509 1819 584 1879 XIII
605 1839 633 1895 p.
651 1820 722 1878 149.

231 2035 232 2038 =
387 1991 438 2056 De
460 1992 584 2056 indiciis
599 1990 745 2074 priuatis.

146 2106 200 2171 56.
228 2105 268 2172 D.
286 2106 316 2189 5,
338 2108 364 2189 1,
384 2107 436 2172 35.
485 2106 575 2171 Idem
603 2103 662 2193 (sc.
688 2103 875 2192 Iavolenus)
904 2106 987 2170 libro
1017 2105 1069 2170 de-

58 2195 142 2260 cimo
171 2194 405 2279 Epistularum.
433 2232 471 2244 -
501 2195 575 2260 Non
602 2196 856 2278 quemadmodum
881 2195 1072 2278 fideiussoris

57 2283 204 2366 olrtipatio
230 2284 266 2348 in
288 2285 434 2366 pendenti
455 2289 556 2363 potest
581 2305 642 2350 esse
666 2289 695 2348 et
715 2284 761 2348 rel
782 2283 982 2364 infuturum
1003 2304 1072 2348 aon-

56 2373 129 2457 aipi,
152 2373 199 2436 ita
213 2373 371 2438 indiainrn
393 2374 429 2437 in
445 2375 592 2455 pendenti
603 2378 703 2455 potest
719 2392 781 2438 osse
798 2373 844 2437 ael
862 2374 898 2437 de
914 2371 964 2436 iis
981 2372 1073 2437 rebus

56 2458 269 2544 qnaedpostea
296 2463 331 2526 in
358 2462 572 2544 obtipationorn
593 2463 779 2526 adventurae
800 2464 880 2526 snat.
925 2481 1000 2524 narn
1022 2482 1073 2525 ne

55 2552 174 2614 rninern
181 2554 259 2632 pnto
272 2550 493 2634 dabitatnrnrn,
511 2552 587 2633 pain
600 2551 760 2631 fideiussor
773 2554 845 2615 ante
858 2550 1072 2631 oblrpationern

59 2641 107 2703 rei
135 2639 236 2720 aeeipi
257 2641 368 2721 possit,
404 2641 555 2704 indioinrn
580 2660 662 2721 aero,
689 2643 853 2719 antoanam
880 2639 1000 2721 aliqrdd
1022 2640 1071 2704 do-
1160 2701 1163 2706 .

56 2729 175 2812 beatur,
198 2748 260 2792 non
278 2749 376 2809 possa.

291 2904 340 2969 De
362 2905 549 2986 adorarendo
571 2925 675 2969 rernm
698 2905 843 2970 dominio.

149 3020 200 3084 57.
227 3018 267 3084 D.
286 3021 339 3102 46,
358 3021 388 3103 3,
408 3020 458 3084 79.
503 3019 592 3083 Idem
620 3015 678 3107 (sa.
701 3018 888 3103 Iavolenus)
911 3021 994 3086 libro
1018 3021 1070 3086 de·

57 3110 145 3174 simo
167 3107 400 3191 Epistularum.
423 3144 460 3154 -
482 3109 660 3193 Peonniano,
683 3129 777 3190 qnarn
799 3109 877 3173 anilii
899 3110 993 3188 dobes,
1015 3114 1073 3174 ant

57 3198 158 3263 aliurn
176 3218 241 3261 rern
258 3199 288 3262 si
306 3199 340 3261 in
358 3202 513 3279 conspecta
531 3217 596 3262 rneo
608 3218 723 3281 ponere
740 3197 909 3281 teinbearn,
928 3198 1072 3280 estoitnr,

55 3292 93 3353 nt
113 3291 145 3352 et
166 3290 200 3350 ta
221 3287 327 3351 statirn
351 3286 485 3351 tiberais
508 3291 535 3350 et
557 3307 625 3351 rnea
647 3307 708 3352 esse
730 3287 874 3369 insipiam
898 3307 974 3351 narn
996 3291 1071 3370 tarn,

57 3376 142 3459 quod
162 3396 184 3440 a
204 3375 291 3441 nntlo
312 3376 508 3458 corporaliter
525 3376 593 3441 eins
608 3377 655 3439 rei
667 3377 817 3458 possessio
835 3377 994 3461 detinetur,
1017 3377 1072 3439 ad·

57 3465 176 3548 quinta
202 3463 281 3528 milri
304 3469 333 3529 et
353 3465 573 3547 quodammado
596 3484 693 3530 mann
716 3465 807 3546 lorepa
830 3465 946 3529 tradita
969 3465 1071 3529 eaisti»

57 3554 177 3619 manda
199 3557 249 3618 est.

817 3656 877 3712 31*
