2430 3944
94 186 159 250 500
197 186 230 239 V.
249 183 399 240 NERVAE
419 183 466 237 ΕΤ
485 182 639 237 TRAIANI
657 183 765 239 ΤΕΜΡ.
784 182 880 239 Iulus
899 182 1077 238 causum

95 356 147 431 est,
170 350 299 432 aequuum
320 368 382 413 esse
403 348 543 413 edistiuo
554 368 616 429 pro
629 347 771 428 portione
790 347 824 410 iu
842 367 990 429 quemque
1007 367 1103 412 eorum

93 440 240 504 actionem
264 438 348 519 dori,
371 437 445 501 duru
462 437 584 518 pupdto
606 436 694 501 soluo
716 456 765 501 res
788 436 838 499 sit.

464 622 514 687 De
535 623 739 688 seroitdrbus

189 739 218 804 8.
247 739 286 803 D.
302 741 331 819 8,
346 740 377 824 6,
391 740 419 821 6,
436 739 464 804 l.
511 735 623 803 Celsus
646 738 731 802 libro
756 738 869 822 quinto
894 737 1104 822 Digestorum.

98 867 135 876 -
166 826 200 893 si
233 849 295 912 ego
329 829 381 892 via
413 849 495 913 quae
523 828 617 891 uobis
645 849 703 912 per
730 826 828 891 vieini
856 825 994 891 fundum
1026 826 1104 890 debe

95 920 201 1000 batur,
224 939 302 981 usus
321 917 421 997 fuero,
444 919 480 980 tu
500 919 608 979 autem
627 914 767 980 bieuuo'o1
786 914 976 999 cessaveris,
1000 937 1043 979 au
1062 915 1103 978 ius

95 1010 188 1071 tuum
210 1005 381 1070 amiseris?
423 1013 490 1068 ete
511 1007 683 1084 contrario,
708 1005 735 1069 si
754 1004 889 1089 vicinus,
914 1004 966 1068 oui
987 1002 1041 1068 viu
1057 1025 1103 1087 per

97 1100 246 1160 nostrum
279 1095 413 1158 fundum
442 1093 631 1175 debebatur,
661 1114 719 1177 per
747 1114 853 1157 meam
881 1096 1014 1177 partem
1040 1091 1102 1156 ierit

96 1185 209 1268 egerit,
234 1188 324 1247 tuam
348 1186 475 1266 partem
498 1182 664 1267 ingressus
692 1203 758 1245 non
782 1180 894 1263 fuerit,
920 1204 963 1245 an
988 1187 1102 1265 partem

97 1278 188 1337 tuam
225 1270 435 1335 liberaverit?
473 1269 604 1336 uersus
640 1270 820 1355 respondit:
857 1272 886 1335 si
924 1272 1045 1335 diuisus
1069 1272 1104 1332 est

94 1361 212 1442 fuudus
230 1362 312 1424 iuter
329 1361 425 1425 socios
441 1358 623 1442 rmiouibus',
646 1361 728 1440 quod
744 1361 788 1423 ad
804 1361 981 1423 seruitutem
999 1360 1102 1435 atttuet,

96 1471 175 1532 quoe
202 1450 230 1513 ei
254 1449 353 1528 fuudo
376 1449 549 1532 debebatur,
572 1450 700 1530 perirrde
722 1453 772 1530 ost,
796 1453 886 1528 atque
909 1449 940 1512 si
963 1449 1003 1513 ab
1026 1447 1102 1512 initu

95 1539 212 1603 duobus
241 1537 353 1618 fuudis
384 1538 485 1602 debito
516 1540 573 1614 sit;
609 1542 638 1601 et
668 1537 728 1601 sibi
759 1538 885 1619 quisque
918 1538 1102 1602 domiuoruru

97 1631 229 1708 usurpat
250 1627 432 1708 seruitutem,
454 1626 514 1690 subi
535 1646 599 1690 uou
621 1627 731 1691 uteudo
754 1626 962 1708 deperditum
981 1626 1102 1710 amplius

96 1717 130 1778 iu
166 1736 202 1779 eo
233 1735 267 1779 re
297 1735 408 1780 causae
438 1722 543 1780 eorum
572 1715 744 1795 fuudoruru
776 1716 960 1792 miseerutur;
995 1736 1048 1780 uee
1074 1715 1102 1795 bt

95 1803 162 1868 utto
181 1805 301 1868 iuturio
319 1805 348 1868 et
369 1805 457 1868 euius
477 1804 596 1884 fuudus
618 1805 723 1885 seruit,
746 1805 840 1867 trumo
863 1805 892 1867 sr'
916 1825 977 1886 quo
1001 1804 1102 1882 metior,

96 1893 243 1974 quouioru
270 1893 349 1957 atter
375 1894 572 1958 dominorum
599 1894 711 1957 uteudo
737 1892 808 1974 sibi,
841 1913 905 1957 uou
935 1894 991 1957 toti
1016 1891 1101 1974 faudo

90 1983 222 2065 produit.

477 2078 527 2144 De
549 2079 729 2143 ruiuoribus.

187 2196 216 2258 9.
235 2193 274 2257 D.
285 2194 395 2276 4,4‚3‚
408 2196 435 2257 1.
472 2193 562 2257 Idem
581 2192 639 2278 (se.
652 2190 826 2281 Ulpianus)
841 2194 927 2259 libro
944 2194 1098 2260 undecimo

101 2285 140 2348 ad
164 2283 314 2348 edietum.

190 2415 217 2453 v.
242 2394 321 2451 infra
344 2393 552 2468 Epistularum
576 2394 677 2453 libros.

524 2575 681 2640 Moudatr'.

190 2691 239 2754 10.
263 2688 302 2755 D.
320 2692 370 2773 17,
387 2693 414 2772 l,
431 2691 479 2754 16.
516 2689 679 2774 Ulpianus
699 2691 783 2755 libro
803 2691 994 2773 trigensimo
1012 2690 1098 2775 primo

100 2778 139 2842 ad
169 2778 319 2842 edietum.
344 2815 382 2825 —
409 2776 443 2842 Si
471 2780 543 2862 quis
574 2780 653 2843 mihi
677 2779 880 2844 mandaverit
902 2781 938 2843 in
961 2800 1033 2844 meo
1054 2774 1098 2841 uli·

99 2866 175 2952 quid
208 2867 312 2930 faeere
345 2872 378 2931 et
409 2867 530 2947 fenera,
562 2869 745 2951 quaesitum
778 2873 840 2950 est,
876 2891 918 2932 an
952 2868 996 2932 sit
1026 2885 1098 2930 muu-

100 2956 167 3020 dati
195 2953 288 3019 aetia.
339 2960 371 3019 et
403 2956 449 3019 ait
477 2954 589 3020 Celsus
622 2957 707 3021 libro
738 2958 876 3040 septimo
905 2956 1096 3042 Digestorum

99 3045 160 3110 hoa
183 3044 388 3127 respondisse
412 3066 455 3127 se,
479 3066 551 3108 cum
575 3045 726 3109 Aurelius
751 3045 886 3121 Quietus
910 3046 1032 3130 hospiti
1052 3059 1095 3106 suo

99 3135 222 3198 medico
257 3134 429 3197 mandasse
462 3133 632 3217 diceretur,
665 3139 702 3198 ut
734 3135 768 3198 in
800 3134 905 3199 hortis
940 3137 1006 3199 eius
1032 3148 1094 3215 quos

101 3222 274 3286 Ravennae
307 3222 461 3304 habebat,
493 3221 527 3285 iu
560 3244 638 3305 quos
669 3224 819 3287 omuibus
848 3224 941 3288 aunis
970 3221 1094 3287 seoedere

100 3311 241 3396 solebat,
280 3310 546 3394 sphaeristerium
585 3316 617 3375 et
653 3311 854 3395 hypocausta
891 3316 925 3376 et
957 3308 1091 3397 quaedum

99 3399 200 3483 ipsius
231 3399 410 3464 valetudini
439 3403 515 3481 apta
545 3420 603 3463 sua
630 3399 777 3485 impensu
805 3400 940 3482 faceret,
978 3396 1090 3464 deducto

170 3562 182 3610 1
207 3556 283 3613 Trtb.
304 3556 456 3611 constituto
478 3558 613 3624 tempore.
