2430 3944
233 173 267 229 Π.
285 173 530 230 Incnuronun
548 172 779 228 SENTENTIAE
799 173 846 228 ΕΤ
865 175 970 231 LIBRI.
1042 176 1107 241 529

92 342 131 402 ut
148 358 235 491 drqm
268 337 373 421 magis
407 359 504 421 quam
535 336 627 401 litem
664 338 699 401 in
729 337 869 402 militem
899 339 1109 405 transtulisse

93 447 146 491 cre
170 447 252 491 aur.

326 523 377 588 De
393 525 514 606 peculio
536 529 565 588 et
584 525 621 589 de
642 524 677 588 iu
699 544 764 588 rem
786 545 877 590 uerso.
900 504 901 509 ἵ

184 637 250 703 54?
274 639 313 702 D.
329 639 359 721 3,
368 638 399 716 5,
409 640 461 703 41.
484 638 573 702 Idem
593 637 652 725 (sc.
666 635 800 724 Paulus)
819 638 903 703 libro
916 639 1108 725 trigensimo

95 728 236 792 seeundo
264 727 305 791 ad
333 728 482 794 edictum.
506 764 549 774 -
573 726 607 792 Si
635 727 719 791 servi
747 726 811 790 mei
835 732 953 812 rogatu
975 730 1109 814 negotia

94 837 167 880 mea
191 816 379 898 susceperis,
403 816 432 880 si
459 816 628 880 dumtaxat
654 815 838 880 admonitus
867 837 886 880 a
919 839 1011 882 servo
1035 840 1109 883 mco

94 905 128 970 id
156 903 281 989 feceris,
307 905 369 968 erit
398 905 484 968 inter
507 926 567 969 nos
590 907 796 989 negotiorum
821 909 986 989 gestorum
1010 908 1109 990 aeti03

95 993 124 1056 si
147 1014 223 1057 vero
248 993 341 1076 quasi
355 993 511 1058 mandatu
529 993 623 1075 servi,
646 992 744 1057 etiam
766 993 804 1056 de
823 995 950 1076 peculio
970 999 1003 1059 et
1022 995 1059 1059 de
1074 996 1109 1058 in

95 1103 165 1146 rem
189 1103 282 1147 verso
307 1103 402 1166 agere
425 1084 459 1146 te
482 1103 579 1167 posse
602 1102 793 1164 responsum
817 1085 875 1146 est.

405 1241 455 1306 De
477 1242 571 1306 edicto
597 1239 802 1306 Carboniano.

186 1356 253 1422 55?
277 1356 316 1421 D.
340 1355 392 1439 37,
416 1357 466 1439 10,
486 1358 515 1438 6,
535 1358 564 1422 6.
587 1357 707 1421 Paulus
731 1357 814 1422 libro
839 1357 1110 1443 quadragensimo

94 1447 202 1529 primo
227 1446 266 1509 ad
295 1444 444 1512 edietum.
466 1482 511 1492 -
538 1445 619 1509 Post
639 1445 843 1528 pubertatem
867 1449 1044 1530 quaeritur,
1068 1469 1111 1511 an

94 1535 218 1599 actoris
255 1537 365 1617 partes
403 1535 562 1598 sustinere
595 1533 711 1598 debeat
744 1535 798 1616 qui
831 1556 869 1598 ex
902 1534 1132 1601 Carboniano¹

96 1625 215 1687 missus
249 1627 300 1686 est
331 1624 366 1686 in
396 1625 645 1705 possessionem.
694 1628 727 1685 et
758 1645 949 1706 responsum
981 1628 1031 1689 est
1061 1625 1109 1688 rei

94 1717 205 1795 partes
229 1732 302 1775 enm
326 1714 484 1776 sustinere
509 1711 633 1792 debere,
656 1711 793 1787 maxime
818 1713 845 1775 si
869 1713 964 1779 cavit.

440 1871 529 1952 Quod
549 1871 580 1934 vi
601 1876 659 1935 aut
679 1871 767 1935 chrm.
854 1847 856 1850 ,

187 1987 239 2051 56.
276 1985 315 2050 D.
344 1988 396 2068 43,
427 1987 479 2069 24,
513 1986 563 2067 18,
597 1989 623 2052 l.
662 1983 776 2051 Celsus
813 1986 896 2050 libro
934 1988 1109 2052 vicensimo

94 2078 211 2160 quinto
243 2074 459 2159 Digestorum.
484 2112 526 2121 —
626 2095 817 2158 responsum
842 2079 905 2138 est:
938 2076 967 2138 si
990 2077 1110 2161 magis-

95 2167 221 2229 tratum
245 2185 404 2248 rogasses,
428 2167 464 2228 ut
483 2163 703 2227 adversarium
721 2167 813 2226 tuum
838 2162 949 2228 adesse
971 2165 1007 2228 iu
1029 2162 1111 2229 cure

95 2253 232 2334 iuberet,
259 2273 300 2315 ne
328 2274 408 2335 opus
438 2274 556 2316 novum
586 2252 649 2316 tibi
676 2251 852 2335 nuntiaret,
880 2252 963 2316 clam
991 2252 1110 2317 videris

95 2363 180 2424 opus
203 2341 318 2405 fecisse
337 2340 423 2425 qnod
447 2341 576 2404 interim
599 2341 721 2405 feceris.

420 2499 471 2564 Dc
493 2521 575 2581 aqua
599 2505 627 2563 et
648 2501 684 2565 de
706 2501 790 2582 rivis.

187 2615 253 2680 57?
275 2614 314 2679 D.
333 2614 496 2699 50‚13‚2.
518 2613 607 2678 Idem
625 2610 685 2702 (sc.
707 2614 880 2700 Ulpianus)
899 2616 982 2679 libro
1001 2616 1106 2699 primo

96 2704 306 2788 Opinionum.
323 2739 367 2751 -—
391 2703 439 2768 De
457 2726 517 2767 usu
537 2725 647 2786 aquae,
670 2703 708 2767 de
727 2704 804 2767 rivis
823 2705 916 2768 novis
935 2704 1110 2768 inciviliter

96 2794 269 2875 institutis,
301 2793 381 2856 item
414 2793 451 2856 de
484 2792 574 2875 equis
607 2791 720 2856 alienis
749 2814 767 2856 a
796 2794 915 2858 sciente
949 2793 1109 2875 possessis

96 2883 230 2965 fetuque
250 2903 369 2964 earum,
384 2884 417 2966 et
427 2881 465 2944 de
480 2882 596 2944 damno
616 2881 693 2944 dato
707 2902 766 2963 per
784 2882 948 2946 immissos
968 2882 1002 2945 in
1017 2903 1110 2965 prae-

97 2972 187 3035 dium
202 2992 295 3034 snnm
305 2969 472 3034 universos
482 2969 628 3034 homines
639 2989 702 3052 eos,
713 2971 769 3052 qui
778 2971 813 3033 in
827 2971 967 3053 plurium
976 2969 1111 3053 praedia

96 3058 250 3124 distribui
283 3058 471 3140 debuerunt,
503 3058 531 3121 si
563 3058 659 3122 modo
687 3058 719 3120 id
752 3081 817 3124 non
845 3081 884 3123 ex
917 3057 1110 3122 auctoritate

97 3149 166 3213 eius
195 3148 252 3232 qui
278 3147 388 3212 iubere
411 3147 520 3229 potuit
540 3146 662 3210 factum
686 3151 749 3231 est,
776 3147 956 3231 praesidem
980 3146 1110 3230 provin-

98 3238 166 3301 ciae
198 3236 304 3300 doceri
332 3241 480 3318 oportere
507 3256 698 3317 responsum
725 3239 790 3320 est,
815 3241 853 3300 nt
879 3236 907 3299 is
935 3233 1108 3298 secundum

97 3326 145 3390 rei
169 3325 364 3409 aequitatem
392 3327 426 3387 et
448 3323 679 3389 iurisdictionis
703 3324 846 3389 ordinem
866 3322 1110 3387 convenientem

98 3414 236 3479 formam
259 3434 310 3478 res
334 3411 397 3478 det.

171 3551 185 3598 1
208 3545 284 3600 Trrlr.
303 3544 339 3598 ad
357 3543 500 3598 indicium.

151 3644 247 3692 Iurispr.
262 3644 378 3685 anwnadr.
392 3644 442 3684 rell.
457 3644 492 3685 ed.
507 3645 608 3687 Brcmcr.
630 3645 694 3698 11,a.
877 3636 918 3684 '5⁸2
