2430 3944
101 167 167 232 378
204 167 238 224 V.
257 167 408 225 NERVAE
426 169 475 224 ET
494 167 648 224 TRAIANI
667 169 776 225 TEMP.
793 169 890 224 IURIS
909 167 1089 226 CONSULTI

100 333 142 398 ad
179 331 336 398 Sabinum
368 328 418 419 (P.
441 331 552 417 2558).
587 369 631 380 -
665 330 796 398 Cassius
820 380 855 398 ..
879 332 992 398 scribit
1029 333 1112 399 libro

101 427 217 488 octavo
253 421 333 485 iuris
365 421 469 487 civilis
508 421 722 486 fructuarium
759 443 817 506 per
850 421 1010 486 arbitrum
1042 422 1113 506 cogi

100 512 245 592 reficere,
276 509 547 595 quemadmodum
576 510 724 575 adserere
751 510 880 596 cogitur
907 511 1054 595 arbores,
1082 515 1115 576 et

100 599 214 666 Aristo
236 603 331 663 notat
352 599 433 665 haec
456 620 534 664 vera
557 621 635 664 esse.

190 706 219 771 9.
248 705 509 789 1).1,1,17,1.
554 703 716 789 Ulpianus
742 705 826 771 libro
851 708 965 771 octavo
990 706 1114 772 decimo

100 795 142 860 ad
165 794 322 861 Sabinum
347 793 397 879 (P.
411 792 524 880 2585).
548 830 590 841 -
614 794 665 860 Ex
687 816 735 878 eo,
760 815 801 859 ne
824 793 1016 860 deteriorem
1040 817 1113 861 con·

100 884 260 951 dicionem
288 882 460 949 fructuarii
486 883 586 947 faciat
611 883 859 968 proprietarius,
887 884 971 948 solet
994 886 1116 969 quaeri,

100 996 142 1040 an
171 994 300 1037 servum
330 972 478 1036 dominus
507 992 652 1037 coercere
674 971 789 1057 possit.
835 976 868 1036 et
891 971 1004 1038 Aristo
1029 972 1114 1057 apud

101 1061 252 1130 Cassium
274 1064 368 1125 notat
391 1060 616 1144 plenissimam
640 1083 713 1125 curn
737 1061 966 1126 coercitionem
984 1061 1114 1144 habere,

100 1152 129 1217 si
153 1150 249 1215 modo
270 1149 339 1214 sine
359 1149 434 1214 dolo
453 1149 541 1214 malo
560 1149 668 1228 faciat,
686 1150 834 1233 quamvis
853 1149 1113 1215 usufructuarius

98 1261 158 1305 nec
188 1237 359 1304 contrariis
388 1237 516 1322 quidem
545 1238 736 1303 ministeriis
763 1241 821 1302 aut
847 1239 1013 1303 inusitatis
1037 1240 1115 1304 arti·

98 1329 209 1394 ficium
233 1327 301 1391 eius
325 1348 531 1410 corrumpere
553 1328 661 1412 possit
682 1348 742 1391 nec
761 1348 889 1391 servum
907 1328 1113 1393 cicatricibus

99 1418 289 1483 deformare.

422 1562 470 1622 Dc
491 1563 666 1623 habitatione
689 1564 791 1638 teporo.

190 1683 240 1747 10.
263 1681 304 1748 D.
319 1683 347 1759 7,
362 1681 391 1759 8,
406 1683 435 1746 6.
473 1680 632 1765 Ulpianus
655 1681 740 1746 libro
765 1683 904 1766 septimo
928 1682 1052 1748 decimo
1074 1683 1115 1749 ad
1140 1715 1143 1719 ·

100 1770 256 1837 Sabinum
276 1766 325 1858 (P.
339 1766 466 1856 25750).
486 1806 529 1817 -
548 1768 624 1835 Non
644 1771 749 1835 solum
769 1774 877 1836 autem
896 1792 968 1835 curn
983 1773 1115 1851 marito,

99 1860 154 1925 sed
174 1864 207 1925 et
226 1881 299 1925 cum
318 1859 429 1923 liberis
448 1859 639 1945 libertisque
658 1859 807 1925 babitare
827 1865 859 1924 et
878 1881 949 1924 curn
968 1861 1115 1944 parenti·

98 1950 159 2014 bus
188 1948 310 2033 poterit
336 1946 394 2032 (so.
420 1947 543 2029 mulier,
571 1949 622 2012 cui
645 1970 722 2012 usus
746 1949 878 2013 relictus
903 1947 980 2034 est),
1009 1953 1042 2014 et
1065 1950 1116 2015 ita

98 2042 132 2103 et
154 2038 266 2103 Aristo
290 2039 386 2102 notat
409 2035 495 2121 apud
519 2033 684 2101 Sabinum.

385 2238 392 2260 ’
470 2254 518 2313 De
534 2272 617 2328 penu
639 2256 742 2329 lecolo.

189 2377 239 2441 ll.
263 2373 302 2440 D.
312 2375 364 2455 33,
379 2374 409 2457 9,
423 2376 536 2457 3pr.§
553 2374 621 2439 1.2.
652 2371 812 2457 Ulpianus
831 2374 915 2439 libro
936 2376 1114 2442 vicensimo

99 2463 239 2529 secundo
269 2463 308 2527 ad
334 2461 489 2528 Sabinum
513 2460 564 2549 (P.
584 2459 696 2549 2641).
723 2498 760 2508 -
787 2463 849 2539 Qui
876 2485 995 2547 penum
1021 2465 1115 2549 legat

98 2552 174 2638 quid
188 2553 298 2638 legato
313 2552 556 2636 complectatur,
570 2551 746 2616 videamus.
783 2555 817 2615 et
832 2551 970 2627 Quintus
985 2552 1113 2619 Mucius

99 2640 213 2706 scribit
231 2641 316 2705 libro
336 2639 475 2706 secundo
495 2640 574 2704 iuris
594 2640 697 2705 civilis
715 2662 802 2724 penu
820 2641 930 2726 legata
944 2643 1113 2725 contineri,

98 2751 179 2814 quae
202 2729 272 2793 esui
294 2729 449 2814 potuique
473 2732 558 2793 sunt.
604 2728 689 2793 idem
712 2727 851 2794 Sabinus
874 2730 967 2795 libris
992 2731 1033 2795 ad
1057 2730 1113 2795 Vi·

97 2818 226 2883 tellium
249 2817 372 2883 scribit.
413 2817 536 2884 ...sed
559 2818 672 2882 Aristo
696 2822 791 2883 notat
814 2819 913 2883 etiam
937 2841 1018 2904 quae
1043 2822 1113 2884 esui

96 2907 253 2991 potuique
281 2929 346 2972 non
374 2910 451 2972 sunt
478 2907 639 2973 contineri
666 2906 789 2992 legato,
820 2912 856 2971 ut
883 2912 964 2991 puta
993 2930 1044 2992 ea,
1076 2910 1112 2973 in

98 2995 220 3081 quibus
239 3017 310 3061 esse
334 2996 483 3075 solemus,
506 2997 613 3060 oleum
635 2994 729 3078 forte,
752 3016 866 3080 garum
886 2997 1026 3061 muriam
1046 3000 1111 3062 mel

97 3087 268 3169 ceteraque
299 3084 351 3149 his
384 3085 513 3150 similia.
557 3085 667 3166 plone,
698 3084 817 3169 inquit,
847 3085 876 3149 si
899 3106 1000 3166 penus
1028 3107 1111 3152 cocu»

97 3172 180 3237 leuto
203 3174 328 3256 ἱερείων,
351 3173 452 3237 Labeo
475 3173 552 3238 libro
574 3194 655 3238 nouo
679 3172 889 3238 Posteriorum
907 3175 1014 3239 scribit
1030 3175 1113 3240 nibil

95 3282 202 3327 eorum
228 3264 340 3341 cedere,
367 3262 443 3343 quia
469 3282 532 3327 coa
558 3261 631 3328 boec
658 3281 731 3341 esse,
758 3263 812 3326 sod
832 3283 891 3343 per
912 3284 948 3326 eu
971 3265 1111 3330 solemus.

96 3349 272 3415 Trebatius
299 3352 333 3414 in
361 3350 458 3414 melle
486 3355 600 3414 contra
627 3351 753 3434 scribit,
780 3352 911 3433 merito,
940 3354 1017 3436 quia
1046 3353 1111 3417 mel

96 3459 168 3503 esse
200 3439 350 3504 solemus.
411 3438 467 3502 sed
498 3438 654 3504 Proculus
692 3439 800 3504 omnia
838 3439 915 3504 baec
952 3443 1113 3507 contineri

95 3530 181 3593 recte
209 3527 333 3612 scribit,
358 3527 423 3592 nisi
449 3529 613 3593 contraria
638 3549 728 3592 mens
752 3529 920 3593 testatoris
945 3536 1111 3614 appareat.
