2430 3944
145 194 213 259 344
248 194 281 252 V.
299 191 450 249 NERVAE
469 192 516 249 ΕΤ
536 192 689 249 TRAIANI
706 192 813 248 ΤΕΜΡ.
832 192 929 249 IUItIS
947 191 1129 251 CONSULTI

149 381 278 424 servum
297 357 441 423 vendidit
459 359 493 420 et
510 355 680 422 tradiderit
697 357 868 442 peculium,
885 377 926 421 ne
940 357 1027 422 intre
1042 380 1163 423 annum

149 447 278 534 quidem
308 447 346 511 de
369 445 495 530 peoulio
520 445 741 530 convenietur3
769 466 871 530 neque
895 447 981 511 enim
1004 447 1068 512 hoo
1090 469 1163 533 pre-

150 538 233 603 tium
256 535 342 601 servi
364 535 526 621 peculium
549 536 612 618 est,
635 537 672 599 ut
696 531 849 600 Neratius
872 535 1011 620 scripsit.

240 625 292 691 23.
314 623 355 690 D.
372 622 579 708 19,1,11,7.
615 621 705 687 Idem
728 619 787 710 (so.
805 621 979 709 Ulpianus)
1002 625 1087 690 libro
1106 626 1164 690 tri-

149 715 301 802 gensimo
322 711 459 778 seeundo
480 710 520 776 ad
541 710 680 776 edietum
700 707 749 798 (P.
770 709 859 798 931).
881 748 919 759 -
940 711 1164 796 Venditorem,

150 803 282 869 etiamsi
304 802 458 887 ignorans
481 799 670 884 vendiderit,
692 801 870 885 fugitivum
891 824 959 867 non
982 823 1052 868 esse
1070 825 1163 888 prae-

151 896 239 958 stare
263 890 401 974 emptori
424 893 574 973 oportere
597 887 751 953 Neratius
774 890 829 955 ait.

239 980 292 1045 24.
314 978 397 1044 Ibid.
416 980 435 1060 ς
451 979 480 1043 8.
506 1013 544 1024 -
568 975 659 1042 Idem
682 975 846 1058 Neratius,
869 979 998 1044 etiamsi
1021 980 1163 1045 alienum

151 1091 280 1136 servum
307 1066 503 1148 vendideris,
528 1066 624 1130 furtis
651 1066 807 1152 noxisque
831 1068 972 1133 solutum
995 1075 1163 1153 praestare

149 1165 183 1224 te
207 1156 323 1222 debere
347 1156 388 1220 ab
413 1155 563 1220 omnibus
589 1158 753 1238 reoeptum
777 1155 836 1238 ait,
860 1159 893 1220 et
916 1178 955 1220 ex
978 1162 1088 1242 empto
1113 1179 1163 1223 ao·

149 1248 273 1312 tionem
297 1266 377 1329 esse,
400 1247 437 1309 ut
460 1243 578 1308 habere
598 1243 694 1308 lioere
714 1245 852 1328 emptori
872 1248 1032 1322 caveatur,
1056 1247 1165 1312 sedet

149 1341 187 1402 ut
210 1334 360 1400 tradatur
383 1334 412 1396 ei
434 1332 607 1417 possessio.

239 1423 293 1489 25.
315 1421 396 1486 Ibid.
420 1421 485 1502 59.
508 1457 550 1468 -
574 1419 664 1484 Idem
687 1422 734 1487 ait
756 1442 823 1485 non
845 1422 1027 1486 tradentem
1051 1423 1165 1507 quanti

150 1512 281 1578 intersit
304 1510 526 1595 condemnari3
554 1509 634 1574 satis
658 1513 766 1575 autem
788 1531 855 1575 non
878 1511 1023 1593 dantem,
1050 1513 1165 1595 quanti

150 1601 328 1686 plurimum
352 1603 515 1664 auctorem
538 1598 718 1682 periclitari
741 1601 881 1683 oportet.

239 1689 292 1755 26.
326 1686 409 1753 Ibid.
436 1687 527 1768 §lu
560 1721 602 1732 -
635 1685 725 1752 Idem
756 1684 910 1753 Neratius
948 1688 995 1752 ait
1031 1695 1164 1773 propter

151 1778 261 1844 omnia
287 1777 369 1842 haee
396 1776 476 1840 satis
504 1796 575 1840 esse
603 1776 689 1858 quod
716 1776 892 1860 plurimum
921 1779 970 1841 est
994 1779 1164 1861 praestari,

151 1867 185 1932 id
205 1873 256 1931 est
274 1868 311 1931 ut
330 1865 537 1951 sequentibus
558 1864 739 1930 aot-ionibus
758 1864 895 1930 deduoto
914 1887 952 1930 eo
972 1866 1057 1951 quod
1077 1889 1166 1951 prae-

152 1956 264 2020 stitum
290 1959 339 2019 est
361 1954 404 2020 lis
428 1954 624 2018 aestimetur.

241 2044 293 2108 27.
317 2043 399 2108 Ibid.
417 2042 505 2124 511.
527 2079 564 2088 -
587 2040 698 2105 Idem.
714 2042 790 2120 ‚ait,
813 2043 842 2106 si
865 2042 941 2127 quid
962 2043 1079 2109 horum
1098 2066 1165 2109 non

151 2135 348 2218 praestetur,
376 2153 449 2197 oum
472 2135 578 2196 uetera
600 2129 687 2195 faeta
710 2131 789 2213 sint,
815 2131 903 2196 nullo
928 2131 1064 2197 deducto
1090 2154 1165 2198 oon-

152 2221 390 2286 demnationem
414 2219 604 2285 faciendam.

242 2311 293 2376 28.
321 2309 403 2373 Ibid.
426 2308 513 2390 §ld
536 2343 579 2356 -
603 2305 694 2372 Idem
717 2306 870 2375 Neratius
894 2310 940 2374 ait
964 2311 1166 2375 venditorem

152 2399 187 2463 in
210 2421 245 2463 re
268 2398 424 2462 tradenda
447 2397 563 2462 debere
582 2399 749 2480 praestare
768 2397 917 2483 emptori,
941 2403 977 2462 ut
995 2399 1031 2462 in
1048 2399 1107 2463 lite
1128 2399 1166 2464 de

153 2487 358 2571 possessione
381 2486 491 2570 potior
515 2485 567 2550 sit.

242 2722 290 2781 De
315 2725 439 2795 emptore
461 2723 511 2794 qut
532 2723 669 2796 simplam
680 2739 739 2796 pro
762 2723 854 2796 dupla
872 2740 928 2797 per
950 2739 1077 2783 errorem

509 2875 512 2879 ,
549 2812 703 2884 stipulatus
726 2815 774 2872 est.

245 2929 296 2994 29.
325 2928 364 2992 D.
379 2929 431 3012 21,
445 2929 475 3010 2,
490 2928 542 3009 37,
557 2929 586 2994 2.
622 2928 783 3015 Ulpianus
802 2929 887 2995 libro
906 2930 1099 3017 trigensimo
1120 2955 1166 2998 se·

148 3018 259 3083 eundo
283 3017 323 3081 ad
348 3016 486 3081 edictum
506 3017 556 3103 (P.
571 3016 672 3104 930⁰).
696 3055 739 3064 —
765 3017 799 3084 Si
819 3019 970 3104 simplam
989 3043 1048 3105 pro
1069 3021 1166 3106 dupla

155 3129 213 3192 per
237 3127 377 3171 errorem
402 3105 576 3190 stipulatus
600 3107 644 3172 sit
667 3110 802 3192 emptor,
830 3129 865 3172 re
889 3108 993 3173 evicta
1016 3131 1165 3175 consecu-

156 3201 264 3260 turum
289 3216 361 3258 eum
386 3217 423 3258 ex
447 3200 556 3280 empto
575 3193 728 3261 Neratius
752 3197 812 3277 ait,
835 3201 956 3281 quanto
980 3199 1087 3263 minus
1112 3200 1166 3264 sti-

156 3286 286 3368 pulatus
322 3282 378 3365 sit,
411 3283 439 3347 si
471 3283 566 3349 modo
599 3286 707 3349 omnia
739 3284 819 3349 fauit
852 3291 991 3370 emptor,
1025 3310 1106 3373 quae
1134 3289 1165 3351 in

157 3372 367 3457 stipulatione
390 3372 607 3456 continentum
637 3373 722 3458 quod
746 3374 773 3438 si
796 3395 862 3438 non
885 3374 971 3456 feeit,
994 3397 1033 3440 ex
1058 3380 1165 3460 empto

96 3460 98 3466 ’
156 3461 190 3526 id
209 3465 336 3526 tantum
355 3463 609 3545 consecuturum,
628 3469 665 3525 ut
683 3463 712 3526 ei
730 3463 939 3547 promittatur
957 3463 1043 3548 quod
1062 3466 1165 3529 minus

157 3550 191 3614 in
215 3550 456 3634 stipulationem
482 3549 678 3634 superiorem
702 3551 871 3616 deductum
896 3555 953 3616 est.
