2430 3944
154 190 187 245 V.
207 187 306 255 QUOD
327 188 498 244 ‘DICITUR’
519 189 592 244 VEL
613 190 746 246 ‘VULGO
766 191 934 246 DlGlTUR’.
984 192 1049 256 589

317 359 345 417 b.
376 356 429 416 Aa
451 358 507 417 ius
530 359 761 433 praetorium.

442 476 493 541 De
508 478 639 560 peculio.

122 592 174 656 20.
196 590 236 656 D.
262 593 312 672 15,
338 594 366 673 1,
390 592 442 658 51.
489 591 644 657 Scaevola
667 593 750 658 libro
779 594 917 659 secundo
944 593 1048 670 Quae·

66 682 185 746 ionum.
210 716 249 727 —
351 682 481 765 dicitur,
509 683 536 745 si
560 704 633 747 cum
661 704 725 747 uno
749 705 788 747 ex
812 682 908 748 sociis
932 688 1049 768 agatur

66 793 89 835 c.
101 769 140 833 de
155 765 307 856 peculio),
321 769 505 834 universum
520 771 684 854 peculium
697 772 959 856 computandum,
973 773 1049 856 quia

66 863 74 923 t
98 880 171 923 cum
195 859 283 923 socio
307 859 400 923 actio.

321 1017 372 1083 De
394 1019 542 1082 tonorum
563 1020 763 1105 separatione.

121 1125 173 1188 21.
197 1122 236 1188 D.
259 1124 313 1207 42,
336 1125 366 1207 6,
391 1126 419 1206 1,
445 1126 494 1190 13.
540 1124 701 1209 Ulpianus
723 1126 808 1191 libro
824 1127 1047 1211 sexagensimo

66 1216 148 1277 carto
173 1211 214 1295 ad
233 1212 382 1278 edictum.
396 1250 440 1260 —
455 1262 485 1278 ..
504 1214 620 1280 (licitur
638 1220 714 1299 post
734 1215 872 1279 multum
891 1216 1048 1298 temporis

66 1302 269 1385 parationem
293 1303 459 1387 impetrari
482 1324 549 1368 non
571 1324 675 1386 posse.

334 1461 385 1526 De
406 1463 517 1544 deploro
539 1463 744 1545 stipoototiooc.

121 1576 174 1641 22.
202 1576 241 1640 Ι).
270 1577 322 1659 21,
350 1578 380 1659 2,
410 1578 460 1659 16,
490 1580 518 1642 1.
565 1577 764 1663 Pomponius
791 1580 875 1644 libro
898 1601 984 1644 nono
1010 1579 1051 1643 ad

66 1665 198 1730 tbinum.
221 1702 265 1712 —
288 1665 415 1750 Duplae
439 1667 607 1749 stipulatio
632 1669 792 1732 committi
816 1668 932 1733 dicitur
962 1671 1048 1751 tunc,

66 1777 105 1818 un
132 1775 184 1818 res
208 1753 358 1818 restituta
386 1758 436 1819 est
462 1755 609 1839 petitori,
636 1756 688 1819 vel
712 1755 883 1820 damnatus
911 1760 961 1820 est
981 1753 1050 1822 litis

66 1841 271 1929 estimatione,
296 1843 345 1908 vel
367 1864 535 1927 possessor
558 1844 599 1908 ab
624 1848 769 1927 emptore
793 1849 969 1909 conventus
994 1846 1051 1909 alr

66 1932 158 1995 lutus
183 1934 240 1995 est.

389 2020 438 2085 De
460 2021 689 2103 exceptionibus.

122 2126 174 2190 23.
193 2124 233 2192 Ι).
251 2127 304 2208 44,
322 2127 352 2210 4,
371 2127 401 2211 4,
416 2128 467 2192 2'l.
500 2126 659 2211 Ulpianus
679 2127 764 2191 libro
785 2126 1048 2212 septuagensimo

68 2218 124 2279 xto
150 2214 190 2278 ad
218 2214 367 2283 edictum.
393 2251 431 2261 -
533 2216 673 2281 traditur
702 2215 749 2280 rei
777 2216 905 2301 quidem
933 2215 1049 2280 cohae-

66 2307 159 2368 ntem
179 2304 402 2387 exceptionem
417 2304 518 2368 etiam
539 2305 678 2390 emptori
696 2326 821 2389 nocere,
840 2326 911 2368 eam
929 2307 1048 2386 autem,

66 2415 117 2457 iae
141 2414 180 2456 ex
199 2391 314 2457 delicto
333 2414 491 2476 personae
512 2393 643 2479 oriatur,
663 2415 780 2458 nocere
799 2414 866 2458 non
885 2396 1047 2476 oportere.

181 2587 209 2642 2.
240 2583 338 2654 Quod
362 2578 486 2662 ‘vulgo
510 2579 662 2644 dicitur'
687 2584 905 2662 similiaque.

378 2712 406 2768 1.
433 2709 487 2767 Ad
509 2709 566 2768 ius
589 2708 708 2770 civile.

413 2818 464 2883 De
486 2820 677 2884 testamentis.

125 2909 223 2990 1.'D.
256 2926 313 3006 28,
348 2925 381 3004 2,
421 2928 477 3008 14,
516 2926 544 2989 1.
599 2924 772 2989 Africanus
809 2925 894 2990 libro
932 2928 1049 3008 quarto

66 3014 275 3080 uaestionum.
302 3049 339 3059 -·
371 3015 515 3108 ..vulgo
539 3013 659 3077 dicitur
681 3035 754 3078 eum
778 3015 923 3099 gradum,
947 3033 1049 3096 aquo

66 3106 121 3169 ius
145 3102 415 3187 praeteritussit,
438 3123 504 3166 non
528 3103 645 3167 valere.

448 3261 498 3326 De
520 3262 633 3344 lepoto's.

124 3370 154 3434 2.
178 3368 216 3433 Ι).
244 3367 296 3447 35,
325 3368 355 3446 2,
385 3368 434 3450 11,
464 3366 494 3432 5.
540 3367 624 3433 Item
648 3369 705 3452 (sc.
729 3363 941 3452 Papinianus)
963 3366 1050 3430 libro

66 3458 189 3524 oesimo
221 3478 308 3522 nono
337 3455 581 3532 Quaestionum.
608 3495 650 3503 —
684 3456 838 3540 ..vulgo
866 3454 984 3519 dicitur
1016 3456 1050 3518 in

67 3547 158 3613 bulis
180 3546 284 3629 patris
309 3550 341 3609 et
363 3545 424 3609 filii
447 3568 545 3610 unam
569 3544 745 3610 Falcidiam
768 3545 902 3608 servari.
930 3558 933 3563 ·
