<?xml version="1.0" encoding="UTF-8"?>
<!DOCTYPE html PUBLIC "-//W3C//DTD XHTML 1.0 Transitional//EN"
    "http://www.w3.org/TR/xhtml1/DTD/xhtml1-transitional.dtd">
<html xmlns="http://www.w3.org/1999/xhtml" xml:lang="en" lang="en">
 <head>
  <title>
</title>
<meta http-equiv="Content-Type" content="text/html;charset=utf-8" />
  <meta name='ocr-system' content='tesseract 3.04.00' />
  <meta name='ocr-capabilities' content='ocr_page ocr_carea ocr_par ocr_line ocrx_word'/>
</head>
<body>
  <div class='ocr_page' id='page_1' title='image "./iurisprudentiae02bremgoog_0257.png"; bbox 0 0 2430 3944; ppageno 0'>
   <div class='ocr_carea' id='block_1_1' title="bbox 101 173 1087 247">
    <p class='ocr_par' dir='ltr' id='par_1_1' title="bbox 101 173 1087 247">
     <span class='ocr_line' id='line_1_1' title="bbox 101 173 1087 247; baseline -0.002 -16"><span class='ocrx_word' id='word_1_1' title='bbox 101 181 172 247; x_wconf 48' lang='grc' dir='ltr'><strong>,Ἃ</strong></span> <span class='ocrx_word' id='word_1_2' title='bbox 190 177 235 231; x_wconf 76' lang='lat' dir='ltr'><strong>rr.</strong></span> <span class='ocrx_word' id='word_1_3' title='bbox 254 173 558 230; x_wconf 67' lang='lat' dir='ltr'><strong>mammem</strong></span> <span class='ocrx_word' id='word_1_4' title='bbox 569 173 768 228; x_wconf 77' lang='lat' dir='ltr'><strong>mmmm</strong></span> <span class='ocrx_word' id='word_1_5' title='bbox 780 173 890 230; x_wconf 75' lang='lat' dir='ltr'><strong>asur.</strong></span> <span class='ocrx_word' id='word_1_6' title='bbox 903 173 1001 230; x_wconf 84' lang='lat' dir='ltr'><strong>murs</strong></span> <span class='ocrx_word' id='word_1_7' title='bbox 1015 174 1087 231; x_wconf 79' lang='lat' dir='ltr'><strong>cau</strong></span> 
     </span>
    </p>
   </div>
   <div class='ocr_carea' id='block_1_2' title="bbox 100 337 1087 956">
    <p class='ocr_par' dir='ltr' id='par_1_2' title="bbox 100 337 1087 956">
     <span class='ocr_line' id='line_1_2' title="bbox 102 337 1082 422; baseline -0.007 -13"><span class='ocrx_word' id='word_1_8' title='bbox 102 341 221 409; x_wconf 63' lang='lat' dir='ltr'><strong>mistas</strong></span> <span class='ocrx_word' id='word_1_9' title='bbox 238 361 307 404; x_wconf 74' lang='lat' dir='ltr'><strong>m</strong></span> <span class='ocrx_word' id='word_1_10' title='bbox 327 338 397 401; x_wconf 81' lang='lat' dir='ltr'><strong>filio</strong></span> <span class='ocrx_word' id='word_1_11' title='bbox 419 342 453 400; x_wconf 73' lang='lat' dir='ltr'><strong>et</strong></span> <span class='ocrx_word' id='word_1_12' title='bbox 474 358 574 400; x_wconf 87' lang='lat' dir='ltr'><strong>uxore</strong></span> <span class='ocrx_word' id='word_1_13' title='bbox 594 342 783 422; x_wconf 77' lang='lat' dir='ltr'><strong>praegnata,</strong></span> <span class='ocrx_word' id='word_1_14' title='bbox 804 359 870 403; x_wconf 89' lang='lat' dir='ltr'><strong>non</strong></span> <span class='ocrx_word' id='word_1_15' title='bbox 889 341 976 402; x_wconf 83' lang='lat' dir='ltr'><strong>reete</strong></span> <span class='ocrx_word' id='word_1_16' title='bbox 994 337 1082 402; x_wconf 86' lang='lat' dir='ltr'><strong>filius</strong></span> 
     </span>
     <span class='ocr_line' id='line_1_3' title="bbox 101 425 1087 511; baseline -0.005 -15"><span class='ocrx_word' id='word_1_17' title='bbox 101 428 310 497; x_wconf 70' lang='lat' dir='ltr'><strong>dabitoribus</strong></span> <span class='ocrx_word' id='word_1_18' title='bbox 342 429 472 510; x_wconf 74' lang='lat' dir='ltr'><strong>partem</strong></span> <span class='ocrx_word' id='word_1_19' title='bbox 509 425 678 490; x_wconf 81' lang='lat' dir='ltr'><strong>dimidiam</strong></span> <span class='ocrx_word' id='word_1_20' title='bbox 709 426 824 490; x_wconf 84' lang='lat' dir='ltr'><strong>crediti</strong></span> <span class='ocrx_word' id='word_1_21' title='bbox 854 429 967 511; x_wconf 86' lang='lat' dir='ltr'><strong>petere</strong></span> <span class='ocrx_word' id='word_1_22' title='bbox 998 431 1087 510; x_wconf 79' lang='lat' dir='ltr'><strong>poter</strong></span> 
     </span>
     <span class='ocr_line' id='line_1_4' title="bbox 100 514 1087 605; baseline -0.003 -23"><span class='ocrx_word' id='word_1_23' title='bbox 100 517 253 605; x_wconf 56' lang='lat' dir='ltr'><strong>quanam</strong></span> <span class='ocrx_word' id='word_1_24' title='bbox 281 526 399 600; x_wconf 80' lang='lat' dir='ltr'><strong>postea</strong></span> <span class='ocrx_word' id='word_1_25' title='bbox 424 536 507 577; x_wconf 89' lang='lat' dir='ltr'><strong>unus</strong></span> <span class='ocrx_word' id='word_1_26' title='bbox 534 514 622 578; x_wconf 87' lang='lat' dir='ltr'><strong>filius</strong></span> <span class='ocrx_word' id='word_1_27' title='bbox 649 519 748 579; x_wconf 81' lang='lat' dir='ltr'><strong>natus</strong></span> <span class='ocrx_word' id='word_1_28' title='bbox 775 516 820 579; x_wconf 87' lang='lat' dir='ltr'><strong>sit</strong></span> <span class='ocrx_word' id='word_1_29' title='bbox 847 515 939 600; x_wconf 82' lang='lat' dir='ltr'><strong>[quia</strong></span> <span class='ocrx_word' id='word_1_30' title='bbox 964 519 1087 598; x_wconf 77' lang='lat' dir='ltr'><strong>potera</strong></span> 
     </span>
     <span class='ocr_line' id='line_1_5' title="bbox 100 604 1087 695; baseline -0.005 -22"><span class='ocrx_word' id='word_1_31' title='bbox 100 608 215 695; x_wconf 67' lang='lat' dir='ltr'><strong>pium</strong></span> <span class='ocrx_word' id='word_1_32' title='bbox 237 604 344 683; x_wconf 71' lang='lat' dir='ltr'><strong>usai,</strong></span> <span class='ocrx_word' id='word_1_33' title='bbox 369 625 442 668; x_wconf 85' lang='lat' dir='ltr'><strong>aum</strong></span> <span class='ocrx_word' id='word_1_34' title='bbox 469 624 661 686; x_wconf 81' lang='lat' dir='ltr'><strong>perrarum</strong></span> <span class='ocrx_word' id='word_1_35' title='bbox 688 609 840 669; x_wconf 82' lang='lat' dir='ltr'><strong>naturam</strong></span> <span class='ocrx_word' id='word_1_36' title='bbox 867 608 993 668; x_wconf 81' lang='lat' dir='ltr'><strong>eertum</strong></span> <span class='ocrx_word' id='word_1_37' title='bbox 1022 605 1087 668; x_wconf 83' lang='lat' dir='ltr'><strong>fuer</strong></span> 
     </span>
     <span class='ocr_line' id='line_1_6' title="bbox 100 690 1087 777; baseline -0.005 -14"><span class='ocrx_word' id='word_1_38' title='bbox 100 717 204 763; x_wconf 68' lang='lat' dir='ltr'><strong>mn</strong></span> <span class='ocrx_word' id='word_1_39' title='bbox 234 691 348 774; x_wconf 64' lang='lat' dir='ltr'><strong>unsar]</strong></span> <span class='ocrx_word' id='word_1_40' title='bbox 396 692 453 754; x_wconf 89' lang='lat' dir='ltr'><strong>sed</strong></span> <span class='ocrx_word' id='word_1_41' title='bbox 481 690 622 756; x_wconf 85' lang='lat' dir='ltr'><strong>Sabinus</strong></span> <span class='ocrx_word' id='word_1_42' title='bbox 650 690 782 757; x_wconf 78' lang='lat' dir='ltr'><strong>Cassius</strong></span> <span class='ocrx_word' id='word_1_43' title='bbox 812 696 940 776; x_wconf 74' lang='lat' dir='ltr'><strong>partam</strong></span> <span class='ocrx_word' id='word_1_44' title='bbox 967 698 1087 777; x_wconf 81' lang='lat' dir='ltr'><strong>quarta</strong></span> 
     </span>
     <span class='ocr_line' id='line_1_7' title="bbox 100 779 1087 871; baseline -0.004 -23"><span class='ocrx_word' id='word_1_45' title='bbox 100 785 173 871; x_wconf 60' lang='lat' dir='ltr'><strong>pu</strong></span> <span class='ocrx_word' id='word_1_46' title='bbox 192 783 349 864; x_wconf 69' lang='lat' dir='ltr'><strong>debuisse,</strong></span> <span class='ocrx_word' id='word_1_47' title='bbox 372 779 451 865; x_wconf 87' lang='lat' dir='ltr'><strong>quia</strong></span> <span class='ocrx_word' id='word_1_48' title='bbox 472 779 633 844; x_wconf 83' lang='lat' dir='ltr'><strong>incertum</strong></span> <span class='ocrx_word' id='word_1_49' title='bbox 656 786 744 845; x_wconf 88' lang='lat' dir='ltr'><strong>esset</strong></span> <span class='ocrx_word' id='word_1_50' title='bbox 760 804 804 845; x_wconf 86' lang='lat' dir='ltr'><strong>an</strong></span> <span class='ocrx_word' id='word_1_51' title='bbox 820 786 888 845; x_wconf 87' lang='lat' dir='ltr'><strong>tres</strong></span> <span class='ocrx_word' id='word_1_52' title='bbox 906 787 1087 848; x_wconf 70' lang='lat' dir='ltr'><strong>nascerentr</strong></span> 
     </span>
     <span class='ocr_line' id='line_1_8' title="bbox 102 865 1087 956; baseline -0.004 -17"><span class='ocrx_word' id='word_1_53' title='bbox 102 876 178 956; x_wconf 71' lang='lat' dir='ltr'><strong>[usu</strong></span> <span class='ocrx_word' id='word_1_54' title='bbox 203 893 310 935; x_wconf 79' lang='lat' dir='ltr'><strong>rarum</strong></span> <span class='ocrx_word' id='word_1_55' title='bbox 337 874 489 933; x_wconf 88' lang='lat' dir='ltr'><strong>naturam</strong></span> <span class='ocrx_word' id='word_1_56' title='bbox 516 867 719 949; x_wconf 86' lang='lat' dir='ltr'><strong>intuendam,</strong></span> <span class='ocrx_word' id='word_1_57' title='bbox 745 871 780 934; x_wconf 90' lang='lat' dir='ltr'><strong>in</strong></span> <span class='ocrx_word' id='word_1_58' title='bbox 807 891 871 954; x_wconf 88' lang='lat' dir='ltr'><strong>qua</strong></span> <span class='ocrx_word' id='word_1_59' title='bbox 885 865 1004 935; x_wconf 76' lang='lat' dir='ltr'><strong>&#39;omnia</strong></span> <span class='ocrx_word' id='word_1_60' title='bbox 1029 894 1087 935; x_wconf 86' lang='lat' dir='ltr'><strong>cer</strong></span> 
     </span>
    </p>
   </div>
   <div class='ocr_carea' id='block_1_3' title="bbox 98 958 1087 1928">
    <p class='ocr_par' dir='ltr' id='par_1_3' title="bbox 100 958 1087 1131">
     <span class='ocr_line' id='line_1_9' title="bbox 100 958 1087 1042; baseline 0.001 -19"><span class='ocrx_word' id='word_1_61' title='bbox 100 965 218 1042; x_wconf 53' lang='lat' dir='ltr'><strong>mg</strong></span> <span class='ocrx_word' id='word_1_62' title='bbox 238 981 311 1024; x_wconf 88' lang='lat' dir='ltr'><strong>aum</strong></span> <span class='ocrx_word' id='word_1_63' title='bbox 331 958 443 1021; x_wconf 87' lang='lat' dir='ltr'><strong>futura</strong></span> <span class='ocrx_word' id='word_1_64' title='bbox 460 958 572 1041; x_wconf 88' lang='lat' dir='ltr'><strong>utique</strong></span> <span class='ocrx_word' id='word_1_65' title='bbox 590 958 713 1041; x_wconf 86' lang='lat' dir='ltr'><strong>fierent,</strong></span> <span class='ocrx_word' id='word_1_66' title='bbox 736 959 793 1022; x_wconf 90' lang='lat' dir='ltr'><strong>sed</strong></span> <span class='ocrx_word' id='word_1_67' title='bbox 811 962 960 1023; x_wconf 88' lang='lat' dir='ltr'><strong>nostram</strong></span> <span class='ocrx_word' id='word_1_68' title='bbox 978 959 1087 1025; x_wconf 69' lang='lat' dir='ltr'><strong>inscie]</strong></span> 
     </span>
     <span class='ocr_line' id='line_1_10' title="bbox 100 1047 468 1131; baseline -0.019 -16"><span class='ocrx_word' id='word_1_69' title='bbox 100 1051 183 1115; x_wconf 65' lang='lat' dir='ltr'><strong>tiam</strong></span> <span class='ocrx_word' id='word_1_70' title='bbox 205 1048 305 1131; x_wconf 82' lang='lat' dir='ltr'><strong>aspici</strong></span> <span class='ocrx_word' id='word_1_71' title='bbox 329 1047 468 1128; x_wconf 77' lang='lat' dir='ltr'><strong>debere]</strong></span> 
     </span>
    </p>

    <p class='ocr_par' dir='ltr' id='par_1_4' title="bbox 188 1139 608 1216">
     <span class='ocr_line' id='line_1_11' title="bbox 188 1139 608 1216; baseline -0.007 -15"><span class='ocrx_word' id='word_1_72' title='bbox 188 1143 227 1201; x_wconf 65' lang='lat' dir='ltr'><strong>ai</strong></span> <span class='ocrx_word' id='word_1_73' title='bbox 249 1139 370 1199; x_wconf 80' lang='lat' dir='ltr'><strong>Cassius</strong></span> <span class='ocrx_word' id='word_1_74' title='bbox 394 1159 486 1216; x_wconf 85' lang='lat' dir='ltr'><strong>supra</strong></span> <span class='ocrx_word' id='word_1_75' title='bbox 508 1160 537 1215; x_wconf 87' lang='lat' dir='ltr'><strong>p.</strong></span> <span class='ocrx_word' id='word_1_76' title='bbox 556 1142 608 1200; x_wconf 88' lang='grc'><strong>39.</strong></span> 
     </span>
    </p>

    <p class='ocr_par' dir='ltr' id='par_1_5' title="bbox 98 1224 1087 1928">
     <span class='ocr_line' id='line_1_12' title="bbox 188 1224 1087 1309; baseline 0.001 -20"><span class='ocrx_word' id='word_1_77' title='bbox 188 1229 312 1289; x_wconf 85' lang='lat' dir='ltr'><strong>Perniee</strong></span> <span class='ocrx_word' id='word_1_78' title='bbox 334 1228 363 1304; x_wconf 91' lang='lat' dir='ltr'><strong>I,</strong></span> <span class='ocrx_word' id='word_1_79' title='bbox 387 1230 451 1290; x_wconf 83' lang='lat'><strong>373</strong></span> <span class='ocrx_word' id='word_1_80' title='bbox 479 1249 508 1287; x_wconf 91' lang='lat' dir='ltr'><strong>n.</strong></span> <span class='ocrx_word' id='word_1_81' title='bbox 527 1231 569 1287; x_wconf 88' lang='grc'><strong>46</strong></span> <span class='ocrx_word' id='word_1_82' title='bbox 597 1233 697 1289; x_wconf 86' lang='lat' dir='ltr'><strong>notat:</strong></span> <span class='ocrx_word' id='word_1_83' title='bbox 734 1224 814 1288; x_wconf 74' lang='lat' dir='ltr'><strong>‘Das</strong></span> <span class='ocrx_word' id='word_1_84' title='bbox 838 1229 979 1290; x_wconf 85' lang='lat' dir='ltr'><strong>Plautius</strong></span> <span class='ocrx_word' id='word_1_85' title='bbox 1012 1232 1087 1309; x_wconf 74' lang='lat' dir='ltr'><strong>eigai</strong></span> 
     </span>
     <span class='ocr_line' id='line_1_13' title="bbox 99 1317 1087 1396; baseline 0 -18"><span class='ocrx_word' id='word_1_86' title='bbox 99 1319 230 1396; x_wconf 83' lang='lat' dir='ltr'><strong>positive</strong></span> <span class='ocrx_word' id='word_1_87' title='bbox 255 1317 383 1376; x_wconf 87' lang='lat' dir='ltr'><strong>Ansiaht</strong></span> <span class='ocrx_word' id='word_1_88' title='bbox 409 1318 450 1377; x_wconf 86' lang='lat' dir='ltr'><strong>ist</strong></span> <span class='ocrx_word' id='word_1_89' title='bbox 477 1317 561 1376; x_wconf 84' lang='lat' dir='ltr'><strong>nieht</strong></span> <span class='ocrx_word' id='word_1_90' title='bbox 587 1319 758 1394; x_wconf 82' lang='lat' dir='ltr'><strong>angefflhrt.</strong></span> <span class='ocrx_word' id='word_1_91' title='bbox 802 1318 947 1378; x_wconf 86' lang='lat' dir='ltr'><strong>Indessen</strong></span> <span class='ocrx_word' id='word_1_92' title='bbox 974 1320 1024 1378; x_wconf 88' lang='lat' dir='ltr'><strong>die</strong></span> <span class='ocrx_word' id='word_1_93' title='bbox 1053 1340 1087 1379; x_wconf 87' lang='lat' dir='ltr'><strong>en</strong></span> 
     </span>
     <span class='ocr_line' id='line_1_14' title="bbox 99 1405 1087 1486; baseline 0 -18"><span class='ocrx_word' id='word_1_94' title='bbox 99 1407 256 1468; x_wconf 83' lang='lat' dir='ltr'><strong>sehiadene</strong></span> <span class='ocrx_word' id='word_1_95' title='bbox 270 1405 471 1484; x_wconf 79' lang='lat' dir='ltr'><strong>Verwerfung</strong></span> <span class='ocrx_word' id='word_1_96' title='bbox 484 1406 536 1466; x_wconf 89' lang='lat' dir='ltr'><strong>des</strong></span> <span class='ocrx_word' id='word_1_97' title='bbox 550 1406 708 1466; x_wconf 88' lang='lat' dir='ltr'><strong>dimidium</strong></span> <span class='ocrx_word' id='word_1_98' title='bbox 720 1409 823 1482; x_wconf 84' lang='lat' dir='ltr'><strong>petere</strong></span> <span class='ocrx_word' id='word_1_99' title='bbox 838 1408 898 1466; x_wconf 86' lang='lat' dir='ltr'><strong>und</strong></span> <span class='ocrx_word' id='word_1_100' title='bbox 912 1408 960 1467; x_wconf 86' lang='lat' dir='ltr'><strong>dia</strong></span> <span class='ocrx_word' id='word_1_101' title='bbox 974 1409 1087 1486; x_wconf 69' lang='lat' dir='ltr'><strong>tolgane</strong></span> 
     </span>
     <span class='ocr_line' id='line_1_15' title="bbox 99 1495 1087 1572; baseline 0 -17"><span class='ocrx_word' id='word_1_102' title='bbox 99 1496 309 1571; x_wconf 79' lang='lat' dir='ltr'><strong>Anknupfung</strong></span> <span class='ocrx_word' id='word_1_103' title='bbox 340 1496 396 1554; x_wconf 88' lang='lat' dir='ltr'><strong>mit</strong></span> <span class='ocrx_word' id='word_1_104' title='bbox 422 1495 487 1569; x_wconf 87' lang='lat' dir='ltr'><strong>sed,</strong></span> <span class='ocrx_word' id='word_1_105' title='bbox 519 1496 568 1554; x_wconf 86' lang='lat' dir='ltr'><strong>die</strong></span> <span class='ocrx_word' id='word_1_106' title='bbox 594 1496 635 1554; x_wconf 89' lang='lat' dir='ltr'><strong>im</strong></span> <span class='ocrx_word' id='word_1_107' title='bbox 659 1495 794 1572; x_wconf 82' lang='lat' dir='ltr'><strong>jetaigen</strong></span> <span class='ocrx_word' id='word_1_108' title='bbox 821 1497 915 1555; x_wconf 76' lang='lat' dir='ltr'><strong>Texta</strong></span> <span class='ocrx_word' id='word_1_109' title='bbox 942 1497 1032 1556; x_wconf 82' lang='lat' dir='ltr'><strong>keine</strong></span> <span class='ocrx_word' id='word_1_110' title='bbox 1061 1499 1087 1556; x_wconf 83' lang='grc' dir='ltr'>Ε</span> 
     </span>
     <span class='ocr_line' id='line_1_16' title="bbox 98 1583 1087 1662; baseline 0.003 -19"><span class='ocrx_word' id='word_1_111' title='bbox 98 1586 229 1661; x_wconf 70' lang='lat' dir='ltr'><strong>kltrung</strong></span> <span class='ocrx_word' id='word_1_112' title='bbox 250 1583 353 1661; x_wconf 87' lang='lat' dir='ltr'><strong>findet,</strong></span> <span class='ocrx_word' id='word_1_113' title='bbox 375 1584 484 1643; x_wconf 85' lang='lat' dir='ltr'><strong>fflhren</strong></span> <span class='ocrx_word' id='word_1_114' title='bbox 506 1604 544 1643; x_wconf 85' lang='lat' dir='ltr'><strong>au</strong></span> <span class='ocrx_word' id='word_1_115' title='bbox 561 1584 615 1643; x_wconf 90' lang='lat' dir='ltr'><strong>der</strong></span> <span class='ocrx_word' id='word_1_116' title='bbox 632 1586 799 1662; x_wconf 85' lang='lat' dir='ltr'><strong>Annahme‚</strong></span> <span class='ocrx_word' id='word_1_117' title='bbox 822 1585 963 1645; x_wconf 90' lang='lat' dir='ltr'><strong>Plautius</strong></span> <span class='ocrx_word' id='word_1_118' title='bbox 982 1586 1061 1645; x_wconf 85' lang='lat' dir='ltr'><strong>habe</strong></span> <span class='ocrx_word' id='word_1_119' title='bbox 1080 1608 1087 1646; x_wconf 84' lang='grc'><strong>1</strong></span> 
     </span>
     <span class='ocr_line' id='line_1_17' title="bbox 98 1665 1087 1754; baseline 0.001 -22"><span class='ocrx_word' id='word_1_120' title='bbox 98 1672 156 1732; x_wconf 86' lang='lat' dir='ltr'><strong>den</strong></span> <span class='ocrx_word' id='word_1_121' title='bbox 182 1673 306 1748; x_wconf 83' lang='lat' dir='ltr'><strong>quidam</strong></span> <span class='ocrx_word' id='word_1_122' title='bbox 332 1672 384 1731; x_wconf 86' lang='lat' dir='ltr'><strong>des</strong></span> <span class='ocrx_word' id='word_1_123' title='bbox 408 1672 534 1731; x_wconf 79' lang='lat' dir='ltr'><strong>Urseius</strong></span> <span class='ocrx_word' id='word_1_124' title='bbox 561 1665 613 1754; x_wconf 89' lang='lat' dir='ltr'><strong>(D.</strong></span> <span class='ocrx_word' id='word_1_125' title='bbox 628 1677 679 1743; x_wconf 78' lang='grc'><strong>46,</strong></span> <span class='ocrx_word' id='word_1_126' title='bbox 695 1676 724 1751; x_wconf 84' lang='lat'><strong>3,</strong></span> <span class='ocrx_word' id='word_1_127' title='bbox 740 1665 797 1754; x_wconf 82' lang='lat'><strong>36)</strong></span> <span class='ocrx_word' id='word_1_128' title='bbox 825 1675 947 1751; x_wconf 82' lang='lat' dir='ltr'><strong>gehdrt,</strong></span> <span class='ocrx_word' id='word_1_129' title='bbox 976 1675 1025 1734; x_wconf 87' lang='lat' dir='ltr'><strong>dia</strong></span> <span class='ocrx_word' id='word_1_130' title='bbox 1044 1677 1087 1752; x_wconf 67' lang='lat' dir='ltr'><strong>J&#39;er</strong></span> 
     </span>
     <span class='ocr_line' id='line_1_18' title="bbox 98 1760 1087 1840; baseline 0.004 -20"><span class='ocrx_word' id='word_1_131' title='bbox 98 1761 194 1839; x_wconf 80' lang='lat' dir='ltr'><strong>Klage</strong></span> <span class='ocrx_word' id='word_1_132' title='bbox 213 1762 265 1820; x_wconf 89' lang='lat' dir='ltr'><strong>des</strong></span> <span class='ocrx_word' id='word_1_133' title='bbox 279 1760 393 1821; x_wconf 79' lang='lat' dir='ltr'><strong>Sohnes</strong></span> <span class='ocrx_word' id='word_1_134' title='bbox 412 1763 459 1819; x_wconf 82' lang='lat' dir='ltr'><strong>sdr</strong></span> <span class='ocrx_word' id='word_1_135' title='bbox 476 1761 593 1839; x_wconf 82' lang='lat' dir='ltr'><strong>niahtig</strong></span> <span class='ocrx_word' id='word_1_136' title='bbox 606 1763 768 1840; x_wconf 73' lang='lat' dir='ltr'><strong>erkltrtan,</strong></span> <span class='ocrx_word' id='word_1_137' title='bbox 786 1778 874 1822; x_wconf 87' lang='lat' dir='ltr'><strong>weun</strong></span> <span class='ocrx_word' id='word_1_138' title='bbox 887 1763 936 1821; x_wconf 89' lang='lat' dir='ltr'><strong>ein</strong></span> <span class='ocrx_word' id='word_1_139' title='bbox 951 1763 1087 1824; x_wconf 67' lang='lat' dir='ltr'><strong>Postumi</strong></span> 
     </span>
     <span class='ocr_line' id='line_1_19' title="bbox 98 1844 308 1928; baseline 0.005 -20"><span class='ocrx_word' id='word_1_140' title='bbox 98 1844 308 1928; x_wconf 87' lang='lat' dir='ltr'><strong>agnaseierte&#39;.</strong></span> 
     </span>
    </p>
   </div>
   <div class='ocr_carea' id='block_1_4' title="bbox 510 1960 698 2044">
    <p class='ocr_par' dir='ltr' id='par_1_6' title="bbox 510 1960 698 2044">
     <span class='ocr_line' id='line_1_20' title="bbox 510 1960 698 2044; baseline 0.005 -19"><span class='ocrx_word' id='word_1_141' title='bbox 510 1960 561 2025; x_wconf 91' lang='lat' dir='ltr'><strong>De</strong></span> <span class='ocrx_word' id='word_1_142' title='bbox 583 1961 698 2044; x_wconf 72' lang='lat' dir='ltr'><strong>leqate&#39;s.</strong></span> 
     </span>
    </p>
   </div>
   <div class='ocr_carea' id='block_1_5' title="bbox 381 2088 834 2267">
    <p class='ocr_par' dir='ltr' id='par_1_7' title="bbox 381 2088 834 2267">
     <span class='ocr_line' id='line_1_21' title="bbox 441 2088 772 2164; baseline 0.006 -16"><span class='ocrx_word' id='word_1_143' title='bbox 441 2088 599 2149; x_wconf 76' lang='lat' dir='ltr'><strong>Generatim</strong></span> <span class='ocrx_word' id='word_1_144' title='bbox 621 2092 772 2164; x_wconf 75' lang='lat' dir='ltr'><strong>quaedam.</strong></span> 
     </span>
     <span class='ocr_line' id='line_1_22' title="bbox 381 2196 834 2267; baseline 0.002 -16"><span class='ocrx_word' id='word_1_145' title='bbox 381 2196 425 2252; x_wconf 90' lang='lat' dir='ltr'><strong>De</strong></span> <span class='ocrx_word' id='word_1_146' title='bbox 443 2197 530 2266; x_wconf 73' lang='lat' dir='ltr'><strong>leyato</strong></span> <span class='ocrx_word' id='word_1_147' title='bbox 546 2215 596 2267; x_wconf 77' lang='lat' dir='ltr'><strong>per</strong></span> <span class='ocrx_word' id='word_1_148' title='bbox 613 2199 834 2253; x_wconf 75' lang='lat' dir='ltr'><strong>vindicationem.</strong></span> 
     </span>
    </p>
   </div>
   <div class='ocr_carea' id='block_1_6' title="bbox 96 2286 1087 2464">
    <p class='ocr_par' dir='ltr' id='par_1_8' title="bbox 96 2286 1087 2464">
     <span class='ocr_line' id='line_1_23' title="bbox 186 2286 1087 2374; baseline 0.004 -21"><span class='ocrx_word' id='word_1_149' title='bbox 186 2289 217 2353; x_wconf 79' lang='lat'><strong>2.</strong></span> <span class='ocrx_word' id='word_1_150' title='bbox 248 2288 288 2353; x_wconf 86' lang='lat' dir='ltr'><strong>D.</strong></span> <span class='ocrx_word' id='word_1_151' title='bbox 307 2289 360 2371; x_wconf 86' lang='lat'><strong>31,</strong></span> <span class='ocrx_word' id='word_1_152' title='bbox 378 2289 409 2352; x_wconf 87' lang='grc'><strong>4.</strong></span> <span class='ocrx_word' id='word_1_153' title='bbox 454 2288 544 2353; x_wconf 85' lang='lat' dir='ltr'>Idem</span> <span class='ocrx_word' id='word_1_154' title='bbox 573 2286 632 2374; x_wconf 83' lang='lat' dir='ltr'><strong>(se.</strong></span> <span class='ocrx_word' id='word_1_155' title='bbox 654 2288 788 2372; x_wconf 86' lang='lat' dir='ltr'><strong>Paulus)</strong></span> <span class='ocrx_word' id='word_1_156' title='bbox 816 2290 900 2354; x_wconf 89' lang='lat' dir='ltr'><strong>libro</strong></span> <span class='ocrx_word' id='word_1_157' title='bbox 929 2294 1045 2356; x_wconf 78' lang='lat' dir='ltr'><strong>octavo</strong></span> <span class='ocrx_word' id='word_1_158' title='bbox 1074 2315 1087 2356; x_wconf 89' lang='lat' dir='ltr'><strong>a</strong></span> 
     </span>
     <span class='ocr_line' id='line_1_24' title="bbox 96 2374 1087 2464; baseline 0.007 -25"><span class='ocrx_word' id='word_1_159' title='bbox 96 2374 261 2440; x_wconf 88' lang='lat' dir='ltr'><strong>Plautium</strong></span> <span class='ocrx_word' id='word_1_160' title='bbox 277 2377 383 2462; x_wconf 79' lang='lat' dir='ltr'><strong>(Paul.</strong></span> <span class='ocrx_word' id='word_1_161' title='bbox 395 2377 507 2460; x_wconf 81' lang='lat'><strong>1152).</strong></span> <span class='ocrx_word' id='word_1_162' title='bbox 523 2415 561 2426; x_wconf 89' lang='lat'>—</span> <span class='ocrx_word' id='word_1_163' title='bbox 578 2376 751 2442; x_wconf 86' lang='lat' dir='ltr'><strong>Neminem</strong></span> <span class='ocrx_word' id='word_1_164' title='bbox 766 2379 910 2442; x_wconf 88' lang='lat' dir='ltr'><strong>eiusdem</strong></span> <span class='ocrx_word' id='word_1_165' title='bbox 923 2379 969 2442; x_wconf 91' lang='lat' dir='ltr'><strong>rei</strong></span> <span class='ocrx_word' id='word_1_166' title='bbox 986 2381 1087 2464; x_wconf 74' lang='lat' dir='ltr'><strong>legata</strong></span> 
     </span>
    </p>
   </div>
   <div class='ocr_carea' id='block_1_7' title="bbox 98 2464 889 2636">
    <p class='ocr_par' dir='ltr' id='par_1_9' title="bbox 98 2464 889 2636">
     <span class='ocr_line' id='line_1_25' title="bbox 98 2464 889 2550; baseline 0.003 -22"><span class='ocrx_word' id='word_1_167' title='bbox 98 2464 161 2529; x_wconf 89' lang='lat' dir='ltr'><strong>sibi</strong></span> <span class='ocrx_word' id='word_1_168' title='bbox 182 2469 309 2548; x_wconf 88' lang='lat' dir='ltr'><strong>partem</strong></span> <span class='ocrx_word' id='word_1_169' title='bbox 332 2467 415 2530; x_wconf 87' lang='lat' dir='ltr'><strong>velle</strong></span> <span class='ocrx_word' id='word_1_170' title='bbox 438 2472 566 2550; x_wconf 84' lang='lat' dir='ltr'><strong>partem</strong></span> <span class='ocrx_word' id='word_1_171' title='bbox 589 2468 676 2530; x_wconf 88' lang='lat' dir='ltr'><strong>nolle</strong></span> <span class='ocrx_word' id='word_1_172' title='bbox 699 2465 806 2531; x_wconf 88' lang='lat' dir='ltr'><strong>verius</strong></span> <span class='ocrx_word' id='word_1_173' title='bbox 831 2470 889 2531; x_wconf 88' lang='lat' dir='ltr'><strong>est.</strong></span> 
     </span>
     <span class='ocr_line' id='line_1_26' title="bbox 186 2557 441 2636; baseline 0.004 -19"><span class='ocrx_word' id='word_1_174' title='bbox 186 2559 223 2618; x_wconf 85' lang='lat' dir='ltr'><strong>ef.</strong></span> <span class='ocrx_word' id='word_1_175' title='bbox 243 2557 309 2618; x_wconf 81' lang='lat' dir='ltr'><strong>Gai.</strong></span> <span class='ocrx_word' id='word_1_176' title='bbox 325 2562 353 2636; x_wconf 82' lang='lat'><strong>2,</strong></span> <span class='ocrx_word' id='word_1_177' title='bbox 370 2563 441 2620; x_wconf 82' lang='lat'><strong>195.</strong></span> 
     </span>
    </p>
   </div>
   <div class='ocr_carea' id='block_1_8' title="bbox 381 2693 826 2763">
    <p class='ocr_par' dir='ltr' id='par_1_10' title="bbox 381 2693 826 2763">
     <span class='ocr_line' id='line_1_27' title="bbox 381 2693 826 2763; baseline -0.002 -15"><span class='ocrx_word' id='word_1_178' title='bbox 381 2693 425 2748; x_wconf 90' lang='lat' dir='ltr'><strong>De</strong></span> <span class='ocrx_word' id='word_1_179' title='bbox 443 2695 530 2763; x_wconf 61' lang='lat' dir='ltr'><strong>leuato</strong></span> <span class='ocrx_word' id='word_1_180' title='bbox 544 2711 597 2762; x_wconf 80' lang='lat' dir='ltr'><strong>per</strong></span> <span class='ocrx_word' id='word_1_181' title='bbox 614 2694 826 2748; x_wconf 78' lang='lat' dir='ltr'><strong>damnationem.</strong></span> 
     </span>
    </p>
   </div>
   <div class='ocr_carea' id='block_1_9' title="bbox 95 2783 1087 3225">
    <p class='ocr_par' dir='ltr' id='par_1_11' title="bbox 95 2783 1087 3225">
     <span class='ocr_line' id='line_1_28' title="bbox 187 2783 1087 2867; baseline 0.004 -17"><span class='ocrx_word' id='word_1_182' title='bbox 187 2785 216 2850; x_wconf 87' lang='lat'><strong>3.</strong></span> <span class='ocrx_word' id='word_1_183' title='bbox 239 2783 278 2849; x_wconf 91' lang='lat' dir='ltr'><strong>D.</strong></span> <span class='ocrx_word' id='word_1_184' title='bbox 292 2783 345 2864; x_wconf 82' lang='lat'><strong>45,</strong></span> <span class='ocrx_word' id='word_1_185' title='bbox 360 2786 390 2867; x_wconf 81' lang='lat'><strong>2,</strong></span> <span class='ocrx_word' id='word_1_186' title='bbox 407 2786 458 2850; x_wconf 78' lang='lat'><strong>17.</strong></span> <span class='ocrx_word' id='word_1_187' title='bbox 494 2784 614 2850; x_wconf 88' lang='lat' dir='ltr'><strong>Paulus</strong></span> <span class='ocrx_word' id='word_1_188' title='bbox 636 2785 721 2851; x_wconf 88' lang='lat' dir='ltr'><strong>libro</strong></span> <span class='ocrx_word' id='word_1_189' title='bbox 745 2789 861 2851; x_wconf 84' lang='lat' dir='ltr'><strong>octavo</strong></span> <span class='ocrx_word' id='word_1_190' title='bbox 885 2787 926 2851; x_wconf 91' lang='lat' dir='ltr'><strong>ad</strong></span> <span class='ocrx_word' id='word_1_191' title='bbox 945 2787 1087 2854; x_wconf 80' lang='lat' dir='ltr'><strong>Plautia]</strong></span> 
     </span>
     <span class='ocr_line' id='line_1_29' title="bbox 97 2871 1087 2959; baseline 0.005 -22"><span class='ocrx_word' id='word_1_192' title='bbox 97 2871 146 2958; x_wconf 85' lang='lat' dir='ltr'><strong>(P.</strong></span> <span class='ocrx_word' id='word_1_193' title='bbox 168 2871 290 2959; x_wconf 64' lang='lat'><strong>11582).</strong></span> <span class='ocrx_word' id='word_1_194' title='bbox 314 2908 356 2918; x_wconf 94' lang='lat'>—</span> <span class='ocrx_word' id='word_1_195' title='bbox 382 2872 456 2938; x_wconf 81' lang='lat' dir='ltr'><strong>Sive</strong></span> <span class='ocrx_word' id='word_1_196' title='bbox 484 2897 503 2938; x_wconf 91' lang='lat' dir='ltr'><strong>a</strong></span> <span class='ocrx_word' id='word_1_197' title='bbox 530 2874 627 2938; x_wconf 90' lang='lat' dir='ltr'><strong>aertis</strong></span> <span class='ocrx_word' id='word_1_198' title='bbox 654 2875 802 2958; x_wconf 85' lang='lat' dir='ltr'><strong>personis</strong></span> <span class='ocrx_word' id='word_1_199' title='bbox 831 2875 986 2940; x_wconf 89' lang='lat' dir='ltr'><strong>heredum</strong></span> <span class='ocrx_word' id='word_1_200' title='bbox 1010 2899 1087 2943; x_wconf 88' lang='lat' dir='ltr'><strong>nom</strong></span> 
     </span>
     <span class='ocr_line' id='line_1_30' title="bbox 96 2961 1087 3051; baseline 0.003 -24"><span class='ocrx_word' id='word_1_201' title='bbox 96 2961 199 3027; x_wconf 88' lang='lat' dir='ltr'><strong>natim</strong></span> <span class='ocrx_word' id='word_1_202' title='bbox 222 2963 365 3047; x_wconf 81' lang='lat' dir='ltr'><strong>legatum</strong></span> <span class='ocrx_word' id='word_1_203' title='bbox 390 2966 485 3042; x_wconf 86' lang='lat' dir='ltr'><strong>esset,</strong></span> <span class='ocrx_word' id='word_1_204' title='bbox 509 2963 576 3027; x_wconf 85' lang='lat' dir='ltr'><strong>sive</strong></span> <span class='ocrx_word' id='word_1_205' title='bbox 599 2963 640 3026; x_wconf 91' lang='lat' dir='ltr'><strong>ab</strong></span> <span class='ocrx_word' id='word_1_206' title='bbox 665 2963 814 3027; x_wconf 90' lang='lat' dir='ltr'><strong>omnibus</strong></span> <span class='ocrx_word' id='word_1_207' title='bbox 839 2969 973 3048; x_wconf 83' lang='lat' dir='ltr'><strong>excepto</strong></span> <span class='ocrx_word' id='word_1_208' title='bbox 993 2966 1087 3051; x_wconf 86' lang='lat' dir='ltr'><strong>aliqu</strong></span> 
     </span>
     <span class='ocr_line' id='line_1_31' title="bbox 98 3049 1087 3137; baseline 0.004 -23"><span class='ocrx_word' id='word_1_209' title='bbox 98 3050 270 3115; x_wconf 77' lang='lat' dir='ltr'><strong>Atilicinus</strong></span> <span class='ocrx_word' id='word_1_210' title='bbox 300 3049 439 3116; x_wconf 84' lang='lat' dir='ltr'><strong>Sabinus</strong></span> <span class='ocrx_word' id='word_1_211' title='bbox 468 3049 598 3118; x_wconf 85' lang='lat' dir='ltr'><strong>Cassius</strong></span> <span class='ocrx_word' id='word_1_212' title='bbox 630 3074 690 3135; x_wconf 86' lang='lat' dir='ltr'><strong>pro</strong></span> <span class='ocrx_word' id='word_1_213' title='bbox 723 3052 930 3117; x_wconf 77' lang='lat' dir='ltr'><strong>hereditariis</strong></span> <span class='ocrx_word' id='word_1_214' title='bbox 962 3055 1087 3137; x_wconf 81' lang='lat' dir='ltr'><strong>partibt</strong></span> 
     </span>
     <span class='ocr_line' id='line_1_32' title="bbox 95 3137 1087 3225; baseline 0.004 -21"><span class='ocrx_word' id='word_1_215' title='bbox 95 3137 243 3204; x_wconf 82' lang='lat' dir='ltr'><strong>tantum²</strong></span> <span class='ocrx_word' id='word_1_216' title='bbox 257 3161 313 3206; x_wconf 88' lang='lat' dir='ltr'><strong>eos</strong></span> <span class='ocrx_word' id='word_1_217' title='bbox 327 3140 473 3224; x_wconf 85' lang='lat' dir='ltr'><strong>legatum</strong></span> <span class='ocrx_word' id='word_1_218' title='bbox 489 3140 655 3206; x_wconf 77' lang='lat' dir='ltr'><strong>debiturus</strong></span> <span class='ocrx_word' id='word_1_219' title='bbox 671 3139 771 3223; x_wconf 87' lang='lat' dir='ltr'><strong>aiunt,</strong></span> <span class='ocrx_word' id='word_1_220' title='bbox 785 3141 862 3225; x_wconf 90' lang='lat' dir='ltr'><strong>quia</strong></span> <span class='ocrx_word' id='word_1_221' title='bbox 875 3141 1040 3208; x_wconf 85' lang='lat' dir='ltr'><strong>hereditas</strong></span> <span class='ocrx_word' id='word_1_222' title='bbox 1056 3165 1087 3208; x_wconf 79' lang='lat' dir='ltr'><strong>ec</strong></span> 
     </span>
    </p>
   </div>
   <div class='ocr_carea' id='block_1_10' title="bbox 97 3229 1087 3404">
    <p class='ocr_par' dir='ltr' id='par_1_12' title="bbox 97 3229 1087 3404">
     <span class='ocr_line' id='line_1_33' title="bbox 97 3229 1087 3404; baseline 0.076 -32"><span class='ocrx_word' id='word_1_223' title='bbox 97 3229 228 3381; x_wconf 63' lang='lat' dir='ltr'><strong>‘&#39;bhgii&#39;</strong></span> <span class='ocrx_word' id='word_1_224' title='bbox 254 3316 468 3400; x_wconf 59' lang='grc'><strong>1111146.</strong></span> <span class='ocrx_word' id='word_1_225' title='bbox 505 3317 597 3381; x_wconf 79' lang='lat' dir='ltr'><strong>reem</strong></span> <span class='ocrx_word' id='word_1_226' title='bbox 617 3314 875 3404; x_wconf 45' lang='grc'><strong>(8113101113)</strong></span> <span class='ocrx_word' id='word_1_227' title='bbox 894 3318 978 3383; x_wconf 52' lang='grc' dir='ltr'><strong>ΗΜ</strong></span> <span class='ocrx_word' id='word_1_228' title='bbox 994 3324 1087 3403; x_wconf 48' lang='lat' dir='ltr'><strong>‘¹¹¹³st</strong></span> 
     </span>
    </p>
   </div>
   <div class='ocr_carea' id='block_1_11' title="bbox 97 3405 1087 3601">
    <p class='ocr_par' dir='ltr' id='par_1_13' title="bbox 97 3405 1087 3601">
     <span class='ocr_line' id='line_1_34' title="bbox 97 3405 1087 3490; baseline 0 -18"><span class='ocrx_word' id='word_1_229' title='bbox 97 3428 135 3472; x_wconf 86' lang='lat' dir='ltr'><strong>ex</strong></span> <span class='ocrx_word' id='word_1_230' title='bbox 158 3406 295 3471; x_wconf 78' lang='lat' dir='ltr'><strong>Plautio,</strong></span> <span class='ocrx_word' id='word_1_231' title='bbox 319 3443 362 3454; x_wconf 96' lang='lat'><em>-</em></span> <span class='ocrx_word' id='word_1_232' title='bbox 386 3405 449 3483; x_wconf 81' lang='lat' dir='ltr'><strong>Qui</strong></span> <span class='ocrx_word' id='word_1_233' title='bbox 476 3406 604 3470; x_wconf 87' lang='lat' dir='ltr'><strong>heredis</strong></span> <span class='ocrx_word' id='word_1_234' title='bbox 627 3405 756 3470; x_wconf 89' lang='lat' dir='ltr'><strong>nomine</strong></span> <span class='ocrx_word' id='word_1_235' title='bbox 779 3406 890 3490; x_wconf 84' lang='lat' dir='ltr'><strong>legata</strong></span> <span class='ocrx_word' id='word_1_236' title='bbox 912 3429 979 3473; x_wconf 88' lang='lat' dir='ltr'><strong>non</strong></span> <span class='ocrx_word' id='word_1_237' title='bbox 1001 3409 1087 3472; x_wconf 82' lang='lat' dir='ltr'><strong>debit</strong></span> 
     </span>
     <span class='ocr_line' id='line_1_35' title="bbox 169 3545 369 3601; baseline 0 -1"><span class='ocrx_word' id='word_1_238' title='bbox 169 3552 183 3600; x_wconf 89' lang='lat'>1</span> <span class='ocrx_word' id='word_1_239' title='bbox 203 3545 250 3600; x_wconf 77' lang='lat' dir='ltr'><strong>Fa</strong></span> <span class='ocrx_word' id='word_1_240' title='bbox 269 3547 369 3601; x_wconf 88' lang='lat' dir='ltr'><strong>totum.</strong></span> 
     </span>
    </p>
   </div>
   <div class='ocr_carea' id='block_1_12' title="bbox 0 0 1220 3944">
    <p class='ocr_par' dir='ltr' id='par_1_14' title="bbox 0 0 1220 3944">
     <span class='ocr_line' id='line_1_36' title="bbox 0 0 1220 3944; baseline 0 0"><span class='ocrx_word' id='word_1_241' title='bbox 0 0 1220 3944; x_wconf 95' lang='lat' dir='ltr'><strong> </strong></span> 
     </span>
    </p>
   </div>
  </div>
 </body>
</html>
