2430 3944
96 148 162 205 XVI

95 319 219 394 verunt,
248 316 300 376 sed
323 315 479 391 proposito
506 317 542 375 ut
570 314 747 375 difficillimo
773 307 982 391 destiterunt,¹
1003 315 1118 376 leviore

97 406 196 466 animo
224 424 289 465 ram
318 403 471 480 expedivit
497 403 651 464 Carolus
677 403 930 463 Fordinandns
957 403 1118 464 Hommel

96 494 261 571 Lipsiensis
286 483 562 575 (1722-1781),
588 493 653 570 qui,
682 511 752 552 oum
779 490 955 553 adulescens
977 511 1005 554 7.
1030 495 1116 553 1747

96 577 297 660 ‘propositum
324 582 362 641 de
385 601 462 642 novo
487 583 652 658 systemate
675 581 751 640 iuris
774 583 903 640 naturae
926 584 957 641 77
979 582 1118 658 gentium

96 691 132 732 ex
159 671 311 731 sententia
338 674 474 731 veterum
505 670 633 730 ictorum
667 664 888 730 concinnando'
921 670 1117 750 concepisset,

95 760 165 820 inda
193 780 230 820 ex
257 779 283 822 a
309 760 393 820 1767
419 753 672 836 Ῥ7777377777717
699 759 847 818 librorum
876 758 952 818 iuris
978 763 1118 820 veterum

97 849 160 910 sive
183 849 405 909 Pandeotarum
427 849 495 907 loca
516 848 638 924 integra
661 847 700 906 ad
722 847 847 907 modum
870 847 977 907 indicis
998 847 1117 908 Labitti

96 941 128 998 et
150 936 296 1016 Wislingi
319 937 413 996 oculis
442 929 620 1013 expositam'
649 937 826 1012 composuit.
870 929 950 995 ‘cum
977 937 1041 996 7717
1063 956 1118 1012 per

97 1020 250 1103 lustrum',
275 1025 373 1101 inquit
399 1026 478 1103 ipse,
509 1019 581 1084 ‘non
609 1024 670 1083 alia
697 1025 756 1084 nisi
783 1026 849 1085 foro
879 1025 1040 1101 profutura

97 1114 327 1192 publicaverim,
354 1133 392 1172 ne
421 1114 502 1174 docti
528 1113 664 1173 homines
690 1132 739 1173 me
765 1113 972 1174 litteraturam
995 1132 1117 1174 curasse

97 1203 298 1279 suspicentur,
325 1202 599 1262 accelerandam
626 1203 754 1278 putavi
782 1202 980 1263 editionem
1007 1202 1116 1263 huius

95 1291 370 1370 Palingenesiae
394 1291 448 1351 diu
470 1291 657 1367 promissam,
680 1310 736 1367 per
754 1307 846 1370 quam
864 1291 959 1351 libros
977 1294 1117 1352 veterum

95 1381 378 1440 iurisconsultorum
419 1380 585 1456 discerptos
627 1397 646 1438 a
684 1380 866 1440 Triboniano
903 1375 1116 1440 restituimus'.

96 1469 255 1546 quodopus
279 1469 339 1528 iam
361 1469 533 1546 insequenti
552 1486 630 1528 auno
649 1468 687 1528 ad
706 1469 796 1528 finem
813 1470 994 1545 perductum
1012 1488 1116 1547 quam·

96 1577 185 1634 quam
208 1553 324 1617 nomini
346 1558 384 1617 ab
408 1558 474 1633 ipso
498 1561 620 1640 auctore
644 1557 715 1617 dato
738 1558 821 1618 nullo
845 1558 932 1617 modo
953 1558 1116 1637 respondit,

96 1646 288 1724 aliquatenus
306 1651 409 1706 tamen
424 1645 572 1706 satisfecit
586 1645 764 1721 Gothofredi
778 1645 968 1724 aliorumque
981 1648 1117 1708 virorum

96 1735 253 1795 doctorum
291 1734 438 1795 desiderio
480 1735 547 1810 ipsa
587 1734 734 1794 librorum
776 1735 948 1811 fragmenta
989 1737 1117 1796 collecta

95 1823 234 1898 habendi,
258 1842 355 1900 neque
378 1823 482 1883 7177711
505 1823 611 1882 caruit.

184 1912 288 1972 Novae
326 1913 446 1972 scholae
482 1911 644 1972 historicae
686 1931 777 1989 quam
812 1911 918 1971 dicunt
958 1912 1115 1991 principes,

99 1999 284 2062 Gustavus
303 2001 406 2080 Hugo
420 1992 672 2082 (1764-1844)
692 2004 723 2060 77
738 2000 891 2061 Carolus
904 2000 1116 2062 Fridsricus

97 2089 258 2168 Savigny
286 2081 548 2172 (1779-1861),
579 2089 636 2149 viri
670 2089 809 2167 quamvis
841 2089 950 2149 eximie
976 2090 1013 2149 de
1039 2090 1115 2149 iuris

95 2178 223 2239 Romam
237 2180 364 2240 historia
381 2179 491 2253 meriti,
505 2179 578 2237 hasc
592 2178 702 2255 studia,
721 2177 802 2255 quod
815 2177 942 2252 videam,
961 2178 1035 2238 adeo
1054 2196 1116 2237 uon

96 2269 193 2327 secuti
212 2270 292 2344 sunt,
310 2270 346 2326 ut
363 2267 497 2344 Savigny
516 2267 553 2325 ds
571 2266 726 2325 veteribus
744 2267 964 2327 iurisconsultis
982 2286 1008 2326 a.
1028 2269 1115 2327 1814

95 2356 169 2416 haec
188 2356 342 2432 scripserit
360 2350 378 2414 ἵ
390 2399 415 2416 ..
430 2373 517 2415 weun
537 2355 591 2414 wir
608 2354 674 2414 ihre
688 2354 840 2415 Schriften
857 2356 1043 2434 vollsthndig
1060 2374 1116 2416 vor
1143 2433 1146 2438 Ι

95 2463 153 2504 uns
176 2445 290 2521 hatten,
312 2444 437 2504 whrden
460 2443 516 2503 wir
536 2443 624 2502 darin
641 2444 714 2503 weit
731 2444 866 2520 weniger
884 2444 1116 2507 Individualittt

95 2533 195 2592 finden
218 2533 264 2592 als
287 2532 319 2590 in
342 2526 900 2610 7137777777177771777177717771’;
924 2533 1115 2594 existimabat

97 2622 175 2681 enim
207 2621 276 2681 illos
308 2640 370 2680 non
399 2621 521 2699 ingenia
553 2621 692 2697 propriae
722 2621 831 2682 indolis
859 2625 951 2699 atque
979 2626 1114 2697 naturae,

96 2711 149 2770 sed
173 2710 269 2770 veluti
288 2704 443 2786 ‘personas
461 2704 635 2788 iuugibiles'
656 2711 750 2769 fuisse
769 2702 863 2792 (Vom
881 2711 977 2770 Berul
989 2729 1115 2771 7777171

96 2799 164 2859 Zeit
185 2818 238 2858 zur
261 2796 492 2875 Gssetzgebung
515 2819 544 2874 p.
564 2800 606 2859 29
631 2802 662 2859 et
687 2790 794 2880 157).2

185 2886 259 2946 Inde
284 2906 320 2946 ex
338 2905 363 2947 a
386 2889 481 2965 1816,
506 2906 565 2964 quo
589 2907 666 2948 anuo
687 2888 779 2948 Gaius
792 2887 975 2948 Veronensis
999 2889 1037 2948 ah
1061 2888 1114 2947 oh-

169 3027 193 3077 1.
218 3019 258 3076 Cf.
274 3018 450 3093 Landsherg,
470 3021 637 3077 Geschichte
657 3023 707 3076 der
725 3023 880 3078 deutschen
892 3021 1114 3077 Rechtswissen-

97 3093 191 3147 7771777
208 3091 248 3145 ΠΙ
268 3096 283 3145 1
303 3111 332 3162 p.
348 3091 398 3147 1tc
418 3097 447 3148 77
465 3094 595 3147 77771771
613 3091 687 3148 17771
704 3111 733 3162 p,
748 3096 809 3148 176.

168 3168 193 3218 2.
219 3162 314 3218 Verba
338 3164 424 3232 plena
454 3167 531 3218 sunta
556 3164 656 3219 ‘Unter
681 3164 737 3220 dan
759 3164 882 3221 77771717
907 3181 956 3218 cur
980 3161 1043 3218 Zeit
1065 3161 1115 3229 des

96 3233 233 3315 Papinian
259 3251 318 3288 war
343 3233 390 3290 ein
415 3233 589 3290 Gesctzbuch
614 3234 753 3304 7177377771,
778 3237 843 3290 weil
867 3236 928 3290 ihre
958 3234 1116 3305 3777717177

93 3305 256 3375 junstische
280 3303 422 3361 Literatur
445 3305 534 3360 sslbst
560 3306 608 3360 ein
631 3306 808 3376 organisohes
833 3306 927 3361 (77777
950 3323 1022 3361 war:
1050 3321 1116 3359 7177

96 3378 201 3432 7777777
221 3375 285 3446 (7177
303 3377 395 3431 777771
409 3375 640 3433 Kunstausdruck
658 3379 709 3433 der
725 3393 847 3432 neueren
864 3377 1001 3447 77177777)
1020 3393 1115 3445 77377,

97 3447 162 3501 dass
192 3447 303 3547 damals
336 3446 380 3503 die
413 3447 556 3503 einzelnen
590 3446 714 3503 duristeu
748 3447 909 3519 77737777
940 3447 1116 3504 Personen

97 3534 213 3575 waren.
