2430 3944
146 185 211 249 190
230 185 279 242 ΙΙΙ.
290 185 366 240 GAII
377 185 523 241 CLAUDII
532 183 667 240 NERON.
678 183 823 240 GALBAE
834 183 942 241 ΤΕΜΡ.
951 183 1049 242 mals
1059 185 1162 244 CONS.

148 353 357 414 manumisisse
369 347 605 415 eumvideatur.'
626 353 774 429 Ulpianus
784 355 885 413 autem
895 346 1160 436 (D.2o‚2,10‚21)

145 443 294 519 disputat:
322 438 406 519 ‘quid
429 489 458 503 ..
481 443 621 518 interest,
645 461 733 501 suum
756 460 877 502 servum
899 461 939 502 an
960 443 1092 502 alienum
1115 447 1162 503 tu·

143 535 241 591 torem
265 531 431 608 scripserit,
454 550 523 591 cum
544 531 654 608 pupilli
676 532 778 590 favore
802 534 834 590 et
855 531 994 607 publicae
1017 532 1160 592 utilitatis

144 621 304 696 adsumpta
331 620 456 680 libertas
485 620 526 680 sit
552 619 585 679 in
607 638 737 696 persona
759 619 824 678 eius
848 620 900 696 qui
921 621 1007 679 tutor
1030 622 1160 697 scriptus

143 709 210 770 est?
256 712 358 784 potest
384 709 480 786 igitur
507 712 538 768 et
564 709 634 767 huic
662 708 938 768 fideicommissario
959 708 1087 770 libertas
1112 711 1160 770 de·

142 798 224 856 tendi
251 791 316 857 ...'
361 795 500 856 Atilicini
526 816 596 857 vero
625 797 806 856 sententiam
831 816 870 856 ne
896 796 1010 856 Paulus
1039 798 1162 875 quidem
1202 790 1210 801 ’

143 887 295 961 probarit,
333 886 444 962 quippe
481 904 550 945 cum
582 885 781 945 Tribonianns
818 886 854 945 de
891 887 947 945 hac
981 905 1015 946 re
1048 886 1160 947 diserte

143 977 252 1034 taceat.
299 975 424 1052 denique
453 974 590 1033 dubitare
618 974 702 1050 licet,
730 993 769 1032 nn
791 974 953 1034 Atilicinus
979 994 1012 1034 re
1036 976 1161 1037 veroid

143 1064 374 1141 existimaverit,
407 1063 486 1139 qnod
516 1063 716 1122 Tribonianus
745 1082 814 1122 eum
841 1063 1028 1123 existimasse
1057 1064 1160 1125 tradit

556 1242 608 1309 De
630 1244 745 1328 leuatis.

411 1374 459 1432 Do
480 1374 571 1446 lecolo
589 1391 646 1447 per
668 1375 890 1433 damnationem.

231 1483 260 1546 2.
284 1481 322 1546 D.
336 1482 390 1566 45,
404 1483 434 1560 2,
450 1482 500 1547 17.
537 1483 658 1548 Paulus
681 1483 765 1547 libro
790 1486 905 1548 octavo
929 1484 970 1547 ad
992 1482 1160 1549 Plautium

142 1567 191 1656 (P.
209 1569 332 1654 11582).
357 1607 395 1618 -
422 1571 496 1636 Sive
523 1593 543 1635 a
572 1572 669 1637 certis
696 1573 844 1655 personis
872 1571 1026 1636 heredum
1055 1575 1161 1638 nomi-

141 1658 245 1722 natim
273 1660 418 1744 legatum
441 1664 528 1724 esset
550 1660 618 1725 sive
641 1660 682 1724 ab
707 1661 857 1725 omnibus
881 1664 1015 1743 excepto
1042 1661 1160 1747 aliquo,

143 1748 316 1813 Atilicinus
350 1747 489 1813 Sabinus
522 1745 654 1814 Cassius
688 1770 745 1832 pro
774 1748 979 1813 hereditariis
1009 1751 1160 1833 partibus

141 1840 247 1988 tritum
271 1858 325 1902 eos
348 1837 492 1922 legatum
515 1837 681 1903 debiturus
701 1838 801 1916 aiunt,
825 1837 902 1923 quia
919 1838 1085 1903 hereditas
1105 1861 1160 1904 eos

143 1946 161 1989 o
185 1924 279 2009 ligat.

230 2019 275 2078 De
298 2020 458 2079 usufructu
481 2021 582 2096 legato
606 2041 633 2080 v.
648 2021 737 2095 Resp.
754 2024 782 2079 1.

441 2153 443 2155 .
474 2180 527 2239 Dc
551 2181 690 2240 locotione
712 2181 817 2254 locato.

231 2290 260 2353 3.
286 2288 327 2354 Ι).
341 2291 394 2373 34,
408 2291 438 2372 3,
454 2289 504 2354 16.
551 2289 670 2354 Paulus
698 2290 783 2355 libro
811 2311 896 2355 nono
926 2289 966 2354 ad
993 2291 1160 2355 Plautium

142 2375 191 2464 (P.
211 2376 322 2464 1172).
345 2413 387 2424 -
417 2379 458 2442 Ili
486 2379 538 2443 cui
565 2377 700 2442 fundum
727 2379 761 2442 in
789 2378 1046 2463 quinquennium
1073 2380 1159 2445 locs·

141 2487 250 2531 veram
277 2468 385 2550 legavi
413 2466 568 2550 quidquid
596 2488 671 2532 eum
698 2467 779 2531 mihi
803 2468 877 2531 dare
901 2467 1006 2531 fecere
1030 2473 1162 2551 oportet

142 2555 347 2638 oportebitve
370 2558 407 2619 ut
431 2555 552 2620 sineret
569 2555 662 2620 heres
682 2556 745 2621 sibi
763 2556 892 2620 habere.
932 2554 1043 2621 Nerva
1062 2557 1161 2621 Atili-

142 2644 246 2727 cinus,
273 2644 301 2708 si
328 2644 422 2707 heres
450 2643 638 2727 prohiberet
663 2666 736 2709 eum
759 2645 837 2727 frui,
866 2666 905 2709 ex
928 2644 1102 2729 conducto,
1131 2646 1160 2711 si

141 2734 209 2796 iure
232 2732 405 2797 locationis
429 2732 505 2816 quid
528 2733 696 2818 retineret,
724 2755 763 2798 ex
786 2736 983 2798 testamento
1007 2733 1077 2798 fore
1102 2734 1159 2798 ob·

142 2821 278 2905 ligatum
305 2822 412 2903 aiunt,
440 2822 517 2907 quia
538 2821 622 2887 nihil
645 2825 829 2906 interesset,
857 2825 1020 2905 peteretur
1043 2845 1085 2888 an
1108 2844 1159 2886 re·

142 2909 275 2992 tineret;
297 2912 400 2974 totam
424 2910 509 2974 enim
532 2911 728 2976 locationem
751 2912 892 2995 legatam
916 2910 1026 2975 videri.

512 3076 560 3134 De
582 3093 663 3135 seruo
686 3077 785 3151 leuato.

230 3185 261 3250 4.
294 3185 334 3249 D.
352 3186 404 3267 35,
419 3186 448 3266 2,
462 3186 505 3250 49
515 3207 562 3269 pr.
612 3185 702 3250 Idem
731 3183 788 3273 (sc.
806 3186 941 3267 Paulus)
969 3186 1053 3251 libro
1082 3186 1159 3253 duo·

142 3273 267 3338 decimo
301 3274 342 3338 ed
372 3273 539 3339 Plautium
567 3271 616 3358 (P.
636 3272 747 3362 1188).
776 3311 817 3321 -
846 3273 1001 3339 Plautius.
1056 3273 1157 3341 Servo

141 3384 237 3447 quem
255 3363 316 3427 tibi
337 3363 530 3448 legaveram,
548 3362 684 3428 fundum
703 3364 817 3448 legavi.
853 3362 1027 3428 Atilicinus
1046 3363 1159 3430 Nerva

142 3451 280 3518 Sabinus
317 3453 458 3537 primum
495 3452 530 3516 in
561 3473 653 3517 servo
685 3453 845 3517 rationem
877 3452 961 3537 legis
993 3451 1157 3519 Falcidiae

141 3540 322 3606 habendam
346 3545 379 3606 et
401 3544 500 3626 quota
522 3563 598 3624 pars
623 3564 661 3605 ex
684 3563 721 3606 eo
741 3542 914 3626 decederet,
937 3563 1009 3606 eam
1027 3546 1155 3626 partem
