2430 3944
102 166 144 230 86
172 166 220 222 ΙΙΙ.
235 165 312 220 GAII
326 164 474 220 CLAUDII
482 164 619 220 NERON.
630 163 777 219 GALBAE
787 164 895 220 ΤΕΜΡ.
905 163 1002 220 IUItIS
1012 163 1114 221 CONS.

99 333 132 393 et
165 329 211 393 ait
243 328 384 393 dubitari
416 350 525 411 posse,
557 328 633 412 quia
664 328 789 393 nullum
820 328 990 411 negotium
1023 332 1115 392 tuum

99 422 229 503 gestum
256 423 320 503 est,
351 440 423 482 oum
452 417 579 481 debitor
606 420 680 481 tuus
709 438 774 481 non
802 417 908 480 fuerit.
958 417 1011 482 sed
1036 417 1115 481 roti-

98 507 227 585 bobitio,
254 506 375 589 inquit,
400 506 472 586 feeit
498 510 587 571 trram
613 506 780 588 nepotiane,
808 510 838 569 et
857 506 938 570 stat
959 506 988 570 ei
1011 527 1033 570 o
1055 527 1114 588 qao

99 600 240 661 exortam
273 598 317 660 eti
352 596 498 660 odonam
528 615 599 658 eam
627 595 722 658 datar
752 594 890 675 repetitio
920 595 976 676 qai
1007 599 1115 658 ratam

99 683 219 768 habuit,
245 684 293 748 ito
319 688 348 748 et
373 684 436 765 ipsi
463 683 576 748 debebit
597 688 669 764 posi
695 683 946 748 ratihabitionem
969 685 1116 748 odonam

100 793 148 836 me
174 778 337 854 competere
364 773 451 837 aetio.
496 772 541 837 sio
567 771 746 837 ratihabitio
769 773 930 837 constituet
952 777 1042 836 trram
1064 792 1115 836 ae·

96 863 226 945 potiora,
252 862 334 944 qaod
354 861 393 925 ab
415 861 504 926 ioitio
528 865 615 926 taam
637 881 700 925 ooo
723 865 803 944 erat,
830 861 884 925 sed
905 865 962 925 tao
983 865 1116 926 contem

95 951 235 1034 piatione
254 955 380 1032 pestem.

187 1038 217 1104 8.
239 1038 320 1102 Ibid.
339 1040 359 1118 ξ
376 1039 425 1103 12.
445 1035 596 1102 —Idem
620 1038 680 1122 ait,
699 1038 727 1102 si
745 1036 823 1101 Titii
845 1037 1037 1122 debitorem,
1061 1038 1113 1102 oui

97 1130 129 1190 te
149 1126 299 1191 heredem
317 1125 483 1210 putabam,
501 1148 573 1190 oum
593 1132 678 1191 esset
698 1123 788 1192 Seius
807 1126 910 1208 hares,
928 1147 1112 1191 convenere

99 1215 248 1280 similiter
279 1218 312 1280 et
345 1236 494 1300 exegero,
528 1237 603 1280 mox
634 1219 671 1279 tu
703 1218 812 1279 ratum
845 1214 1011 1296 habueris,
1045 1236 1117 1279 esse

98 1304 180 1368 mihi
199 1304 351 1369 adversus
371 1309 404 1369 te
423 1307 456 1368 et
474 1303 536 1368 tihi
555 1307 701 1368 mutuam
720 1303 926 1388 negotiorum
946 1307 1116 1388 gestorum

99 1393 268 1458 actionem.
314 1393 428 1478 atquin
451 1392 591 1457 alienum
615 1392 783 1476 negotium
806 1398 934 1476 gestum
959 1395 1019 1478 est3
1060 1392 1117 1457 sed

98 1481 286 1545 ratihabitio
319 1481 381 1546 hoo
414 1481 579 1563 oonoiliat,
613 1503 695 1567 quae
727 1503 779 1544 res
810 1481 923 1564 efficit,
956 1487 994 1546 ut
1022 1486 1116 1545 tuum

97 1570 265 1653 negotium
285 1574 413 1653 gestum
432 1571 578 1634 videatur
597 1575 630 1633 et
649 1593 668 1634 a
687 1573 720 1634 te
738 1569 900 1634 hereditas
916 1569 984 1652 peti
999 1570 1115 1653 possit.

187 1659 216 1723 9.
249 1656 330 1722 Ibid.
357 1659 446 1739 §13
483 1695 519 1706 -
556 1659 645 1739 Quid
667 1679 749 1743 erpo,
783 1658 889 1742 inquit
917 1657 1048 1742 Pedius,
1077 1659 1118 1740 si,

96 1767 165 1812 eam
193 1752 220 1811 te
244 1746 381 1812 baedam
401 1752 560 1831 potorem,
587 1748 723 1812 iasaiom
748 1747 863 1827 faiano
890 1746 1113 1811 hereditoriam

97 1841 188 1918 toque
213 1841 319 1901 ratum
345 1836 501 1919 habueris,
534 1857 577 1901 aa
608 1837 651 1901 sit
676 1835 754 1900 mibi
781 1837 928 1901 aversus
956 1841 983 1900 te
1011 1835 1116 1901 aetio?

99 1925 154 1993 sed
177 1946 244 1990 non
267 1925 337 1990 fore
360 1926 415 2008 ait,
439 1947 511 1990 oum
531 1925 592 1989 hoo
610 1925 698 1988 faoto
718 1946 790 1989 meo
810 1924 892 1988 alter
911 1924 955 1988 sit
973 1925 1117 2008 loeuple-

98 2017 188 2079 tatus
220 2017 252 2077 et
285 2014 418 2078 alterius
451 2036 486 2078 re
513 2014 585 2095 ipsa
613 2018 740 2097 gestum
768 2013 937 2097 negotium
966 2014 1024 2096 sit,
1056 2035 1117 2078 neo

99 2102 215 2186 possit,
238 2103 324 2186 quod
348 2102 405 2166 alii
428 2102 624 2186 adquisitum
649 2106 698 2166 est
720 2101 792 2184 ipso
815 2105 917 2185 gestu,
941 2101 1003 2167 hoo
1023 2107 1118 2167 tuum

100 2191 268 2276 negotium
292 2190 402 2256 videri.

498 2328 608 2387 Liber
631 2327 714 2389 VIII.

366 2436 445 2506 Quod
463 2441 549 2490 metas
565 2451 651 2490 roasa
668 2441 772 2503 pastam
789 2436 850 2490 erit.

190 2545 239 2609 10.
272 2544 311 2608 D.
334 2546 365 2624 4,
388 2545 418 2623 2,
438 2546 514 2627 ipr.
558 2541 719 2627 Ulpianus
753 2543 837 2609 libro
871 2542 1042 2608 undecimo
1077 2545 1118 2608 ad

100 2633 239 2697 edietum
259 2631 307 2716 (P.
322 2629 427 2720 37112).
445 2632 568 2699 -Neo
587 2633 737 2696 timorem
755 2630 912 2696 infamiae
930 2631 993 2698 hoo
1010 2631 1118 2698 edicto

101 2721 261 2786 contineri
283 2719 401 2786 Pedius
430 2722 508 2786 dioit
535 2721 620 2786 libro
648 2721 787 2803 septimo
813 2718 940 2806 (immoz
975 2720 1118 2806 octavo),

99 2831 203 2894 neque
236 2809 371 2874 alieuius
404 2809 582 2875 vexationis
615 2810 765 2874 timorem
798 2832 856 2893 per
883 2809 946 2874 hoo
974 2808 1118 2875 edietum

100 2899 236 2963 restitui.
292 2897 441 2984 [proinde
479 2901 506 2963 si
545 2899 615 2982 quis
647 2898 857 2963 meticulosus
890 2920 958 2962 rem
991 2898 1118 2963 nullam

100 2987 222 3051 frustra
257 2987 415 3069 timuerit,
451 3009 509 3070 per
544 2986 607 3052 hoe
643 2987 781 3051 edietum
819 3008 885 3051 non
920 2985 1118 3071 restituitur,

101 3076 253 3158 quoniam
276 3096 379 3161 neque
402 3075 559 3159 vinaque
583 3079 688 3140 metus
712 3097 811 3141 eausa
833 3075 955 3140 faotum
979 3076 1052 3156 est]

193 3164 243 3230 11.
270 3163 308 3229 D.
326 3166 358 3248 4,
377 3167 407 3240 2,
427 3165 478 3248 14,
497 3162 527 3229 5.
573 3163 733 3247 Ulpianus
762 3164 847 3229 libro
876 3163 1046 3228 undecimo
1076 3165 1117 3228 ad

101 3252 244 3318 edietum
276 3251 326 3338 (P.
350 3253 438 3337 377).
469 3289 507 3299 -
539 3250 655 3316 Pedius
680 3253 820 3318 ..Iibro
855 3256 969 3317 ootavo
1003 3253 1118 3317 soribit

102 3341 272 3407 arbitrium
299 3341 414 3407 iudieis
442 3340 476 3405 in
499 3341 699 3406 restituenda
722 3363 756 3405 re
779 3341 845 3406 tale
870 3362 952 3424 ease,
981 3345 1019 3405 ut
1043 3363 1117 3406 eum

101 3430 231 3515 quidem
254 3430 310 3516 qui
332 3430 399 3494 vim
421 3429 555 3494 admisit
577 3430 688 3495 iubeat
710 3429 895 3513 restituere,
924 3429 1052 3494 etiamsi
1076 3429 1117 3494 ad

101 3519 201 3584 alium
233 3542 285 3585 res
316 3519 480 3604 pervenit3
512 3539 585 3583 eum
618 3523 726 3583 autem
759 3519 798 3582 ad
832 3540 926 3603 quem
957 3520 1117 3602 pervenit,
