2430 3944
102 178 144 242 48
172 179 219 233 ΠΙ.
234 177 311 232 GAII
325 177 473 234 CLAUDII
484 178 619 234 NERON.
630 177 774 232 GALBAE
786 179 895 234 TEMP.
904 179 1002 235 IURIS
1015 179 1114 238 CONS.

100 343 253 426 legatum·
266 341 443 407 consistere
461 342 575 425 possit.
612 364 675 426 qua
694 343 820 407 ratione
840 344 938 406 semel
958 364 997 407 ex
1016 343 1114 411 fundo

99 436 228 514 partem
250 431 333 514 legis
356 429 520 495 Falcidiae
545 432 757 496 decessorem.

187 552 269 611 Haec
288 535 466 628 sequuntur:
484 545 609 610 ‘Paulus
624 599 629 610 .
646 549 742 610 Cassii
760 552 910 611 sententia
928 553 1045 611 utimur
1063 549 1115 614 ...'

188 642 223 699 cl.
247 640 370 700 Pernice
392 641 510 718 1,394.

312 819 359 876 De
382 819 475 891 fundo
498 835 563 876 cum
584 819 773 876 instrumento
797 819 895 891 lupulo.

187 938 240 1002 44.
271 936 309 1001 D.
323 938 376 1019 33,
392 937 422 1016 7,
437 937 488 1018 12,
505 937 554 1001 11.
594 934 756 1021 Ulpianus
774 937 860 1000 libro
879 938 1057 1003 vicensimo
1078 939 1118 1002 ad

99 1026 256 1093 Sabinum
280 1024 328 1112 (P.
343 1023 455 1111 2609).
481 1061 521 1075 -
545 1024 594 1090 Ua
622 1074 665 1106 ..,
693 1047 774 1110 quae
803 1026 874 1090 solo
899 1027 1118 1113 continentur,

98 1115 307 1180 instrumenti
329 1114 420 1178 fundi
444 1136 509 1178 non
533 1135 602 1178 esse
627 1111 759 1178 Cassius
784 1115 907 1199 scribit,
935 1116 1038 1179 voluti
1062 1116 1117 1180 ha·

98 1204 269 1268 rundineta
292 1208 324 1267 et
347 1203 473 1288 salicta,
497 1207 671 1286 antequam
691 1224 785 1266 caesa
804 1202 879 1287 sint,
902 1203 979 1288 quia
997 1203 1117 1269 fundus

97 1293 190 1357 fundi
213 1292 465 1357 instrumentum
489 1313 559 1355 esse
582 1314 649 1357 non
672 1295 790 1375 potest.

187 1381 239 1446 45.
276 1381 315 1445 D.
334 1381 386 1463 33,
406 1382 435 1463 7,
456 1381 506 1463 12,
527 1380 577 1446 13.
627 1378 786 1464 Ulpianus
817 1379 894 1444 ibid.
921 1417 966 1427 —
1087 1386 1119 1446 et

98 1492 173 1534 aves
201 1471 417 1534 instrumento
442 1468 499 1555 (sc.
521 1466 627 1556 fundi)
652 1470 798 1553 exemplo
823 1469 933 1554 apium
957 1470 1119 1535 contineri

98 1557 237 1623 Sabinus
261 1562 293 1621 et
316 1555 448 1623 Cassius
473 1562 676 1641 putaverunt.
961 1584 964 1588 ·

187 1678 281 1752 cf.D.
304 1681 355 1752 33,
376 1682 405 1756 7,
426 1681 465 1737 11
494 1678 654 1736 Iavolenus
682 1678 759 1737 libro
789 1678 919 1737 secundo
941 1697 977 1737 ex
1002 1677 1118 1740 Cassio.

96 1768 212 1827 Eadem
243 1769 321 1826 ratio
354 1770 402 1826 est
432 1767 464 1824 in
496 1767 615 1843 avibus,
649 1785 725 1842 quae
757 1767 788 1825 in
819 1767 927 1826 insulis
956 1769 1119 1828 maritimis

96 1857 267 2003 aluntlffim
286 1943 382 2004 Cassii
401 1946 558 2020 sententia,
581 1944 614 2002 id
631 1945 710 2020 quod
724 1945 817 2004 Lenel
835 1965 889 2021 pro
909 1947 991 2004 certo
1015 1946 1118 2024 habet,

97 2053 115 2092 a
133 2035 274 2094 Iavoleno
288 2035 455 2108 'referatun
477 2034 577 2094 neseio
597 2080 603 2093 .
624 2035 660 2092 de
679 2035 785 2093 avibus
804 2035 913 2112 legatis
933 2053 1032 2094 sermo
1052 2054 1118 2095 esso

96 2126 209 2201 potest,
234 2124 272 2182 de
293 2123 402 2198 quibus
426 2123 509 2182 Paul.
525 2122 553 2182 S.
570 2125 603 2197 3,
620 2125 653 2200 6,
670 2125 719 2182 16.

470 2301 517 2358 De
538 2302 620 2359 domo
643 2302 744 2374 lupata.

185 2419 239 2483 46.
261 2418 299 2482 D.
315 2420 367 2499 33,
382 2421 410 2502 7,
428 2420 477 2502 12,
494 2420 545 2485 16.
590 2418 749 2502 Ulpianus
772 2418 849 2484 ibid.
873 2417 924 2504 (P.
939 2418 1052 2506 2610).
1073 2458 1116 2466 —

164 2508 327 2571 sententia
348 2507 453 2572 Cassii
477 2558 501 2570 ..
525 2508 580 2590 qui
603 2507 730 2572 dicebat
752 2508 838 2572 inter
861 2509 1116 2573 instrumentum

96 2600 129 2660 et
165 2600 390 2659 ornamentum
427 2592 487 2683 (so.
518 2592 647 2682 domus)
684 2596 824 2661 multum
858 2597 1028 2681 interesse3
1068 2598 1117 2661 in-

96 2685 268 2749 strumenti
292 2684 378 2747 enim
401 2707 438 2749 ea
462 2706 545 2768 esse,
570 2706 651 2768 quae
676 2685 717 2748 ad
741 2687 876 2749 tutelam
900 2684 1015 2750 domus
1040 2709 1116 2771 per-

95 2774 210 2855 tinent,
234 2774 430 2856 ornamenti,
455 2795 536 2857 quae
560 2773 600 2836 ad
624 2774 836 2859 voluptatem,
861 2774 959 2838 sicuti
982 2774 1115 2840 tabulas

95 2862 208 2945 pictas

185 2977 221 3034 of.
239 2973 323 3032 Paul.
343 2973 371 3031 S.
392 2975 420 3049 3,
442 2977 470 3051 6,
490 2974 530 3033 56
635 2993 670 3032 66
697 2973 806 3049 quibus
835 2974 940 3033 domus
969 2976 1117 3034 munitior

95 3062 145 3120 vel
166 3063 235 3120 tuta
257 3062 294 3120 ab
318 3062 454 3122 incendio
477 3065 656 3139 praestatur.

183 3182 235 3246 47.
269 3181 308 3245 D.
322 3181 399 3246 ibid.
414 3183 434 3260 ἓ
451 3182 502 3246 ll.
521 3175 569 3227 ’-
592 3179 676 3245 Vela
704 3230 733 3245 ..
760 3180 874 3247 Uilicia
902 3182 1116 3248 instrumenti

95 3291 165 3333 esse
190 3267 336 3354 Cassius,
364 3292 446 3354 quae
474 3269 546 3334 ideo
575 3274 745 3356 parantur,
771 3293 812 3334 ne
841 3270 987 3335 aedificia
1015 3278 1114 3337 vento

94 3360 146 3422 rel
169 3358 281 3442 pluvia
304 3359 462 3424 laborent.

182 3447 235 3512 48.
261 3448 298 3512 D.
313 3446 389 3511 ibid.
404 3448 487 3527 520.
511 3483 552 3493 -
577 3447 625 3511 De
649 3447 729 3511 velis
754 3449 892 3532 quaein
916 3448 1111 3531 hypaethris

95 3537 323 3620 extenduntur,
350 3537 428 3600 item
457 3535 496 3599 de
519 3537 585 3621 his,
614 3558 696 3619 quae
721 3542 798 3600 sunt
821 3537 905 3602 circa
929 3536 1112 3622 columnas,
