2430 3944
451 181 475 233 7.
494 175 683 234 PROCULUS
1010 180 1074 245 163
1133 217 1138 228 .

53 343 131 424 [nisi
158 344 270 407 tamen
292 343 426 424 paratus
450 339 494 405 sit
515 341 638 425 petitor
660 340 730 424 pati
752 341 868 406 tollere
892 364 965 407 eum
988 343 1072 408 aedi·

51 431 172 497 ficium.
223 429 309 514 quod
343 432 375 493 et
406 429 439 492 in
471 451 547 494 area
573 431 666 494 uxori
694 429 814 494 donata
840 452 898 513 per
925 430 1073 516 iudicem,

51 521 107 605 qui
141 520 180 584 de
210 519 285 584 dota
318 517 501 604 cognoscit,
527 516 708 583 faciendum
738 517 910 601 dixerunt}
960 521 1015 585 sed
1043 521 1073 586 si

50 629 190 692 puerum
219 629 341 688 meum,
369 628 442 672 cum
464 604 660 690 possideres,
689 606 861 690 erudisses,
893 629 958 673 non
986 610 1072 675 idem

50 696 292 763 observandum
314 694 472 760 Proculus
497 695 676 779 existimat,
704 696 780 779 quia
809 697 939 780 [neque]
963 719 1072 762 carere

51 805 146 852 servo
170 806 246 850 meo
267 783 377 870 <non>
400 783 534 848 debeam
559 785 631 864 [nec
654 787 764 869 potest
786 784 963 849 remedium
986 786 1072 851 idem

52 873 217 953 adhiberi,
239 871 325 957 quod
348 874 383 937 in
405 893 482 937 area
503 872 665 956 diximus}

139 968 178 1027 cf.
198 966 324 1027 Perniee
346 957 399 1043 11¹,
414 968 477 1027 383
488 965 509 1024 f.

143 1051 221 1116 100.
243 1049 283 1116 D.
297 1049 350 1133 22,
366 1051 395 1134 1,
411 1050 505 1133 19pr.
551 1046 652 1114 Gaius
677 1050 760 1114 libro
784 1055 875 1115 sexto
900 1050 940 1115 ad
963 1051 1070 1137 legem

54 1139 225 1205 duodecim
257 1138 444 1203 tabularum
476 1136 525 1224 (P.
548 1133 639 1223 440).
666 1174 711 1184 —
741 1136 930 1223 Videamus,
963 1163 1004 1205 an
1035 1142 1070 1205 iu

55 1229 205 1294 omnibus
229 1227 325 1293 rebus
349 1226 460 1312 petitis
484 1224 667 1291 infractus
692 1248 818 1311 quoque
837 1229 1071 1294 condemnatur

55 1337 300 1401 possessor
323 1315 352 1380 si
375 1337 452 1381 usus
477 1315 598 1379 fruetus
622 1316 742 1398 petitus
768 1316 820 1398 sit,
842 1315 999 1382 Proculus
1024 1319 1071 1383 ait

55 1405 237 1472 infructus
261 1408 430 1489 perceptos
454 1403 672 1468 condemnari.

141 1494 218 1560 101.
256 1492 294 1558 D.
313 1492 344 1574 5,
362 1493 392 1576 3,
405 1492 449 1557 40
459 1514 506 1576 pr.
556 1492 675 1556 Paulus
708 1492 791 1557 libro
824 1493 998 1560 vicensimo
1029 1497 1070 1560 ad

57 1583 194 1649 edictum
223 1579 273 1668 (P.
292 1580 382 1664 322).
411 1617 450 1629 -
480 1580 567 1644 Illud
594 1629 623 1644 ..
652 1580 739 1665 quod
770 1581 805 1645 in
832 1584 977 1648 oratione
1006 1583 1071 1648 divi

58 1671 215 1738 Hadriani
248 1674 311 1753 est,
342 1673 380 1734 ut
410 1673 487 1753 post
519 1673 688 1752 acceptum
719 1669 873 1734 iudicium
904 1671 937 1735 id
968 1673 1071 1737 actori

58 1764 251 1847 praestetur,
279 1758 364 1842 quod
392 1758 562 1822 habiturus
591 1763 689 1842 esset,
718 1758 746 1822 si
773 1779 811 1822 eo
837 1763 982 1844 tempore
1006 1783 1070 1845 quo

58 1851 134 1934 petit
169 1848 325 1914 restituta
358 1850 444 1912 esset
470 1845 646 1931 hereditas,
678 1847 839 1911 interdum
868 1848 982 1912 durum
1010 1854 1069 1914 est.

58 1939 126 2021 quid
157 1987 205 2022 ..,
232 1937 261 2001 si
287 1939 364 2021 post
391 1936 482 2000 litem
511 1939 727 2000 contestatam
756 1935 916 2019 mancipia
944 1942 1000 2001 aut
1022 1939 1069 2003 iu·

60 2030 162 2092 menta
195 2029 253 2092 aut
284 2045 402 2108 peoora
433 2023 648 2107 deperierint?
682 2024 829 2088 damnari
862 2024 991 2089 debebit
1020 2048 1069 2091 se-

59 2116 192 2180 eundum
221 2115 320 2178 verba
344 2113 515 2195 orationis,
544 2112 620 2195 quia
641 2111 749 2197 potuit
771 2112 894 2195 petitor
916 2114 1070 2179 restituta

60 2203 236 2268 hereditate
273 2201 461 2266 distraxisse
498 2222 545 2264 ea.
603 2203 636 2263 et
672 2201 734 2266 hoc
770 2202 891 2266 iustum
928 2223 998 2266 esse
1034 2205 1069 2267 iu

62 2292 252 2376 specialibus
270 2289 483 2376 petitionibus
497 2288 634 2353 Proculo
653 2290 768 2374 placet.
806 2288 938 2355 Cassius
956 2294 1070 2355 contra

10 2378 12 2393 '
62 2382 162 2448 sensit

140 2475 178 2536 cf.
199 2472 337 2534 Cassium
359 2493 387 2548 p.
403 2474 453 2532 64.

283 2626 335 2692 Dc
356 2628 546 2709 adquirendo
568 2646 671 2690 reram
694 2627 838 2691 dominic.

144 2735 218 2800 102.
247 2735 287 2799 Ι).
301 2735 353 2818 41,
371 2735 399 2815 1,
413 2735 454 2798 21
467 2756 514 2817 pr.
559 2731 758 2816 Pomponius
785 2732 868 2797 libro
895 2731 1067 2798 undecimo

60 2824 93 2888 ad
119 2822 278 2890 Sabinum
306 2821 356 2909 (P.
376 2817 479 2907 574³).
504 2858 545 2867 -
573 2819 608 2886 si
636 2842 746 2885 servus
774 2843 864 2885 meus
892 2821 953 2885 tibi
981 2822 1067 2886 bona

60 2911 114 2978 fide
143 2912 281 2977 serviret
307 2916 339 2975 et
361 2933 429 2975 rem
453 2911 584 2974 emisset
606 2909 789 2993 traditaque
813 2908 842 2973 ei
865 2912 963 2993 esset,
989 2909 1066 2976 Pro·

62 3003 142 3067 culus
175 3023 235 3065 uec
266 3022 371 3063 meam
404 3000 487 3082 fieri,
520 2999 594 3082 quia
627 3019 752 3062 servum
782 3019 846 3062 non
873 2998 1067 3081 possideam,

60 3109 110 3155 nec
136 3098 244 3170 tuam,
272 3089 300 3152 si
328 3109 394 3152 non
419 3109 515 3152 exre
539 3091 597 3151 tua
620 3087 663 3150 sit
685 3089 807 3170 parata.
854 3086 909 3150 sed
933 3087 961 3150 si
983 3087 1069 3151 liber

62 3176 224 3243 bonafide
248 3176 311 3242 tibi
333 3175 474 3240 serviens
498 3175 624 3260 emerit,
647 3174 750 3259 ipsius
774 3174 852 3239 fieri.

143 3268 216 3332 103.
251 3264 289 3331 D.
302 3266 356 3344 41,
372 3265 399 3346 1,
414 3265 466 3348 27,
480 3265 509 3329 2.
547 3263 745 3347 Pomponius
768 3264 852 3328 libro
875 3264 1065 3346 trigcnsimo

63 3355 94 3418 ad
118 3353 277 3421 Sabinum
301 3350 349 3439 (P.
365 3351 454 3438 750).
480 3388 518 3399 -
544 3348 647 3438 (Cum,
667 3356 777 3435 partes
806 3352 940 3416 duorum
968 3352 1067 3415 domi-

63 3462 169 3508 norum
198 3442 373 3507 ferrumine
400 3438 609 3527 cohaereant)
637 3489 668 3507 ..
697 3441 724 3504 si
751 3445 867 3504 neutra
895 3440 989 3503 alteri
1017 3461 1065 3503 ac-

65 3532 194 3598 cessioni
218 3536 281 3617 est,
306 3530 485 3615 videamus,
508 3552 548 3594 ne
572 3533 629 3593 aut
651 3529 816 3613 utriusque
840 3549 909 3593 erse
934 3527 1067 3593 dicenda

856 3632 913 3689 ss*
