<?xml version="1.0" encoding="UTF-8"?>
<!DOCTYPE html PUBLIC "-//W3C//DTD XHTML 1.0 Transitional//EN"
    "http://www.w3.org/TR/xhtml1/DTD/xhtml1-transitional.dtd">
<html xmlns="http://www.w3.org/1999/xhtml" xml:lang="en" lang="en">
 <head>
  <title>
</title>
<meta http-equiv="Content-Type" content="text/html;charset=utf-8" />
  <meta name='ocr-system' content='tesseract 3.04.00' />
  <meta name='ocr-capabilities' content='ocr_page ocr_carea ocr_par ocr_line ocrx_word'/>
</head>
<body>
  <div class='ocr_page' id='page_1' title='image "./iurisprudentiae02bremgoog_0120.png"; bbox 0 0 2430 3944; ppageno 0'>
   <div class='ocr_carea' id='block_1_1' title="bbox 409 178 1085 246">
    <p class='ocr_par' dir='ltr' id='par_1_1' title="bbox 409 178 1085 246">
     <span class='ocr_line' id='line_1_1' title="bbox 409 178 1085 246; baseline 0.006 -12"><span class='ocrx_word' id='word_1_1' title='bbox 409 184 433 234; x_wconf 78' lang='lat' dir='ltr'><strong>t.</strong></span> <span class='ocrx_word' id='word_1_2' title='bbox 460 179 600 236; x_wconf 79' lang='lat' dir='ltr'>SEXTUS</span> <span class='ocrx_word' id='word_1_3' title='bbox 619 178 748 236; x_wconf 82' lang='lat' dir='ltr'><strong>PEDIUS</strong></span> <span class='ocrx_word' id='word_1_4' title='bbox 1044 181 1085 246; x_wconf 80' lang='lat'><strong>87</strong></span> 
     </span>
    </p>
   </div>
   <div class='ocr_carea' id='block_1_2' title="bbox 101 343 1086 515">
    <p class='ocr_par' dir='ltr' id='par_1_2' title="bbox 101 343 1086 515">
     <span class='ocr_line' id='line_1_2' title="bbox 102 343 1086 428; baseline -0.001 -19"><span class='ocrx_word' id='word_1_5' title='bbox 102 344 200 409; x_wconf 82' lang='lat' dir='ltr'><strong>etiamsi</strong></span> <span class='ocrx_word' id='word_1_6' title='bbox 222 345 305 410; x_wconf 81' lang='lat' dir='ltr'><strong>elius</strong></span> <span class='ocrx_word' id='word_1_7' title='bbox 329 347 453 409; x_wconf 90' lang='lat' dir='ltr'><strong>metum</strong></span> <span class='ocrx_word' id='word_1_8' title='bbox 475 343 566 428; x_wconf 69' lang='lat' dir='ltr'><strong>fecit,</strong></span> <span class='ocrx_word' id='word_1_9' title='bbox 590 364 666 407; x_wconf 90' lang='lat' dir='ltr'><strong>nam</strong></span> <span class='ocrx_word' id='word_1_10' title='bbox 689 343 725 407; x_wconf 92' lang='lat' dir='ltr'><strong>in</strong></span> <span class='ocrx_word' id='word_1_11' title='bbox 747 343 882 408; x_wconf 90' lang='lat' dir='ltr'><strong>alterius</strong></span> <span class='ocrx_word' id='word_1_12' title='bbox 905 344 1086 427; x_wconf 88' lang='lat' dir='ltr'><strong>praemium</strong></span> 
     </span>
     <span class='ocr_line' id='line_1_3' title="bbox 101 433 713 515; baseline -0.002 -18"><span class='ocrx_word' id='word_1_13' title='bbox 101 434 159 498; x_wconf 82' lang='lat' dir='ltr'><strong>cuti</strong></span> <span class='ocrx_word' id='word_1_14' title='bbox 177 433 316 498; x_wconf 89' lang='lat' dir='ltr'><strong>alienum</strong></span> <span class='ocrx_word' id='word_1_15' title='bbox 340 437 463 497; x_wconf 85' lang='lat' dir='ltr'><strong>met-um</strong></span> <span class='ocrx_word' id='word_1_16' title='bbox 485 453 552 497; x_wconf 93' lang='lat' dir='ltr'><strong>non</strong></span> <span class='ocrx_word' id='word_1_17' title='bbox 575 436 713 515; x_wconf 75' lang='lat' dir='ltr'>oportet.</span> 
     </span>
    </p>
   </div>
   <div class='ocr_carea' id='block_1_3' title="bbox 469 588 689 644">
    <p class='ocr_par' dir='ltr' id='par_1_3' title="bbox 469 588 689 644">
     <span class='ocr_line' id='line_1_4' title="bbox 469 588 689 644; baseline -0.005 0"><span class='ocrx_word' id='word_1_18' title='bbox 469 588 514 644; x_wconf 86' lang='lat' dir='ltr'><strong>De</strong></span> <span class='ocrx_word' id='word_1_19' title='bbox 532 589 594 644; x_wconf 80' lang='lat' dir='ltr'><strong>dolo</strong></span> <span class='ocrx_word' id='word_1_20' title='bbox 610 589 689 643; x_wconf 84' lang='lat' dir='ltr'><strong>molo.</strong></span> 
     </span>
    </p>
   </div>
   <div class='ocr_carea' id='block_1_4' title="bbox 94 687 1087 1838">
    <p class='ocr_par' dir='ltr' id='par_1_4' title="bbox 94 687 1087 1464">
     <span class='ocr_line' id='line_1_5' title="bbox 164 687 1086 772; baseline -0.001 -18"><span class='ocrx_word' id='word_1_21' title='bbox 164 691 211 756; x_wconf 82' lang='lat'><strong>12.</strong></span> <span class='ocrx_word' id='word_1_22' title='bbox 240 689 280 756; x_wconf 91' lang='lat' dir='ltr'><strong>D.</strong></span> <span class='ocrx_word' id='word_1_23' title='bbox 303 690 335 770; x_wconf 89' lang='lat'><strong>4,</strong></span> <span class='ocrx_word' id='word_1_24' title='bbox 356 689 386 767; x_wconf 87' lang='lat'><strong>3,</strong></span> <span class='ocrx_word' id='word_1_25' title='bbox 411 687 488 766; x_wconf 87' lang='lat' dir='ltr'><strong>l,4.</strong></span> <span class='ocrx_word' id='word_1_26' title='bbox 539 687 699 772; x_wconf 84' lang='lat' dir='ltr'>Ulpianus</span> <span class='ocrx_word' id='word_1_27' title='bbox 731 687 815 752; x_wconf 88' lang='lat' dir='ltr'><strong>libro</strong></span> <span class='ocrx_word' id='word_1_28' title='bbox 845 687 1014 754; x_wconf 87' lang='lat' dir='ltr'><strong>undecimo</strong></span> <span class='ocrx_word' id='word_1_29' title='bbox 1045 689 1086 753; x_wconf 84' lang='lat' dir='ltr'><strong>ed</strong></span> 
     </span>
     <span class='ocr_line' id='line_1_6' title="bbox 97 774 1085 865; baseline -0.001 -23"><span class='ocrx_word' id='word_1_30' title='bbox 97 777 210 843; x_wconf 80' lang='lat' dir='ltr'><strong>edictum</strong></span> <span class='ocrx_word' id='word_1_31' title='bbox 237 775 287 864; x_wconf 88' lang='lat' dir='ltr'><strong>(P.</strong></span> <span class='ocrx_word' id='word_1_32' title='bbox 308 776 412 865; x_wconf 80' lang='lat'>385⁸).</span> <span class='ocrx_word' id='word_1_33' title='bbox 439 813 481 824; x_wconf 91' lang='lat'><em>-</em></span> <span class='ocrx_word' id='word_1_34' title='bbox 512 777 569 841; x_wconf 87' lang='lat' dir='ltr'><strong>Ait</strong></span> <span class='ocrx_word' id='word_1_35' title='bbox 595 783 740 861; x_wconf 87' lang='lat' dir='ltr'><strong>praetor:</strong></span> <span class='ocrx_word' id='word_1_36' title='bbox 773 774 814 840; x_wconf 73' lang='lat' dir='ltr'><strong>‘si</strong></span> <span class='ocrx_word' id='word_1_37' title='bbox 842 775 881 841; x_wconf 90' lang='lat' dir='ltr'><strong>de</strong></span> <span class='ocrx_word' id='word_1_38' title='bbox 909 775 961 841; x_wconf 89' lang='lat' dir='ltr'><strong>his</strong></span> <span class='ocrx_word' id='word_1_39' title='bbox 988 777 1085 841; x_wconf 87' lang='lat' dir='ltr'><strong>rebus</strong></span> 
     </span>
     <span class='ocr_line' id='line_1_7' title="bbox 96 864 1086 949; baseline 0 -19"><span class='ocrx_word' id='word_1_40' title='bbox 96 866 142 930; x_wconf 80' lang='lat' dir='ltr'><strong>ulis</strong></span> <span class='ocrx_word' id='word_1_41' title='bbox 160 868 245 932; x_wconf 89' lang='lat' dir='ltr'><strong>actio</strong></span> <span class='ocrx_word' id='word_1_42' title='bbox 269 888 336 932; x_wconf 93' lang='lat' dir='ltr'><strong>non</strong></span> <span class='ocrx_word' id='word_1_43' title='bbox 360 864 443 932; x_wconf 88' lang='lat' dir='ltr'><strong>erit&#39;.</strong></span> <span class='ocrx_word' id='word_1_44' title='bbox 483 866 600 930; x_wconf 86' lang='lat' dir='ltr'><strong>merito</strong></span> <span class='ocrx_word' id='word_1_45' title='bbox 624 869 757 949; x_wconf 86' lang='lat' dir='ltr'><strong>praetor</strong></span> <span class='ocrx_word' id='word_1_46' title='bbox 779 865 827 928; x_wconf 85' lang='lat' dir='ltr'><strong>ita</strong></span> <span class='ocrx_word' id='word_1_47' title='bbox 850 864 977 930; x_wconf 89' lang='lat' dir='ltr'><strong>demum</strong></span> <span class='ocrx_word' id='word_1_48' title='bbox 1002 865 1086 930; x_wconf 90' lang='lat' dir='ltr'><strong>hane</strong></span> 
     </span>
     <span class='ocr_line' id='line_1_8' title="bbox 96 953 1086 1040; baseline -0.001 -21"><span class='ocrx_word' id='word_1_49' title='bbox 96 957 230 1020; x_wconf 75' lang='lat' dir='ltr'><strong>actionem</strong></span> <span class='ocrx_word' id='word_1_50' title='bbox 258 955 445 1040; x_wconf 85' lang='lat' dir='ltr'><strong>pollicetur,</strong></span> <span class='ocrx_word' id='word_1_51' title='bbox 472 955 500 1018; x_wconf 93' lang='lat' dir='ltr'><strong>si</strong></span> <span class='ocrx_word' id='word_1_52' title='bbox 530 954 594 1019; x_wconf 84' lang='lat' dir='ltr'><strong>alie</strong></span> <span class='ocrx_word' id='word_1_53' title='bbox 617 975 683 1019; x_wconf 92' lang='lat' dir='ltr'><strong>non</strong></span> <span class='ocrx_word' id='word_1_54' title='bbox 706 953 757 1031; x_wconf 90' lang='lat' dir='ltr'><strong>sit,</strong></span> <span class='ocrx_word' id='word_1_55' title='bbox 783 954 935 1037; x_wconf 79' lang='lat' dir='ltr'><strong>quoniam</strong></span> <span class='ocrx_word' id='word_1_56' title='bbox 959 953 1086 1018; x_wconf 84' lang='lat' dir='ltr'><strong>famosa</strong></span> 
     </span>
     <span class='ocr_line' id='line_1_9' title="bbox 95 1041 1087 1126; baseline -0.001 -19"><span class='ocrx_word' id='word_1_57' title='bbox 95 1043 158 1109; x_wconf 88' lang='lat' dir='ltr'><strong>actio</strong></span> <span class='ocrx_word' id='word_1_58' title='bbox 186 1066 253 1110; x_wconf 93' lang='lat' dir='ltr'><strong>non</strong></span> <span class='ocrx_word' id='word_1_59' title='bbox 285 1048 406 1108; x_wconf 88' lang='lat' dir='ltr'><strong>temere</strong></span> <span class='ocrx_word' id='word_1_60' title='bbox 439 1042 551 1108; x_wconf 89' lang='lat' dir='ltr'><strong>debuit</strong></span> <span class='ocrx_word' id='word_1_61' title='bbox 584 1065 603 1107; x_wconf 85' lang='lat' dir='ltr'><strong>e</strong></span> <span class='ocrx_word' id='word_1_62' title='bbox 634 1047 784 1125; x_wconf 86' lang='lat' dir='ltr'><strong>praetore</strong></span> <span class='ocrx_word' id='word_1_63' title='bbox 812 1041 954 1126; x_wconf 89' lang='lat' dir='ltr'><strong>decerni,</strong></span> <span class='ocrx_word' id='word_1_64' title='bbox 986 1042 1014 1106; x_wconf 91' lang='lat' dir='ltr'><strong>si</strong></span> <span class='ocrx_word' id='word_1_65' title='bbox 1043 1042 1087 1107; x_wconf 92' lang='lat' dir='ltr'><strong>sit</strong></span> 
     </span>
     <span class='ocr_line' id='line_1_10' title="bbox 95 1129 1086 1217; baseline 0 -22"><span class='ocrx_word' id='word_1_66' title='bbox 95 1132 177 1197; x_wconf 80' lang='lat' dir='ltr'><strong>ciuilis</strong></span> <span class='ocrx_word' id='word_1_67' title='bbox 201 1133 253 1198; x_wconf 87' lang='lat' dir='ltr'><strong>vel</strong></span> <span class='ocrx_word' id='word_1_68' title='bbox 275 1132 461 1216; x_wconf 80' lang='lat' dir='ltr'><strong>honoraris,</strong></span> <span class='ocrx_word' id='word_1_69' title='bbox 484 1153 548 1217; x_wconf 85' lang='lat' dir='ltr'><strong>qua</strong></span> <span class='ocrx_word' id='word_1_70' title='bbox 571 1131 677 1215; x_wconf 87' lang='lat' dir='ltr'><strong>possit</strong></span> <span class='ocrx_word' id='word_1_71' title='bbox 699 1130 846 1214; x_wconf 88' lang='lat' dir='ltr'><strong>experiri,</strong></span> <span class='ocrx_word' id='word_1_72' title='bbox 869 1151 972 1214; x_wconf 91' lang='lat' dir='ltr'><strong>usque</strong></span> <span class='ocrx_word' id='word_1_73' title='bbox 996 1129 1086 1212; x_wconf 84' lang='lat' dir='ltr'><strong>adeo,</strong></span> 
     </span>
     <span class='ocr_line' id='line_1_11' title="bbox 96 1217 1085 1301; baseline 0 -19"><span class='ocrx_word' id='word_1_74' title='bbox 96 1225 121 1284; x_wconf 86' lang='lat' dir='ltr'><strong>at</strong></span> <span class='ocrx_word' id='word_1_75' title='bbox 138 1220 250 1286; x_wconf 89' lang='lat' dir='ltr'><strong>Pedius</strong></span> <span class='ocrx_word' id='word_1_76' title='bbox 273 1221 358 1285; x_wconf 90' lang='lat' dir='ltr'><strong>libro</strong></span> <span class='ocrx_word' id='word_1_77' title='bbox 383 1225 499 1286; x_wconf 84' lang='lat' dir='ltr'><strong>octavo</strong></span> <span class='ocrx_word' id='word_1_78' title='bbox 523 1217 677 1301; x_wconf 86' lang='lat' dir='ltr'><strong>scribot¹,</strong></span> <span class='ocrx_word' id='word_1_79' title='bbox 703 1219 802 1283; x_wconf 86' lang='lat' dir='ltr'><strong>etiam</strong></span> <span class='ocrx_word' id='word_1_80' title='bbox 826 1219 853 1282; x_wconf 92' lang='lat' dir='ltr'><strong>si</strong></span> <span class='ocrx_word' id='word_1_81' title='bbox 877 1217 1085 1283; x_wconf 86' lang='lat' dir='ltr'><strong>interdictum</strong></span> 
     </span>
     <span class='ocr_line' id='line_1_12' title="bbox 97 1307 1085 1395; baseline -0.001 -24"><span class='ocrx_word' id='word_1_82' title='bbox 97 1311 127 1372; x_wconf 86' lang='lat' dir='ltr'><strong>cit</strong></span> <span class='ocrx_word' id='word_1_83' title='bbox 143 1331 202 1394; x_wconf 91' lang='lat' dir='ltr'><strong>quo</strong></span> <span class='ocrx_word' id='word_1_84' title='bbox 226 1310 298 1395; x_wconf 90' lang='lat' dir='ltr'><strong>quis</strong></span> <span class='ocrx_word' id='word_1_85' title='bbox 322 1309 469 1393; x_wconf 86' lang='lat' dir='ltr'><strong>experiri,</strong></span> <span class='ocrx_word' id='word_1_86' title='bbox 492 1310 543 1373; x_wconf 87' lang='lat' dir='ltr'><strong>vel</strong></span> <span class='ocrx_word' id='word_1_87' title='bbox 566 1308 712 1392; x_wconf 74' lang='lat' dir='ltr'><strong>exceptio</strong></span> <span class='ocrx_word' id='word_1_88' title='bbox 732 1329 848 1392; x_wconf 90' lang='lat' dir='ltr'><strong>quase</strong></span> <span class='ocrx_word' id='word_1_89' title='bbox 868 1307 953 1372; x_wconf 88' lang='lat' dir='ltr'><strong>tueri</strong></span> <span class='ocrx_word' id='word_1_90' title='bbox 972 1308 1085 1392; x_wconf 89' lang='lat' dir='ltr'><strong>possit,</strong></span> 
     </span>
     <span class='ocr_line' id='line_1_13' title="bbox 94 1397 454 1464; baseline 0.006 -2"><span class='ocrx_word' id='word_1_91' title='bbox 94 1417 195 1462; x_wconf 86' lang='lat' dir='ltr'><strong>cessare</strong></span> <span class='ocrx_word' id='word_1_92' title='bbox 217 1398 280 1463; x_wconf 91' lang='lat' dir='ltr'><strong>hoc</strong></span> <span class='ocrx_word' id='word_1_93' title='bbox 303 1397 454 1464; x_wconf 86' lang='lat' dir='ltr'><strong>edictum.</strong></span> 
     </span>
    </p>

    <p class='ocr_par' dir='ltr' id='par_1_5' title="bbox 94 1479 1085 1838">
     <span class='ocr_line' id='line_1_14' title="bbox 163 1479 1085 1570; baseline -0.003 -18"><span class='ocrx_word' id='word_1_94' title='bbox 163 1488 213 1552; x_wconf 86' lang='lat'><strong>13.</strong></span> <span class='ocrx_word' id='word_1_95' title='bbox 235 1485 276 1552; x_wconf 90' lang='lat' dir='ltr'><strong>D.</strong></span> <span class='ocrx_word' id='word_1_96' title='bbox 291 1487 321 1569; x_wconf 89' lang='lat'><strong>6,</strong></span> <span class='ocrx_word' id='word_1_97' title='bbox 336 1486 365 1569; x_wconf 94' lang='lat'><strong>1,</strong></span> <span class='ocrx_word' id='word_1_98' title='bbox 380 1487 410 1551; x_wconf 85' lang='grc'><strong>7.</strong></span> <span class='ocrx_word' id='word_1_99' title='bbox 454 1485 543 1550; x_wconf 85' lang='lat' dir='ltr'><strong>Idem</strong></span> <span class='ocrx_word' id='word_1_100' title='bbox 569 1483 626 1570; x_wconf 87' lang='lat' dir='ltr'><strong>(sc.</strong></span> <span class='ocrx_word' id='word_1_101' title='bbox 649 1479 785 1570; x_wconf 89' lang='lat' dir='ltr'><strong>Paulus)</strong></span> <span class='ocrx_word' id='word_1_102' title='bbox 807 1484 892 1549; x_wconf 93' lang='lat' dir='ltr'><strong>libro</strong></span> <span class='ocrx_word' id='word_1_103' title='bbox 916 1483 1085 1550; x_wconf 90' lang='lat' dir='ltr'><strong>undecimo</strong></span> 
     </span>
     <span class='ocr_line' id='line_1_15' title="bbox 95 1570 1085 1661; baseline 0.001 -25"><span class='ocrx_word' id='word_1_104' title='bbox 95 1573 121 1636; x_wconf 89' lang='lat' dir='ltr'><strong>ad</strong></span> <span class='ocrx_word' id='word_1_105' title='bbox 143 1576 277 1640; x_wconf 87' lang='lat' dir='ltr'><strong>edictum</strong></span> <span class='ocrx_word' id='word_1_106' title='bbox 306 1573 356 1660; x_wconf 88' lang='lat' dir='ltr'><strong>(P.</strong></span> <span class='ocrx_word' id='word_1_107' title='bbox 376 1570 465 1661; x_wconf 77' lang='lat'>214).</span> <span class='ocrx_word' id='word_1_108' title='bbox 495 1611 533 1621; x_wconf 97' lang='lat'><em>-</em></span> <span class='ocrx_word' id='word_1_109' title='bbox 565 1570 599 1638; x_wconf 83' lang='lat' dir='ltr'><strong>si</strong></span> <span class='ocrx_word' id='word_1_110' title='bbox 626 1572 670 1654; x_wconf 91' lang='lat' dir='ltr'><strong>is,</strong></span> <span class='ocrx_word' id='word_1_111' title='bbox 700 1574 755 1658; x_wconf 92' lang='lat' dir='ltr'><strong>qui</strong></span> <span class='ocrx_word' id='word_1_112' title='bbox 783 1573 905 1656; x_wconf 75' lang='lat' dir='ltr'><strong>optulit</strong></span> <span class='ocrx_word' id='word_1_113' title='bbox 932 1594 966 1638; x_wconf 88' lang='lat' dir='ltr'><strong>se</strong></span> <span class='ocrx_word' id='word_1_114' title='bbox 994 1572 1085 1637; x_wconf 86' lang='lat' dir='ltr'><strong>fundi</strong></span> 
     </span>
     <span class='ocr_line' id='line_1_16' title="bbox 94 1660 1084 1748; baseline 0 -22"><span class='ocrx_word' id='word_1_115' title='bbox 94 1661 296 1748; x_wconf 74' lang='lat' dir='ltr'><strong>vindicationi,</strong></span> <span class='ocrx_word' id='word_1_116' title='bbox 320 1664 492 1728; x_wconf 81' lang='lat' dir='ltr'><strong>damnatus</strong></span> <span class='ocrx_word' id='word_1_117' title='bbox 517 1665 575 1745; x_wconf 86' lang='lat' dir='ltr'><strong>est,</strong></span> <span class='ocrx_word' id='word_1_118' title='bbox 597 1660 701 1727; x_wconf 86' lang='lat' dir='ltr'><strong>nihilo</strong></span> <span class='ocrx_word' id='word_1_119' title='bbox 725 1661 832 1725; x_wconf 85' lang='lat' dir='ltr'><strong>minus</strong></span> <span class='ocrx_word' id='word_1_120' title='bbox 857 1683 876 1725; x_wconf 90' lang='lat' dir='ltr'><strong>a</strong></span> <span class='ocrx_word' id='word_1_121' title='bbox 898 1683 1084 1746; x_wconf 79' lang='lat' dir='ltr'><strong>possessore</strong></span> 
     </span>
     <span class='ocr_line' id='line_1_17' title="bbox 94 1749 640 1838; baseline 0.004 -25"><span class='ocrx_word' id='word_1_122' title='bbox 94 1756 158 1816; x_wconf 84' lang='lat' dir='ltr'><strong>recte</strong></span> <span class='ocrx_word' id='word_1_123' title='bbox 178 1753 314 1838; x_wconf 90' lang='lat' dir='ltr'><strong>petitur,</strong></span> <span class='ocrx_word' id='word_1_124' title='bbox 337 1753 422 1817; x_wconf 89' lang='lat' dir='ltr'><strong>sicut</strong></span> <span class='ocrx_word' id='word_1_125' title='bbox 443 1749 560 1816; x_wconf 89' lang='lat' dir='ltr'><strong>Pedius</strong></span> <span class='ocrx_word' id='word_1_126' title='bbox 584 1751 640 1816; x_wconf 84' lang='lat' dir='ltr'><strong>eit.</strong></span> 
     </span>
    </p>
   </div>
   <div class='ocr_carea' id='block_1_5' title="bbox 370 1907 786 1980">
    <p class='ocr_par' dir='ltr' id='par_1_6' title="bbox 370 1907 786 1980">
     <span class='ocr_line' id='line_1_18' title="bbox 370 1907 786 1980; baseline -0.002 -17"><span class='ocrx_word' id='word_1_127' title='bbox 370 1909 420 1964; x_wconf 82' lang='lat' dir='ltr'><strong>En</strong></span> <span class='ocrx_word' id='word_1_128' title='bbox 437 1909 536 1980; x_wconf 78' lang='lat' dir='ltr'><strong>quibus</strong></span> <span class='ocrx_word' id='word_1_129' title='bbox 553 1908 645 1962; x_wconf 83' lang='lat' dir='ltr'><strong>cuneis</strong></span> <span class='ocrx_word' id='word_1_130' title='bbox 662 1907 786 1962; x_wconf 73' lang='lat' dir='ltr'><strong>mutones.</strong></span> 
     </span>
    </p>
   </div>
   <div class='ocr_carea' id='block_1_6' title="bbox 95 2005 1084 2272">
    <p class='ocr_par' dir='ltr' id='par_1_7' title="bbox 95 2005 1084 2272">
     <span class='ocr_line' id='line_1_19' title="bbox 163 2005 1084 2096; baseline -0.005 -23"><span class='ocrx_word' id='word_1_131' title='bbox 163 2010 210 2074; x_wconf 88' lang='lat'><strong>14.</strong></span> <span class='ocrx_word' id='word_1_132' title='bbox 225 2011 429 2096; x_wconf 88' lang='lat' dir='ltr'><strong>D.41,3,8,l.</strong></span> <span class='ocrx_word' id='word_1_133' title='bbox 449 2007 570 2073; x_wconf 86' lang='lat' dir='ltr'><strong>Paulus</strong></span> <span class='ocrx_word' id='word_1_134' title='bbox 584 2007 668 2072; x_wconf 89' lang='lat' dir='ltr'><strong>libro</strong></span> <span class='ocrx_word' id='word_1_135' title='bbox 684 2007 872 2071; x_wconf 89' lang='lat' dir='ltr'><strong>duodecimo</strong></span> <span class='ocrx_word' id='word_1_136' title='bbox 888 2006 927 2069; x_wconf 88' lang='lat' dir='ltr'><strong>ad</strong></span> <span class='ocrx_word' id='word_1_137' title='bbox 943 2005 1084 2069; x_wconf 89' lang='lat' dir='ltr'><strong>edictum</strong></span> 
     </span>
     <span class='ocr_line' id='line_1_20' title="bbox 95 2091 1084 2186; baseline -0.001 -28"><span class='ocrx_word' id='word_1_138' title='bbox 95 2091 131 2179; x_wconf 78' lang='lat' dir='ltr'><strong>(P.</strong></span> <span class='ocrx_word' id='word_1_139' title='bbox 145 2097 227 2186; x_wconf 78' lang='lat'>232).</span> <span class='ocrx_word' id='word_1_140' title='bbox 254 2137 291 2147; x_wconf 97' lang='lat'>-</span> <span class='ocrx_word' id='word_1_141' title='bbox 318 2148 352 2163; x_wconf 89' lang='lat'><strong>..</strong></span> <span class='ocrx_word' id='word_1_142' title='bbox 371 2120 457 2180; x_wconf 93' lang='lat' dir='ltr'><strong>eum,</strong></span> <span class='ocrx_word' id='word_1_143' title='bbox 484 2097 539 2182; x_wconf 90' lang='lat' dir='ltr'><strong>qui</strong></span> <span class='ocrx_word' id='word_1_144' title='bbox 566 2119 625 2161; x_wconf 87' lang='lat' dir='ltr'><strong>suo</strong></span> <span class='ocrx_word' id='word_1_145' title='bbox 648 2095 780 2161; x_wconf 90' lang='lat' dir='ltr'><strong>nomine</strong></span> <span class='ocrx_word' id='word_1_146' title='bbox 803 2094 885 2158; x_wconf 87' lang='lat' dir='ltr'><strong>nihil</strong></span> <span class='ocrx_word' id='word_1_147' title='bbox 908 2115 1084 2177; x_wconf 85' lang='lat' dir='ltr'><strong>usucapere</strong></span> 
     </span>
     <span class='ocr_line' id='line_1_21' title="bbox 96 2181 1040 2272; baseline -0.002 -25"><span class='ocrx_word' id='word_1_148' title='bbox 96 2190 187 2267; x_wconf 83' lang='lat' dir='ltr'><strong>potest,</strong></span> <span class='ocrx_word' id='word_1_149' title='bbox 208 2208 249 2252; x_wconf 93' lang='lat' dir='ltr'><strong>ne</strong></span> <span class='ocrx_word' id='word_1_150' title='bbox 272 2209 329 2272; x_wconf 90' lang='lat' dir='ltr'><strong>per</strong></span> <span class='ocrx_word' id='word_1_151' title='bbox 352 2208 480 2252; x_wconf 88' lang='lat' dir='ltr'><strong>servum</strong></span> <span class='ocrx_word' id='word_1_152' title='bbox 505 2185 633 2270; x_wconf 92' lang='lat' dir='ltr'><strong>quidem</strong></span> <span class='ocrx_word' id='word_1_153' title='bbox 657 2206 753 2269; x_wconf 85' lang='lat' dir='ltr'><strong>posse</strong></span> <span class='ocrx_word' id='word_1_154' title='bbox 776 2182 893 2247; x_wconf 89' lang='lat' dir='ltr'><strong>Pedius</strong></span> <span class='ocrx_word' id='word_1_155' title='bbox 918 2181 1040 2246; x_wconf 87' lang='lat' dir='ltr'><strong>scribit.</strong></span> 
     </span>
    </p>
   </div>
   <div class='ocr_carea' id='block_1_7' title="bbox 96 2292 1084 2447">
    <p class='ocr_par' dir='ltr' id='par_1_8' title="bbox 96 2292 1084 2447">
     <span class='ocr_line' id='line_1_22' title="bbox 160 2292 1084 2376; baseline -0.004 -20"><span class='ocrx_word' id='word_1_156' title='bbox 160 2298 239 2356; x_wconf 89' lang='lat' dir='ltr'><strong>Num</strong></span> <span class='ocrx_word' id='word_1_157' title='bbox 255 2299 329 2357; x_wconf 81' lang='lat' dir='ltr'><strong>haee</strong></span> <span class='ocrx_word' id='word_1_158' title='bbox 348 2298 407 2357; x_wconf 90' lang='lat' dir='ltr'><strong>duo</strong></span> <span class='ocrx_word' id='word_1_159' title='bbox 426 2297 596 2376; x_wconf 81' lang='lat' dir='ltr'><strong>fragments</strong></span> <span class='ocrx_word' id='word_1_160' title='bbox 613 2295 684 2354; x_wconf 87' lang='lat' dir='ltr'><strong>libri</strong></span> <span class='ocrx_word' id='word_1_161' title='bbox 697 2293 775 2354; x_wconf 87' lang='lat' dir='ltr'><strong>VIII</strong></span> <span class='ocrx_word' id='word_1_162' title='bbox 792 2292 914 2370; x_wconf 89' lang='lat' dir='ltr'><strong>fuerint,</strong></span> <span class='ocrx_word' id='word_1_163' title='bbox 933 2311 993 2352; x_wconf 94' lang='lat' dir='ltr'><strong>non</strong></span> <span class='ocrx_word' id='word_1_164' title='bbox 1011 2293 1084 2352; x_wconf 89' lang='lat' dir='ltr'><strong>satis</strong></span> 
     </span>
     <span class='ocr_line' id='line_1_23' title="bbox 96 2389 194 2447; baseline 0.092 -9"><span class='ocrx_word' id='word_1_165' title='bbox 96 2389 194 2447; x_wconf 78' lang='lat' dir='ltr'><strong>contat.</strong></span> 
     </span>
    </p>
   </div>
   <div class='ocr_carea' id='block_1_8' title="bbox 228 2498 925 2672">
    <p class='ocr_par' dir='ltr' id='par_1_9' title="bbox 228 2498 925 2672">
     <span class='ocr_line' id='line_1_24' title="bbox 423 2498 733 2559; baseline -0.003 0"><span class='ocrx_word' id='word_1_166' title='bbox 423 2500 531 2559; x_wconf 89' lang='lat' dir='ltr'><strong>Liber</strong></span> <span class='ocrx_word' id='word_1_167' title='bbox 553 2498 733 2558; x_wconf 78' lang='lat' dir='ltr'><strong>IX—XIV?</strong></span> 
     </span>
     <span class='ocr_line' id='line_1_25' title="bbox 228 2606 925 2672; baseline -0.007 -8"><span class='ocrx_word' id='word_1_168' title='bbox 228 2609 273 2664; x_wconf 84' lang='lat' dir='ltr'><strong>De</strong></span> <span class='ocrx_word' id='word_1_169' title='bbox 291 2610 457 2664; x_wconf 79' lang='lat' dir='ltr'><strong>alienatione</strong></span> <span class='ocrx_word' id='word_1_170' title='bbox 474 2607 575 2662; x_wconf 77' lang='lat' dir='ltr'><strong>indicit</strong></span> <span class='ocrx_word' id='word_1_171' title='bbox 592 2607 720 2661; x_wconf 78' lang='lat' dir='ltr'><strong>mutandi</strong></span> <span class='ocrx_word' id='word_1_172' title='bbox 738 2621 823 2660; x_wconf 84' lang='lat' dir='ltr'><strong>consa</strong></span> <span class='ocrx_word' id='word_1_173' title='bbox 840 2606 925 2672; x_wconf 83' lang='lat' dir='ltr'><strong>facta.</strong></span> 
     </span>
    </p>
   </div>
   <div class='ocr_carea' id='block_1_9' title="bbox 95 2703 1084 3148">
    <p class='ocr_par' dir='ltr' id='par_1_10' title="bbox 95 2703 1084 3148">
     <span class='ocr_line' id='line_1_26' title="bbox 165 2703 1084 2792; baseline -0.004 -20"><span class='ocrx_word' id='word_1_174' title='bbox 165 2707 211 2774; x_wconf 87' lang='lat'><strong>15.</strong></span> <span class='ocrx_word' id='word_1_175' title='bbox 235 2709 274 2773; x_wconf 90' lang='lat' dir='ltr'><strong>D.</strong></span> <span class='ocrx_word' id='word_1_176' title='bbox 287 2710 320 2789; x_wconf 94' lang='lat'><strong>4,</strong></span> <span class='ocrx_word' id='word_1_177' title='bbox 335 2710 364 2792; x_wconf 77' lang='lat'><strong>7,</strong></span> <span class='ocrx_word' id='word_1_178' title='bbox 376 2709 409 2791; x_wconf 87' lang='grc'><strong>4,</strong></span> <span class='ocrx_word' id='word_1_179' title='bbox 423 2710 453 2773; x_wconf 85' lang='grc'><strong>2.</strong></span> <span class='ocrx_word' id='word_1_180' title='bbox 493 2706 656 2791; x_wconf 89' lang='lat' dir='ltr'><strong>Ulpianus</strong></span> <span class='ocrx_word' id='word_1_181' title='bbox 679 2706 763 2771; x_wconf 88' lang='lat' dir='ltr'><strong>libro</strong></span> <span class='ocrx_word' id='word_1_182' title='bbox 782 2704 881 2770; x_wconf 85' lang='lat' dir='ltr'><strong>tertio</strong></span> <span class='ocrx_word' id='word_1_183' title='bbox 900 2704 1023 2769; x_wconf 90' lang='lat' dir='ltr'><strong>decimo</strong></span> <span class='ocrx_word' id='word_1_184' title='bbox 1043 2703 1084 2768; x_wconf 90' lang='lat' dir='ltr'><strong>ad</strong></span> 
     </span>
     <span class='ocr_line' id='line_1_27' title="bbox 95 2791 1083 2884; baseline 0.002 -31"><span class='ocrx_word' id='word_1_185' title='bbox 95 2791 209 2860; x_wconf 86' lang='lat' dir='ltr'><strong>edictum</strong></span> <span class='ocrx_word' id='word_1_186' title='bbox 233 2793 282 2882; x_wconf 91' lang='lat' dir='ltr'><strong>(P.</strong></span> <span class='ocrx_word' id='word_1_187' title='bbox 297 2796 386 2884; x_wconf 78' lang='lat'><strong>447).</strong></span> <span class='ocrx_word' id='word_1_188' title='bbox 407 2833 449 2844; x_wconf 91' lang='lat'><em>-</em></span> <span class='ocrx_word' id='word_1_189' title='bbox 469 2796 586 2860; x_wconf 89' lang='lat' dir='ltr'><strong>Pedius</strong></span> <span class='ocrx_word' id='word_1_190' title='bbox 609 2794 692 2859; x_wconf 91' lang='lat' dir='ltr'><strong>libro</strong></span> <span class='ocrx_word' id='word_1_191' title='bbox 715 2816 800 2859; x_wconf 91' lang='lat' dir='ltr'><strong>nono</strong></span> <span class='ocrx_word' id='word_1_192' title='bbox 823 2814 890 2858; x_wconf 91' lang='lat' dir='ltr'><strong>non</strong></span> <span class='ocrx_word' id='word_1_193' title='bbox 914 2792 1019 2857; x_wconf 92' lang='lat' dir='ltr'><strong>solum</strong></span> <span class='ocrx_word' id='word_1_194' title='bbox 1044 2791 1083 2855; x_wconf 88' lang='lat' dir='ltr'><strong>ad</strong></span> 
     </span>
     <span class='ocr_line' id='line_1_28' title="bbox 95 2878 1083 2966; baseline 0.002 -24"><span class='ocrx_word' id='word_1_195' title='bbox 95 2878 206 2949; x_wconf 87' lang='lat' dir='ltr'><strong>dominii</strong></span> <span class='ocrx_word' id='word_1_196' title='bbox 224 2887 469 2951; x_wconf 84' lang='lat' dir='ltr'><strong>translationem</strong></span> <span class='ocrx_word' id='word_1_197' title='bbox 487 2884 549 2950; x_wconf 92' lang='lat' dir='ltr'><strong>hoc</strong></span> <span class='ocrx_word' id='word_1_198' title='bbox 564 2883 705 2947; x_wconf 90' lang='lat' dir='ltr'><strong>edictum</strong></span> <span class='ocrx_word' id='word_1_199' title='bbox 719 2883 880 2966; x_wconf 90' lang='lat' dir='ltr'><strong>pertinere</strong></span> <span class='ocrx_word' id='word_1_200' title='bbox 896 2882 952 2964; x_wconf 84' lang='lat' dir='ltr'><strong>eit,</strong></span> <span class='ocrx_word' id='word_1_201' title='bbox 970 2902 1083 2945; x_wconf 84' lang='lat' dir='ltr'><strong>verum</strong></span> 
     </span>
     <span class='ocr_line' id='line_1_29' title="bbox 95 2969 1084 3059; baseline -0.006 -19"><span class='ocrx_word' id='word_1_202' title='bbox 95 2969 124 3032; x_wconf 67' lang='lat' dir='ltr'><strong>ad</strong></span> <span class='ocrx_word' id='word_1_203' title='bbox 152 2975 365 3058; x_wconf 85' lang='lat' dir='ltr'><strong>possessionis</strong></span> <span class='ocrx_word' id='word_1_204' title='bbox 398 2994 539 3059; x_wconf 87' lang='lat' dir='ltr'><strong>quoque:</strong></span> <span class='ocrx_word' id='word_1_205' title='bbox 580 2972 721 3053; x_wconf 83' lang='lat' dir='ltr'><strong>nlc&#39;oqnc&#39;n</strong></span> <span class='ocrx_word' id='word_1_206' title='bbox 752 2992 821 3036; x_wconf 77' lang='lat' dir='ltr'><strong>onon</strong></span> <span class='ocrx_word' id='word_1_207' title='bbox 852 2991 911 3052; x_wconf 75' lang='lat' dir='ltr'><strong>qno</strong></span> <span class='ocrx_word' id='word_1_208' title='bbox 947 2971 982 3033; x_wconf 84' lang='lat' dir='ltr'><strong>c&#39;n</strong></span> <span class='ocrx_word' id='word_1_209' title='bbox 1018 2990 1084 3034; x_wconf 85' lang='lat' dir='ltr'><strong>rem</strong></span> 
     </span>
     <span class='ocr_line' id='line_1_30' title="bbox 97 3058 1006 3148; baseline -0.006 -22"><span class='ocrx_word' id='word_1_210' title='bbox 97 3061 231 3148; x_wconf 75' lang='lat' dir='ltr'><strong>epotetur,</strong></span> <span class='ocrx_word' id='word_1_211' title='bbox 252 3065 371 3148; x_wconf 89' lang='lat' dir='ltr'><strong>inquit,</strong></span> <span class='ocrx_word' id='word_1_212' title='bbox 392 3064 422 3129; x_wconf 83' lang='lat' dir='ltr'><strong>sc&#39;</strong></span> <span class='ocrx_word' id='word_1_213' title='bbox 440 3063 627 3145; x_wconf 83' lang='lat' dir='ltr'><strong>possessione</strong></span> <span class='ocrx_word' id='word_1_214' title='bbox 648 3062 742 3143; x_wconf 77' lang='lat' dir='ltr'><strong>cessit,</strong></span> <span class='ocrx_word' id='word_1_215' title='bbox 765 3080 829 3125; x_wconf 91' lang='lat' dir='ltr'><strong>non</strong></span> <span class='ocrx_word' id='word_1_216' title='bbox 851 3058 1006 3123; x_wconf 80' lang='lat' dir='ltr'><strong>tenebitur.</strong></span> 
     </span>
    </p>
   </div>
   <div class='ocr_carea' id='block_1_10' title="bbox 384 3218 776 3290">
    <p class='ocr_par' dir='ltr' id='par_1_11' title="bbox 384 3218 776 3290">
     <span class='ocr_line' id='line_1_31' title="bbox 384 3218 776 3290; baseline -0.003 -16"><span class='ocrx_word' id='word_1_217' title='bbox 384 3218 440 3290; x_wconf 73' lang='lat' dir='ltr'><strong>Qui</strong></span> <span class='ocrx_word' id='word_1_218' title='bbox 456 3220 605 3274; x_wconf 78' lang='lat' dir='ltr'><strong>arbitrium</strong></span> <span class='ocrx_word' id='word_1_219' title='bbox 621 3218 776 3286; x_wconf 67' lang='lat' dir='ltr'><strong>receperint.</strong></span> 
     </span>
    </p>
   </div>
   <div class='ocr_carea' id='block_1_11' title="bbox 94 3313 1083 3494">
    <p class='ocr_par' dir='ltr' id='par_1_12' title="bbox 94 3313 1083 3494">
     <span class='ocr_line' id='line_1_32' title="bbox 165 3313 1083 3402; baseline -0.007 -20"><span class='ocrx_word' id='word_1_220' title='bbox 165 3319 213 3383; x_wconf 85' lang='lat'><strong>16.</strong></span> <span class='ocrx_word' id='word_1_221' title='bbox 236 3317 276 3382; x_wconf 93' lang='lat' dir='ltr'><strong>D.</strong></span> <span class='ocrx_word' id='word_1_222' title='bbox 289 3320 321 3399; x_wconf 89' lang='grc'><strong>4,</strong></span> <span class='ocrx_word' id='word_1_223' title='bbox 335 3319 364 3399; x_wconf 91' lang='grc'><strong>8,</strong></span> <span class='ocrx_word' id='word_1_224' title='bbox 380 3321 398 3382; x_wconf 79' lang='lat'>7</span> <span class='ocrx_word' id='word_1_225' title='bbox 409 3342 456 3402; x_wconf 92' lang='lat' dir='ltr'><strong>pr.</strong></span> <span class='ocrx_word' id='word_1_226' title='bbox 492 3316 654 3401; x_wconf 86' lang='lat' dir='ltr'><strong>Ulpianus</strong></span> <span class='ocrx_word' id='word_1_227' title='bbox 677 3317 760 3381; x_wconf 89' lang='lat' dir='ltr'><strong>libro</strong></span> <span class='ocrx_word' id='word_1_228' title='bbox 780 3315 878 3380; x_wconf 84' lang='lat' dir='ltr'><strong>tertio</strong></span> <span class='ocrx_word' id='word_1_229' title='bbox 898 3315 1022 3380; x_wconf 87' lang='lat' dir='ltr'><strong>decimo</strong></span> <span class='ocrx_word' id='word_1_230' title='bbox 1043 3313 1083 3376; x_wconf 85' lang='lat' dir='ltr'><strong>ed</strong></span> 
     </span>
     <span class='ocr_line' id='line_1_33' title="bbox 94 3400 1083 3494; baseline 0.001 -32"><span class='ocrx_word' id='word_1_231' title='bbox 94 3400 213 3470; x_wconf 91' lang='lat' dir='ltr'><strong>edictum</strong></span> <span class='ocrx_word' id='word_1_232' title='bbox 237 3403 286 3494; x_wconf 87' lang='lat' dir='ltr'><strong>(P.</strong></span> <span class='ocrx_word' id='word_1_233' title='bbox 300 3405 403 3494; x_wconf 72' lang='lat'><strong>4530).</strong></span> <span class='ocrx_word' id='word_1_234' title='bbox 426 3443 464 3454; x_wconf 92' lang='lat'>-</span> <span class='ocrx_word' id='word_1_235' title='bbox 485 3406 602 3471; x_wconf 86' lang='lat' dir='ltr'><strong>Pedius</strong></span> <span class='ocrx_word' id='word_1_236' title='bbox 626 3406 709 3469; x_wconf 92' lang='lat' dir='ltr'><strong>libro</strong></span> <span class='ocrx_word' id='word_1_237' title='bbox 728 3425 815 3469; x_wconf 90' lang='lat' dir='ltr'><strong>nono</strong></span> <span class='ocrx_word' id='word_1_238' title='bbox 835 3407 867 3468; x_wconf 88' lang='lat' dir='ltr'><strong>et</strong></span> <span class='ocrx_word' id='word_1_239' title='bbox 886 3401 1083 3485; x_wconf 90' lang='lat' dir='ltr'><strong>Pomponius</strong></span> 
     </span>
    </p>
   </div>
   <div class='ocr_carea' id='block_1_12' title="bbox 150 3545 520 3602">
    <p class='ocr_par' dir='ltr' id='par_1_13' title="bbox 150 3545 520 3602">
     <span class='ocr_line' id='line_1_34' title="bbox 150 3545 520 3602; baseline 0 -2"><span class='ocrx_word' id='word_1_240' title='bbox 150 3548 163 3594; x_wconf 93' lang='lat'>1</span> <span class='ocrx_word' id='word_1_241' title='bbox 181 3545 227 3602; x_wconf 77' lang='lat' dir='ltr'><strong>Fi.</strong></span> <span class='ocrx_word' id='word_1_242' title='bbox 245 3548 325 3601; x_wconf 88' lang='lat' dir='ltr'><strong>utet</strong></span> <span class='ocrx_word' id='word_1_243' title='bbox 344 3588 350 3601; x_wconf 95' lang='lat'>.</span> <span class='ocrx_word' id='word_1_244' title='bbox 366 3587 394 3601; x_wconf 90' lang='lat'><strong>..</strong></span> <span class='ocrx_word' id='word_1_245' title='bbox 415 3545 520 3601; x_wconf 87' lang='lat' dir='ltr'><strong>scribit.</strong></span> 
     </span>
    </p>
   </div>
   <div class='ocr_carea' id='block_1_13' title="bbox 0 0 1220 3944">
    <p class='ocr_par' dir='ltr' id='par_1_14' title="bbox 0 0 1220 3944">
     <span class='ocr_line' id='line_1_35' title="bbox 0 0 1220 3944; baseline 0 0"><span class='ocrx_word' id='word_1_246' title='bbox 0 0 1220 3944; x_wconf 95' lang='lat' dir='ltr'><strong> </strong></span> 
     </span>
    </p>
   </div>
  </div>
 </body>
</html>
