2430 3944
149 198 217 263 434
252 199 286 254 V.
305 197 455 253 NERVAE
473 198 522 252 ET
540 195 697 252 TRAIANI
709 196 815 254 TEMP.
832 196 930 254 IURIS
949 196 1132 255 CONSULTI

242 362 314 428 134.
349 361 387 425 Ι).
406 362 459 436 23,
476 361 508 442 4,
527 361 570 425 32
589 383 636 444 pr.
686 359 858 426 Iavolenus
891 360 979 426 libro
1007 365 1102 428 sexta
1129 383 1167 427 ex

150 452 384 536 posterioribus
397 449 564 515 Labeonis.
579 485 622 496 -
644 450 727 518 Uuor
740 449 809 514 siro
820 449 957 530 fundum
970 453 1168 516 aestimatum

149 545 274 606 centum
286 541 322 604 iu
333 540 432 604 dotem
440 539 572 622 dederat,
585 539 692 603 deiude
701 559 769 602 caim
778 540 978 621 oiropaetum
986 545 1168 605 conventam

148 629 271 713 fecerat,
294 633 331 692 ut
351 628 482 694 diuortia
502 628 585 707 facto
608 629 709 692 eadem
725 629 827 710 pretio
849 629 943 692 uxori
964 627 1014 692 air
1030 629 1168 708 fundum

149 720 335 796 restitueret·
355 721 464 800 postea
485 717 600 782 notente
621 736 717 780 uxore
739 717 789 780 uir
809 736 879 780 eum
899 716 1035 797 fiendum
1059 719 1168 783 ducen-

151 812 252 872 tarum
270 807 457 890 vendiderat,
478 810 507 870 et
523 806 691 871 diuortium
708 810 776 869 erat
790 804 917 885 factum.
958 805 1062 870 Labeo
1074 810 1170 889 putat

150 898 217 960 viro
248 899 429 979 potestatem
464 895 534 977 fieri
569 893 685 973 debere,
721 897 827 958 umam
858 895 932 959 odit
960 894 1094 960 ducenta
1125 895 1170 960 m

148 986 284 1066 fundum
316 982 472 1066 reddere[,
502 1003 598 1065 neque
628 983 658 1048 ei
681 987 810 1066 pactum
840 987 1021 1048 conuentum
1052 984 1170 1048 remitti

151 1072 314 1157 oportere]
360 1073 473 1137 idcirco
494 1076 572 1154 puto
594 1071 649 1136 bac
671 1071 843 1137 Labeonem
865 1073 1070 1156 respondisse,
1097 1093 1168 1155 quo-

149 1165 240 1228 niam
258 1162 412 1226 uoluntate
429 1161 569 1224 mutiern's
579 1160 698 1241 fundus
710 1162 814 1225 veniit.
840 1161 981 1244 alioquin
994 1162 1169 1228 omnimodo

148 1252 270 1333 fundus
292 1255 360 1315 erat
381 1251 590 1314 restituendus.

242 1340 315 1404 135.
346 1338 385 1402 D.
399 1338 510 1419 ibide
527 1340 554 1402 1.
577 1375 613 1386 —
635 1337 675 1403 Si
691 1343 784 1420 pater
805 1339 891 1420 filiae
912 1341 1038 1404 nomine
1055 1346 1169 1405 certam

148 1430 315 1512 pecuniam
338 1429 373 1492 iu
395 1427 494 1491 doum
510 1428 699 1508 promiserat
722 1424 919 1514 (tdieeratt)
941 1433 970 1492 et
986 1433 1102 1510 pactis
1119 1433 1169 1513 est,

150 1539 189 1582 ue
221 1517 337 1582 inuitus
368 1536 436 1580 eam
468 1516 606 1581 solveret:
637 1515 718 1581 nibil
749 1516 788 1580 ab
817 1536 850 1580 eo
877 1517 1060 1599 eaipendum
1083 1521 1169 1601 puto,

152 1607 228 1689 quia
254 1607 301 1684 id,
329 1606 411 1686 quad
424 1610 518 1688 pacto
540 1609 682 1670 conuenta
705 1625 745 1669 ne
765 1605 882 1670 invitus
904 1605 1077 1688 eriperetur
1099 1627 1168 1672 aare·

151 1696 280 1772 uenerit,
303 1695 338 1759 iu
359 1696 438 1759 datis
459 1714 588 1759 caenam
610 1713 672 1759 esse
694 1713 757 1758 nou
779 1695 939 1758 rideretur.

244 1783 316 1848 136.
340 1782 380 1847 D.
394 1784 448 1865 23,
462 1781 493 1865 5,
509 1783 549 1847 18
563 1805 612 1867 pr.
648 1780 822 1847 Iavolenus
841 1782 925 1847 libro
945 1786 1037 1848 sexto
1057 1804 1099 1848 ex
1116 1804 1169 1867 po·

150 1872 346 1938 nterioribus
364 1869 537 1937 Labeonis.
560 1907 603 1918 —
624 1871 681 1936 Vir
698 1872 734 1935 in
749 1871 849 1952 funda
867 1872 963 1936 dotati
981 1872 1169 1954 lapidicinos

48 1998 50 2002 ·
152 1981 344 2026 marmoreas
366 1965 537 2043 aperuerat.
582 1960 713 2026 diuortia
734 1959 816 2040 facto
839 1962 1007 2044 quaeritur,
1031 1980 1170 2026 marmor

151 2053 233 2133 arrad
258 2069 381 2115 caesum
408 2069 502 2130 neque
529 2053 724 2132 exportatum
751 2054 826 2114 esset
850 2051 938 2114 auius
964 2055 1040 2114 esset
1061 2055 1092 2114 et
1113 2052 1168 2114 im

131 2164 139 2181 ·
146 2161 280 2223 pensam
311 2140 346 2203 in
374 2138 560 2220 lapidicinos
583 2138 703 2240 factam
729 2139 842 2204 mulier
868 2159 911 2202 an
937 2140 987 2203 uir
1007 2144 1169 2240 praestare

151 2230 275 2294 deberet.
316 2228 418 2292 Labeo
440 2247 580 2292 marmor
601 2227 664 2291 oiri
683 2246 744 2291 esse
762 2228 824 2304 ait‚·
846 2231 975 2292 aeterum
994 2229 1062 2291 viro
1081 2231 1170 2328 uepat

152 2320 321 2420 quidquam
334 2317 560 2401 praestandum
578 2336 639 2381 esse
652 2337 673 2378 a
688 2316 825 2394 muliere,
843 2317 918 2398 quia
930 2336 985 2380 nea
996 2316 1169 2382 necessaria

152 2428 190 2472 ea
213 2408 353 2488 impensa
375 2409 451 2470 esset
467 2410 495 2469 et
509 2404 629 2485 fundus
647 2406 777 2469 deterim
794 2409 871 2469 esset
884 2405 951 2484 fact
950 2424 996 2469 us.
1037 2425 1090 2487 epo
1108 2424 1169 2469 non

154 2500 275 2560 tautum
294 2495 490 2574 necessarias,
508 2496 562 2559 sed
578 2495 671 2558 etiam
688 2494 810 2558 utiles
797 2513 950 2575 impensas
961 2495 1169 2574 praestandas

152 2606 173 2648 a
202 2584 327 2648 muliere
349 2584 491 2648 mistimo
514 2604 567 2647 nec
583 2588 662 2664 puta
682 2581 818 2662 fundum
839 2583 1017 2647 deteriorem
1039 2603 1114 2661 esse,
1141 2582 1169 2646 si

154 2673 230 2737 tates
251 2678 325 2736 suut
347 2673 542 2754 lapidicinae,
565 2673 600 2735 in
623 2672 733 2753 quibus
756 2671 837 2753 lapis
858 2691 986 2736 creseere
1002 2673 1113 2752 possit.

245 2761 316 2826 137.
341 2760 379 2826 D.
396 2761 474 2825 ibid.
494 2763 513 2841 ξ
530 2763 558 2825 1.
581 2797 626 2806 -
649 2758 688 2826 sc·
703 2780 763 2843 per
785 2759 944 2824 mutierem
966 2780 1056 2824 mora
1077 2762 1167 2843 fieret,

153 2870 212 2932 pua
245 2851 350 2914 minus
381 2851 623 2914 aestimationem
648 2848 754 2932 partis
778 2849 965 2930 fundicum
991 2850 1170 2914 sciveretet

151 2938 287 3019 fundum
308 2939 460 3020 reciperet,
483 2959 552 3002 cum
574 2938 628 3002 bac
643 2942 773 3021 pactum
795 2942 869 3000 erat.
901 2937 1022 3018 fructus
1045 2938 1168 3003 interim

150 3031 304 3109 perceptos
326 3029 369 3091 ad
390 3028 493 3092 uirum
510 3028 665 3108 pertinere
686 3027 734 3090 ait
750 3025 860 3090 Labeo.
895 3032 974 3108 puta
990 3028 1099 3108 potius
1109 3045 1168 3109 pro

149 3118 293 3198 portione
317 3116 439 3195 fructus
466 3116 568 3180 uirum
595 3115 786 3198 habiturum,
813 3115 948 3197 reliquas
974 3116 1102 3180 mulieri
1126 3135 1168 3179 re·

153 3207 348 3282 stitutumm;
371 3224 430 3286 pua
453 3205 521 3269 iure
543 3206 670 3269 utimur.
717 3250 719 3254 ,

247 3294 319 3358 138.
343 3293 381 3357 D.
393 3293 445 3370 24,
462 3294 489 3376 1,
504 3292 555 3357 64.
590 3292 761 3357 Iavolenus
775 3292 859 3358 libro
874 3297 965 3358 sexto
982 3315 1020 3358 ex
1034 3291 1166 3378 posteri·

156 3383 265 3448 oribus
285 3381 454 3447 Labeonis.
474 3418 516 3427 —
542 3381 600 3447 Vir
622 3382 747 3446 mulieri
769 3382 899 3446 diuortia
918 3382 1003 3463 facta
1020 3384 1166 3465 quaedam

155 3473 266 3536 idcirco
285 3473 415 3555 dederat,
434 3475 471 3534 ut
487 3472 529 3535 ad
545 3491 576 3534 se
593 3475 796 3536 reverteretur.
833 3470 945 3535 mulier
962 3491 1084 3537 reuersa
1096 3473 1166 3549 mat,

149 3562 261 3628 derude
282 3562 450 3674 diopetium
471 3559 589 3642 fecerat.
635 3559 753 3624 Labeo:
779 3557 941 3626 Trebatius
959 3562 1042 3625 iuter
1062 3561 1165 3625 Tereu-
