2430 3944
146 195 211 260 194
228 195 275 252 ΠΙ.
285 194 360 250 GAII
370 191 519 250 CLAUDII
528 191 668 248 NERON.
679 190 825 248 GALBAE
836 190 943 246 TEMP.
954 190 1053 248 IURIS
1063 191 1168 248 CONS.

115 381 117 384 ·
144 360 200 444 qui
231 359 381 442 putabat,
415 358 444 422 si
476 357 651 422 satisdetur
683 353 780 419 alicui
808 356 845 420 de
865 352 975 438 partc²
1001 355 1170 440 pecuniae,

144 449 292 513 recedere
316 468 389 511 eum
413 468 432 511 a
454 445 647 531 pignoribus
672 444 796 509 debere.

234 558 334 618 Aliam
359 557 395 617 de
418 557 544 636 pignore
567 555 704 616 Atilicini
729 555 910 615 sententiam
931 575 960 616 v.
974 555 1063 632 Resp.
1080 559 1109 617 7.

567 727 618 794 Dc
637 729 743 811 furtis.

236 847 286 912 11.
314 845 355 910 D.
369 845 421 930 30,
435 845 478 910 48
488 867 535 928 pr.
581 842 781 927 Pomponius
808 842 895 908 libro
923 847 1015 908 sexto
1044 843 1084 908 ad
1110 841 1168 909 Sa-

144 935 258 1000 binum
281 932 330 1017 (P.
344 931 436 1020 499).
459 969 503 980 -
528 931 563 997 Si
590 931 717 998 heredis
746 952 856 997 servus
883 952 953 996 rem
976 930 1056 1016 <per
1078 932 1168 997 dam-

144 1025 332 1107 nationem>
363 1025 505 1107 legatam
532 1021 704 1107 ignorante
732 1020 861 1085 domino
891 1020 1106 1087 subtraxisset
1133 1025 1168 1086 et
1211 1095 1213 1105 Ι

145 1112 352 1195 vendidisset,
374 1110 551 1175 Atilicinus
573 1111 608 1174 in
630 1109 754 1174 facturn
776 1108 915 1173 dandam
935 1111 1107 1194 actionem,
1129 1115 1169 1175 ut

145 1203 197 1266 vel
216 1222 318 1266 noxae
338 1221 467 1265 servum
485 1199 614 1264 dederet
634 1197 783 1263 dominus
802 1199 853 1261 vel
873 1219 911 1261 ex
929 1199 1058 1280 peculio
1073 1221 1168 1284 prae-

146 1293 259 1372 staret,
282 1288 368 1373 quod
391 1310 431 1353 ex
453 1288 640 1354 venditione
664 1285 732 1351 sius
755 1287 803 1350 rei
825 1287 970 1351 haberet.

554 1465 757 1530 11111111νὶ1.

237 1583 286 1648 18.
324 1581 440 1666 1141,
465 1580 645 1664 10,11,6.
700 1578 859 1663 Ulpianus
892 1580 976 1645 libro
1009 1580 1169 1665 quinqua·

145 1671 294 1756 gensimo
323 1671 462 1755 septimo
492 1669 532 1734 ad
561 1669 701 1733 edictum
725 1665 773 1755 (P.
790 1666 900 1755 1344).
924 1705 967 1715 -
991 1669 1169 1734 Atilicinus

145 1809 176 1825 ..
204 1759 250 1824 ait
278 1762 311 1824 et
340 1761 368 1824 si
395 1759 612 1842 persuaserim
638 1758 734 1822 alicui
758 1755 881 1842 (potius
904 1756 1061 1843 liberto?)
1085 1759 1169 1823 alias

145 1848 279 1931 nolenti,
298 1852 335 1912 111
355 1848 436 1911 mihi
455 1847 495 1911 ad
512 1846 664 1911 iniuriam
678 1845 860 1910 faciendam
875 1846 1053 1931 oboediret,
1071 1870 1169 1931 posse

145 1959 335 2001 rnrurxarum
358 1958 484 2001 mecum
508 1956 571 2020 agr.

546 2112 669 2178 Iudicio
691 2099 770 2177 aisti.

237 2229 287 2294 19.
316 2228 355 2295 D.
369 2231 401 2312 2,
417 2230 468 2312 11,
482 2230 513 2313 4,
527 2229 558 2294 4.
605 2226 764 2311 Ulpianus
790 2227 875 2292 libro
900 2228 1170 2313 septuagensimo

147 2321 262 2402 quarto
297 2317 337 2382 ad
372 2317 512 2382 edictum
542 2313 592 2403 (P.
613 2313 723 2402 1657).
754 2352 791 2362 —
824 2315 1013 2392 Quaesitum
1048 2321 1099 2382 est
1129 2341 1171 2384 an

147 2407 253 2491 possit
271 2407 444 2484 conveniri,
467 2429 508 2470 ne
527 2406 595 2469 ulla
614 2403 758 2488 exceptio
778 2403 811 2468 in
830 2406 1005 2471 vadimonio
1025 2405 1173 2473 deserto²

148 2495 318 2560 obiciatur.
362 2500 395 2560 et
422 2496 469 2560 ait
498 2493 673 2558 Atilicinus
702 2494 947 2558 conventionem
976 2495 1075 2559 istam
1103 2518 1172 2561 non

147 2584 288 2737 γξὶῙΘΥ11),
317 2671 355 2737 D.
370 2673 401 2753 3,
416 2672 446 2752 3,
460 2673 513 2754 43,
527 2671 558 2736 5.
607 2669 697 2734 Idem
726 2668 784 2754 (sc.
802 2668 938 2757 Paulus)
967 2671 1053 2736 libro
1081 2695 1172 2739 nono

149 2761 188 2825 ad
208 2761 347 2826 edictum
366 2758 588 2848 (11811).-
603 2757 637 2823 Si
655 2763 846 2844 procurator
865 2763 944 2845 agat
963 2764 996 2825 et
1014 2783 1173 2846 praesens

149 2850 193 2914 sit
211 2850 356 2914 absentis
376 2872 497 2933 servus,
520 2848 694 2913 Atilicinus
716 2849 763 2912 ait
781 2868 875 2913 servo
895 2848 1083 2929 cavendum,
1103 2873 1171 2915 non

147 2937 360 3022 procuratori.

450 3043 501 3109 Dc
522 3043 698 3109 hereditatis
716 3043 869 3124 petitione.

237 3161 290 3226 21.
314 3159 353 3225 D.
363 3159 394 3244 5,
404 3160 434 3243 3,
443 3159 496 3224 43.
536 3158 658 3223 Paulus
679 3141 764 3222 libro
783 3158 924 3223 secundo
945 3159 985 3223 ad
1004 3158 1171 3226 Plautium

149 3245 199 3336 (P.
216 3245 326 3334 1081).
353 3283 390 3294 -
416 3248 594 3332 Postquam
621 3247 767 3333 legatum
796 3249 872 3311 ate
895 3247 1019 3332 accepi,
1046 3249 1171 3314 heredi·

147 3343 251 3433 tatem
280 3341 367 3421 peto.
417 3337 592 3402 Atilicinus
621 3336 814 3421 quibusdam
840 3336 1001 3419 placuisse
1031 3337 1078 3402 ait
1105 3360 1171 3403 non

221 3501 236 3617 1
256 3493 585 3636 iitcieiilai'romissione
600 3565 712 3620 deserta
726 3563 831 3619 indicio
849 3564 969 3621 sistendi
983 3582 1069 3622 causa
1083 3565 1169 3620 facta.
