2430 3944
261 191 266 201 ·
347 180 372 232 6.
394 173 605 230 IAVOLENUS
623 172 771 230 PRISOUS
997 173 1064 239 423

56 358 157 406 serous
183 358 253 403 mm
278 338 381 404 heredi
407 358 472 403 meo
495 358 650 402 armorum
671 343 782 420 septem
805 358 913 420 operas
934 338 1065 421 soioerit,

56 429 128 494 tiber
159 425 232 492 esto'
265 432 294 492 et
324 428 353 493 is
383 447 487 492 serras
515 429 601 492 intra
631 431 742 509 septem
768 446 868 491 amoos
893 427 928 490 ia
950 427 1065 492 iodioio

56 516 171 599 prrbtieo
198 521 273 581 esset
298 520 327 580 et
346 517 492 598 septimas
514 534 617 581 annus
635 516 840 596 praeterisset,
869 514 996 580 Seroias
1018 517 1066 580 ait

56 627 123 670 mm
154 625 217 669 noa
250 605 376 669 liberari
404 605 517 683 debere,
548 603 665 686 Labeo,
697 608 726 668 et
750 605 780 668 si
802 608 909 686 pastea
930 604 1066 669 solvisset

56 714 207 761 ramorum
221 698 331 776 septem
344 713 460 776 operas,
479 693 607 757 irberam
619 693 771 773 futaram.
795 694 876 775 qaod
892 713 997 757 oerum
1011 698 1062 758 est.

142 782 194 848 85.
221 780 260 848 D.
274 782 342 847 ibid
358 784 377 862 ξ
392 783 423 847 4.
447 819 488 828 -
513 781 562 846 ‘Si
584 781 707 846 Stiebas
730 781 838 846 Attiae
864 781 948 846 mitte
971 802 1064 845 amm

56 892 117 937 mos
149 871 276 949 dederit,
306 871 382 936 iiber
412 870 494 935 esto'.
543 871 634 934 Attia
659 871 727 936 otoo
756 874 893 935 testatore
924 871 1064 935 decessit:

56 981 115 1025 rom
139 979 227 1042 posse
250 957 389 1025 Stiobam
411 960 540 1024 tiberem
562 979 624 1024 esse
646 959 746 1023 Labeo
771 957 883 1041 Obitus
904 959 1065 1042 responde·

56 1053 143 1124 mm
169 1047 337 1128 Trebatius,
359 1049 389 1113 si
407 1054 479 1112 arete
497 1052 707 1112 testamentum
722 1047 841 1129 foetam
859 1048 950 1112 Attia
967 1049 1064 1112 deces-

56 1139 147 1220 sisset,
170 1138 267 1214 idem;
290 1137 319 1202 si
335 1142 453 1218 postea,
475 1157 544 1201 eam
567 1136 697 1201 liberam
718 1136 869 1216 satarum.
910 1136 1064 1201 Labeonis

56 1231 84 1292 et'
102 1225 191 1307 optet
216 1227 367 1290 sententia
392 1226 544 1291 rationem
571 1226 693 1307 quidem
719 1225 820 1308 habet,
846 1226 900 1290 sed
919 1225 975 1290 boo
996 1226 1065 1289 ime

56 1317 183 1394 rtimm,
205 1319 241 1379 at
262 1315 290 1379 is
311 1334 415 1380 sereres
436 1334 475 1379 ea
497 1318 671 1387 testamento
695 1314 770 1379 iiber
792 1316 841 1379 sit.

142 1402 194 1468 86.
228 1401 266 1468 D.
285 1402 362 1466 ibid.
381 1405 401 1483 5
423 1410 452 1468 5.
483 1439 520 1448 -
552 1400 591 1468 Si
617 1422 723 1468 serras
749 1422 857 1484 operas
884 1401 1063 1486 [eatraaeo]

56 1495 126 1557 dare
153 1493 256 1556 iussas
282 1496 368 1572 esset,
397 1491 602 1573 (ratramus)
622 1492 729 1556 notius
751 1492 875 1556 mmm
892 1492 972 1556 seroi
989 1511 1064 1558 saas

56 1600 160 1664 speras
191 1581 292 1645 daado
321 1581 449 1645 tiberem
475 1601 597 1645 servam
618 1585 725 1662 potest.
762 1581 844 1662 qaod
873 1580 908 1644 ire
929 1582 1064 1664 petuma

56 1671 143 1735 riiter
169 1669 358 1749 observator,
385 1673 485 1751 utpote
510 1689 580 1733 oam
607 1674 771 1734 ratramus
792 1689 853 1751 pra
880 1689 913 1734 ea
942 1668 1063 1754 [servo]

56 1760 155 1824 doado
172 1759 341 1840 permotam
362 1777 482 1822 serram
505 1757 654 1821 liberaret.

141 1846 192 1912 87.
217 1846 256 1910 D.
265 1847 317 1925 40,
330 1847 419 1933 1,26.
451 1845 621 1910 Iavolenus
641 1845 724 1910 libro
744 1849 860 1930 quarto
877 1867 916 1910 ex
928 1847 1063 1928 posteri·

56 1935 161 2000 oribus
177 1933 345 1999 Labeonis.
362 1970 404 1980 -
418 1934 547 2000 Seroam
564 1935 720 2015 furiosum
738 1934 823 1998 omni
833 1954 941 2016 perere
953 1955 1064 1999 mamm
1176 1988 1183 2003 .

56 2025 180 2088 missam
203 2025 247 2088 ad
267 2023 435 2088 libertatem
453 2024 581 2106 perdmi
597 2028 692 2106 patat
706 2041 797 2106 passe
821 2022 929 2087 Labeo.

397 2191 448 2257 De
469 2192 590 2257 liberati
611 2211 715 2257 caasa.

142 2299 192 2363 88.
216 2296 256 2362 D.
265 2298 318 2381 40,
330 2299 380 2378 12,
390 2299 442 2363 42.
474 2297 583 2363 Labeo
598 2298 681 2363 libro
696 2293 1062 2381 quartoposteriorum.²

56 2423 89 2434 -
123 2384 159 2451 Si
184 2408 293 2451 servus
317 2409 411 2472 quem
436 2408 559 2451 emeras
583 2387 623 2451 od
646 2386 829 2451 libertatem
852 2385 1064 2469 proclamarit

56 2479 83 2540 et
103 2475 145 2539 ab
165 2474 269 2539 iudice
288 2497 457 2560 perperam
476 2497 536 2558 pro
556 2496 592 2540 eo
612 2474 787 2540 iudicatum
806 2477 856 2539 est
869 2478 902 2539 et
915 2474 1062 2539 dominus

56 2565 119 2629 eius
138 2564 223 2628 servi
237 2568 313 2647 post
326 2585 395 2628 rem
410 2568 525 2630 eontra
539 2569 571 2629 te
585 2563 761 2629 iudicatam
776 2568 808 2627 te
822 2562 971 2627 heredem
986 2562 1064 2628 fecit

56 2656 109 2718 sut
129 2645 194 2717 elio
215 2673 278 2737 quo
297 2652 426 2717 nomine
445 2653 472 2717 is
491 2658 566 2718 tuus
585 2675 656 2717 esse
675 2653 842 2737 coepisset,
861 2655 971 2737 petere
990 2672 1064 2716 eum

56 2747 144 2806 tuum
168 2762 238 2805 esse
262 2741 381 2824 poteris
404 2762 463 2806 neo
485 2741 546 2806 tibi
567 2741 712 2806 obstabit
729 2742 776 2805 rei
794 2740 954 2805 iudicatae
972 2762 1063 2824 pree·

56 2829 196 2913 scriptio.
240 2829 422 2894 Iavolenus:
446 2830 526 2894 haee
548 2851 625 2894 vera
647 2833 731 2894 sunt.

140 2923 276 2984 Iavoleni
298 2923 463 2983 orationem
486 2923 685 2983 'tribonianus
708 2923 827 2984 videtur
850 2925 990 2983 mutasse.

346 3086 396 3152 De
418 3088 566 3170 emptione
587 3087 765 3151 venditione.

375 3206 423 3266 De
444 3208 597 3266 hereditate
619 3207 742 3266 reodita.

141 3308 192 3374 89.
219 3306 259 3373 D.
276 3307 325 3391 18,
339 3308 370 3389 4,
384 3307 437 3371 24.
477 3306 587 3372 Lebeo
606 3306 690 3370 libro
713 3310 827 3392 quarto
847 3305 1063 3389 posteriorum

56 3422 67 3463 s
91 3397 246 3462 Iavoleno
271 3397 590 3481 epitomatorem-
608 3395 816 3461 Hereditatem
835 3394 970 3460 Uormeiii
991 3414 1063 3459 oem-

123 3550 137 3597 1
158 3561 196 3600 so.
216 3562 232 3598 e
251 3544 382 3600 Iavoleno
402 3543 626 3614 epitomatorem.
