2430 3944
372 221 396 269 e.
419 213 627 269 nvonnnos
646 213 793 271 Pnlseos
1019 217 1086 283 459

69 382 108 441 de
131 381 242 461 legetis
266 386 298 442 et
320 382 356 440 <ie
379 383 444 442 iure
468 383 592 455 dotium,
615 383 744 444 seeundo
763 384 799 443 de
817 385 965 461 emptione
983 386 1087 445 vendi·

68 471 153 530 tione
168 470 252 546 dixit,
266 471 357 549 idque
371 471 508 547 inprimis
522 470 558 530 de
568 470 745 532 hereditatis
754 473 934 536 venditione.
968 474 1087 552 reliqua

67 560 188 620 ineerta
210 562 290 620 snnt.

503 701 612 761 Liber
634 701 659 762 Ι.

483 818 533 884 De
556 820 672 903 tepetis

163 945 190 1010 1.
213 943 252 1009 Ι).
266 946 320 1029 31,
335 943 385 1008 10.
422 942 593 1008 Insolenus
611 945 695 1009 libro
712 945 816 1029 primo
831 967 870 1010 ex
885 945 1024 1011 Plautio.
1040 985 1081 993 -

67 1033 151 1100 &em
171 1033 290 1114 fundus
312 1034 498 1097 nominatim
521 1033 636 1117 tepatns
653 1035 702 1115 sit,
724 1036 753 1098 si
771 1035 849 1116 quid
865 1036 979 1117 eipost
995 1041 1084 1101 testa·

68 1127 209 1187 mentum
239 1123 357 1200 foetum
388 1123 540 1186 adiectum
571 1127 626 1200 est,
658 1124 693 1187 id
722 1143 839 1205 qnoque
870 1124 967 1206 iepato
998 1126 1084 1209 sedit,

64 1211 193 1276 etiamsi
218 1211 276 1274 itta
301 1211 393 1274 uerba
420 1211 538 1275 adiecta
564 1232 628 1276 non
653 1212 719 1276 sint
744 1210 811 1293 ‘qni
838 1232 923 1277 meus
949 1213 1028 1297 erit',
1055 1215 1085 1279 si

66 1301 159 1365 node
186 1303 309 1364 testator
335 1319 403 1363 eane
424 1303 548 1380 portem
574 1320 637 1363 non
665 1301 835 1382 separatim
855 1303 1004 1385 possedit,
1031 1304 1087 1368 seat

66 1388 266 1453 universitati
281 1388 401 1468 peioris
421 1388 517 1467 fundi
538 1389 691 1452 adiunxit.

159 1478 189 1541 2.
213 1475 252 1541 D.
266 1476 318 1560 21,
333 1477 363 1558 2,
377 1476 429 1542 58.
465 1475 637 1541 Iavolenus
656 1478 740 1541 libro
760 1477 864 1561 primo
883 1501 922 1543 ex
941 1478 1080 1544 Plautio.

65 1603 112 1612 -
135 1565 237 1629 Heres
254 1584 371 1628 seeum
393 1585 456 1629 non
477 1567 663 1629 nominatim
685 1567 816 1648 iepatuan
835 1568 965 1633 tradidit
981 1565 1097 1650 (man

64 1655 149 1737 eipio
172 1653 292 1735 dediti)
314 1658 343 1716 et
363 1653 400 1718 de
421 1653 488 1718 doio
510 1655 700 1736 repuomisit;
717 1661 826 1736 postea
847 1676 954 1721 sevus
971 1658 1084 1722 eeietns

64 1748 119 1808 est.
166 1763 254 1825 apere
280 1762 349 1806 ouen
375 1741 480 1807 herede
507 1743 674 1825 tepoterins
701 1764 739 1808 ee
766 1748 940 1810 testamento
960 1747 1084 1829 poterit,

64 1832 211 1914 quamvis
232 1830 316 1894 heres
338 1831 474 1894 alienum
497 1851 558 1895 esse
579 1851 700 1896 saonen
722 1833 917 1914 ipnoreverit.

159 1920 190 1984 3.
218 1918 258 1982 D.
272 1919 324 2002 34,
340 1920 370 1992 2,
385 1921 414 1983 8.
460 1918 549 1983 Idem
579 1917 638 2004 (se.
660 1916 794 2006 Paulus)
822 1921 906 1986 libro
932 1942 1017 1985 nono
1041 1922 1081 1986 ed

68 2007 245 2072 Plautium.
276 2044 313 2053 -
344 2007 501 2073 Plautius.
547 2008 662 2072 mulier
689 2007 737 2072 ita
760 2009 895 2094 legavit:
924 2008 1084 2093 ‘quisquis

67 2095 151 2160 mihi
179 2095 274 2160 heres
302 2096 378 2174 erit,
406 2096 510 2160 Titiae
535 2100 658 2161 vestem
682 2119 786 2161 meam
810 2097 964 2161 mundum
989 2119 1083 2161 orne-

66 2188 243 2268 menteque
272 2183 442 2248 muliebria
470 2185 603 2249 demnas
629 2189 698 2249 esto
722 2184 819 2251 dare'.
871 2183 1003 2251 Cassius
1027 2186 1082 2268 ait,

65 2275 95 2338 si
123 2295 191 2337 non
219 2277 401 2357 appareret,
430 2272 507 2357 quid
535 2274 704 2356 sensisset,
732 2295 859 2338 omnem
887 2278 1009 2338 vestem
1033 2296 1081 2339 se·

65 2361 209 2426 eundum
224 2361 322 2425 verba
336 2361 523 2426 testamenti
538 2362 679 2445 legatam
693 2363 805 2426 videri.
837 2363 967 2427 Paulus.
996 2361 1082 2427 idem

62 2450 241 2516 Iavolenus
278 2450 402 2532 scribit,
438 2452 512 2531 quie
547 2451 712 2516 verisimile
746 2456 802 2535 est,
838 2450 957 2535 inquit,
993 2461 1081 2516 testa·

64 2541 176 2604 tricem
190 2542 311 2603 tantum
325 2544 574 2603 ornamentorum
588 2541 781 2604 universitati
794 2538 957 2624 deropasse,
972 2540 1083 2622 que'bns

60 2628 321 2711 sepnifieationeen
348 2628 543 2692 enniiebrinin
566 2630 832 2706 accommodasset
855 2628 1010 2714 ¹accedere
1034 2650 1082 2713 eo,

63 2716 153 2800 quod
182 2716 240 2779 illa
267 2715 498 2780 demonstratio
527 2714 720 2780 ‘muliebria'
745 2738 848 2801 neque
871 2717 955 2781 vesti
977 2738 1081 2801 neque

65 2804 192 2869 mundo
221 2804 376 2887 applicari
405 2805 494 2868 salve
522 2805 646 2869 ratione
673 2806 752 2869 reeti
781 2805 939 2870 sermonis
962 2808 1081 2889 potest.

157 2901 188 2965 4.
212 2899 250 2965 D.
265 2901 318 2982 32,
334 2902 385 2966 77.
420 2901 593 2966 Iavolenus
612 2903 694 2966 libro
709 2902 814 2986 primo
830 2925 868 2966 ex
882 2902 1022 2967 Plautio.
1036 2939 1081 2952 -

61 2989 446 3146 gunipeing‘ztusrnbstitutiene
473 2990 572 3073 tepeta
597 2996 782 3073 repetuntur,
810 2991 961 3056 libertates
987 2992 1081 3056 etiem

431 3184 481 3249 De
503 3186 571 3249 iure
593 3187 718 3250 dotium.

157 3300 188 3364 5.
211 3298 250 3363 D.
268 3301 319 3384 12,
333 3299 364 3381 4,
380 3300 430 3364 10.
467 3300 638 3364 Iavolenus
657 3300 742 3365 libro
760 3301 864 3384 primo
884 3322 922 3363 ex
940 3298 1079 3362 Plautio.

65 3426 107 3436 -
132 3388 173 3454 Si
194 3387 306 3453 mulier
329 3391 357 3453 ei
377 3391 429 3454 eni
450 3392 588 3470 nuptura
610 3393 676 3454 erat
693 3409 762 3453 eum
779 3391 877 3454 dotem
894 3390 969 3452 dare
986 3387 1080 3465 eeiiet,

60 3479 230 3560 punniam
247 3498 325 3561 quae
342 3478 402 3542 seii
419 3478 579 3542 debebatur
596 3483 750 3559 acceptam
762 3478 835 3555 feeit
846 3497 940 3556 neque
953 3477 1081 3558 nuptiae

64 3569 221 3632 insecutae
242 3571 323 3649 sunt,
344 3571 420 3630 reete
442 3567 480 3630 ab
503 3588 536 3631 eo
552 3568 688 3650 peeunie
706 3567 893 3644 eondieetnn,
915 3565 994 3646 qnio
1009 3563 1101 3625 uniit
