2430 3944
367 183 391 231 2.
410 173 600 230 FULCINIUS
619 173 766 231 Perseus
1003 175 1069 241 265

422 355 473 421 Dc
494 357 563 420 lure
584 357 710 421 dolium.

148 463 179 527 4.
202 462 242 527 D.
252 462 304 546 25,
316 463 375 540 1,3
392 465 423 526 et
438 461 489 545 25,
503 463 523 528 3
530 484 579 545 pr.
606 462 767 546 Ulpianus
781 462 865 527 libro
879 462 1069 547 trigensimo

60 556 152 617 sexto
176 552 217 616 ad
236 545 391 615 Sabinum
416 550 465 635 (P.
484 547 594 637 2805).
622 587 659 597 -
684 550 773 615 Inter
796 552 992 617 necessarias
1011 554 1070 616 im-

60 662 178 724 pensas
202 661 272 704 esse
290 638 399 705 Labeo
424 640 469 703 ait
491 640 594 704 moles
616 640 652 703 in
674 661 762 704 mare
785 640 838 704 vel
860 639 980 705 flumen
998 663 1071 725 pro·

59 731 171 795 iectus.
221 729 278 793 sed
310 732 343 792 et
375 726 403 792 si
429 728 602 811 pistrinum
630 727 681 791 vel
708 729 860 792 horreum
888 730 1071 795 necessario

59 818 182 882 factum
220 817 276 898 sit,
311 817 346 880 in
381 816 571 881 necessariis
607 816 763 900 impensis
799 816 984 882 habendum
1017 818 1073 883 ait.

60 906 196 990 proinde
227 904 392 970 Fulcinius
428 905 549 988 inquit,
586 905 613 969 si
648 903 827 970 aedificium
858 927 955 970 ruens
987 905 1073 990 quod

60 994 181 1060 habere
200 993 330 1058 mulieri
348 994 427 1057 utile
443 997 513 1057 erat
526 991 685 1074 refecerit,
704 998 761 1057 aut
775 994 803 1057 si
818 992 939 1059 oliveta
952 993 1073 1060 reiecta

60 1082 305 1163 restauraverit,
338 1082 387 1146 vel
420 1079 608 1165 stipulatio1
639 1081 748 1145 damni
780 1081 891 1147 infecti
917 1104 958 1146 ne
987 1105 1073 1148 com·

61 1172 212 1236 mittatur
240 1170 454 1254 praestiterit,
482 1172 486 1246 Ι
516 1170 568 1234 val
597 1170 625 1234 si
653 1170 736 1235 vites
763 1170 994 1255 propagaverit
1020 1171 1073 1237 vel

62 1261 195 1326 arbores
224 1258 384 1324 curaverit
410 1259 462 1323 vel
489 1258 661 1322 seminaria
683 1280 743 1343 pro
766 1259 909 1324 utilitate
933 1259 1005 1343 agri
1026 1259 1074 1324 fe·

62 1349 155 1432 cerit,
178 1348 374 1412 necessarias
398 1348 563 1430 impensas
585 1345 699 1411 fecisse
722 1347 890 1412 videbitur.

151 1435 182 1501 5.
206 1435 246 1500 Ι).
260 1435 313 1518 50,
328 1436 379 1518 16,
394 1435 445 1517 79,
461 1437 489 1501 l.
524 1434 615 1499 Idem
638 1431 696 1521 (sc.
713 1432 849 1521 Paulus)
872 1436 958 1501 libro
982 1440 1072 1501 sexto

63 1526 103 1590 ad
125 1524 291 1590 Plautium
314 1520 549 1610 (P.1127).-
573 1522 689 1588 ‘Utiles
712 1523 887 1607 impensas’
910 1546 981 1589 esse
999 1525 1075 1589 Ful·

63 1614 169 1680 cinius
189 1613 245 1696 ait,
264 1633 346 1696 quae
365 1613 530 1676 meliorem
549 1612 657 1676 dotem
673 1611 804 1698 faciant,
821 1635 887 1678 non
901 1611 1074 1696 (tanturn)

63 1702 257 1767 deteriorem
281 1722 351 1765 esse
374 1722 440 1765 non
463 1701 582 1783 sinant,
605 1722 645 1764 ex
668 1700 783 1784 quibus
804 1701 928 1765 reditus
948 1702 1076 1767 mulieri

64 1789 267 1874 adquiratur,
300 1789 395 1853 sicuti
427 1789 550 1853 arbusti
580 1788 834 1871 pastinationem
861 1790 949 1853 ultra
976 1813 1074 1874 quarn

63 1900 195 1943 necesse
218 1878 336 1962 fuerat,
359 1878 439 1941 item
461 1877 642 1941 doctrinam
665 1899 846 1960 puerorum.

154 1967 184 2031 6.
212 1966 251 2030 D.
272 1966 322 2047 11,
341 1966 371 2050 7,
389 1966 486 2048 29pr.
532 1964 631 2029 Gaius
658 1966 741 2029 libro
769 1987 854 2030 nono
884 1965 1007 2029 decimo
1032 1965 1072 2030 ad

63 2056 206 2120 edictum
236 2054 432 2137 provinciale
460 2053 508 2135 (P.
527 2051 616 2138 327).
644 2090 687 2100 -
716 2052 750 2117 Si
780 2052 896 2117 mulier
923 2058 998 2136 post
1026 2054 1076 2117 di-

64 2144 206 2210 vortium
244 2142 297 2206 alii
332 2146 434 2227 nupta
465 2142 648 2224 decesserit,
684 2164 751 2207 non
782 2145 878 2225 putat
910 2141 1076 2206 Fulcinius

63 2233 207 2317 priorem
244 2231 409 2310 maritum,
444 2230 519 2295 licet
550 2231 631 2295 lucri
663 2230 771 2295 dotem
802 2230 916 2312 faciat,
953 2230 1076 2295 funeris

64 2323 247 2405 impensam
270 2323 445 2402 praestare.

240 2477 291 2543 De
312 2479 474 2543 mallone
496 2477 575 2542 luter
596 2479 698 2542 ulrum
720 2483 749 2542 et
769 2497 904 2542 acorem

159 2585 188 2649 7.
213 2583 251 2648 D.
266 2585 319 2666 24,
335 2585 363 2665 1,
378 2584 420 2649 29
429 2606 475 2666 pr.
510 2582 706 2668 Pomponius
723 2584 807 2648 libro
823 2588 938 2667 quarto
954 2583 1077 2648 decimo

67 2673 110 2738 ad
128 2671 287 2738 Sabinum
306 2671 357 2754 (P.
371 2670 460 2757 599).
484 2708 526 2718 -
550 2670 583 2736 si
606 2672 721 2736 mulier
744 2693 783 2735 ex
802 2673 939 2755 pecunia
958 2671 1078 2736 donata

67 2767 213 2845 emptum
243 2782 370 2824 servum
398 2759 594 2824 vendidisset
621 2764 653 2824 et
677 2760 775 2824 alium
799 2760 944 2842 emisset,
972 2765 1079 2843 postc-

67 2852 190 2916 riorem
212 2850 355 2934 periculo
380 2849 522 2912 mulieris
546 2870 616 2913 esse
638 2847 806 2912 Fulcinius
830 2848 966 2932 scripsit.

159 2942 341 3017 Pomponius
364 2943 460 3001 addit:
485 2936 575 3018 ‘quod
597 2960 656 3001 non
680 2944 726 3002 cst
744 2961 856 3017 verum,
878 2942 950 3001 licet
967 2959 1027 3000 non
1045 2960 1081 3000 ex

67 3051 101 3092 ra
123 3031 225 3090 mariti
248 3033 366 3106 emptus
390 3024 450 3091 sit.'
970 3093 972 3096 ,

161 3116 189 3179 8.
214 3114 252 3178 D.
262 3114 315 3195 39,
329 3115 359 3195 6,
373 3114 425 3179 43.
453 3112 608 3178 Neratius
626 3113 708 3177 libro
723 3114 828 3197 primo
843 3111 1081 3196 Responsorum

70 3200 122 3290 (P.
142 3200 210 3289 82).
234 3238 276 3248 -
300 3201 479 3266 Fulcinius:
506 3202 589 3266 inter
617 3202 721 3266 virum
749 3206 782 3265 et
808 3223 940 3266 uxorem
966 3202 1080 3265 mortis

71 3312 171 3356 causa
203 3291 409 3355 donationem
442 3291 489 3354 ita
521 3291 603 3372 fieri,
640 3290 667 3354 si
700 3289 836 3354 donator
868 3289 1081 3354 iustissimum

70 3381 188 3445 mortis
211 3386 334 3444 metum
357 3379 485 3443 habeat.

146 3542 161 3588 1
180 3536 228 3591 Fl.
248 3551 282 3589 ex
301 3534 488 3604 stipulatione.
