2430 3944
160 205 227 268 514
531 201 808 257 ADDITAMDNTA.

159 391 234 434 nem
273 367 502 452 oppresserint,
524 416 533 434 .
558 416 565 430 .
589 414 597 431 .
620 365 784 431 veteribus
818 365 927 449 placet
959 387 1074 432 omnes
1107 367 1175 452 lege

160 457 293 542 Aquilia
318 456 429 521 teneri.

248 545 299 610 45.
327 545 379 613 D„
396 545 425 628 9,
453 546 483 624 2,
506 544 558 624 51,
588 546 616 608 1.
665 542 811 607 Iulianus
839 543 925 607 libro
953 546 1174 628 octogensimo

160 638 250 699 sexto
274 633 494 719 Digestorum.
520 669 560 679 -
585 630 622 696 Id
643 635 742 697 ..est
765 653 964 717 consequens
989 633 1174 698 auctoritati

159 727 316 804 veterum,
340 723 404 806 qui,
432 743 505 786 eum
534 743 554 785 a
582 720 729 804 pluribus
753 721 839 785 idem
862 742 974 786 servus
998 723 1047 786 ita
1070 724 1173 786 vulne-

159 816 250 876 ratus
283 814 382 894 esset,
419 815 455 875 ut
486 832 551 874 non
586 813 768 894 appareret,
807 810 896 874 cuius
930 810 999 876 ictu
1031 812 1173 896 perisset,

159 922 273 965 omnes
296 900 369 984 lege
392 899 522 983 Aquilia
545 898 649 962 teneri
672 898 903 963 iudicaverunt.

245 998 301 1070 46.
325 997 365 1061 D.
384 997 415 1080 9,
434 996 464 1080 2,
483 997 535 1079 27,
558 997 606 1061 13.
635 994 794 1079 Ulpianus
812 997 896 1060 libro
916 1000 1034 1061 octavo
1055 997 1171 1062 decimo

159 1087 199 1150 ad
224 1087 374 1151 edictum.
396 1121 432 1130 -
460 1083 570 1168 Inquit
593 1085 645 1148 lex
668 1083 825 1168 'ruperit'.
863 1086 1018 1168 [rupisse]
1044 1087 1170 1151 verbum

160 1175 227 1239 fere
252 1196 364 1239 omnes
388 1176 512 1238 veteres
536 1173 583 1237 sio
606 1173 848 1238 intellexerunt:
872 1175 1065 1258 corruperit.

532 1349 584 1416 De
606 1350 800 1416 condictione.

248 1477 300 1539 47.
324 1474 363 1539 Ι).
390 1475 440 1553 12,
464 1474 494 1558 5,
517 1476 546 1540 6.
569 1473 728 1559 Ulpianus
752 1475 836 1540 libro
857 1479 974 1540 octavo
994 1475 1118 1542 decimo
1136 1475 1169 1540 ad

160 1563 322 1629 Sabinum.
351 1600 393 1608 —
419 1613 425 1626 .
450 1612 488 1627 ..
518 1567 662 1629 veterum
696 1565 881 1648 opinionem
916 1566 1169 1631 existimantium

158 1653 190 1716 id
225 1651 309 1737 quod
347 1673 386 1716 ex
418 1652 539 1717 iniusta
572 1674 669 1719 causa
695 1653 781 1737 apud
814 1653 954 1738 aliquem
989 1655 1047 1739 sit,
1084 1675 1170 1740 posse

159 1740 292 1806 condioi.

247 1829 301 1894 48.
324 1828 364 1896 D.
380 1829 431 1912 13,
447 1829 476 1915 1,
489 1830 542 1894 20.
565 1828 794 1914 Tryphoninus
815 1830 898 1895 libro
919 1831 1168 1914 quintodecimo

158 1918 435 2003 Disputationum.
464 1954 504 1964 —
536 1917 628 1982 Licet
660 1917 712 1982 fur
744 1924 876 2002 paratus
903 1919 1005 1984 fuerit
1032 1923 1169 2006 excipere

159 2008 392 2074 condictionem
416 2011 449 2071 et
472 2029 529 2091 per
552 2029 604 2070 me
628 2007 766 2088 steterit,
790 2008 864 2072 dum
889 2009 924 2072 in
947 2009 1047 2074 rebus
1067 2011 1168 2074 huma·

158 2099 209 2161 nis
233 2119 284 2161 res
307 2096 422 2180 fuerat,
446 2095 613 2160 condicere
637 2118 718 2179 eam,
742 2100 855 2180 postea
874 2102 984 2162 autem
1008 2103 1168 2184 perempta

159 2189 217 2271 est,
240 2189 349 2250 tamen
373 2186 488 2249 durare
512 2185 747 2249 condictionem
772 2188 895 2250 veteres
919 2187 1105 2270 uoluerunt.
1118 2237 1144 2251 ..

444 2362 494 2427 De
516 2362 676 2427 uerborum
699 2362 887 2446 oblipotione.
972 2414 974 2420 ,

246 2487 298 2551 49.
333 2487 372 2552 D.
399 2485 452 2568 45,
482 2489 511 2566 1,
541 2486 613 2568 140,
646 2488 673 2551 1.
730 2486 850 2552 Paulus
884 2488 969 2553 libro
1004 2491 1104 2554 tertio
1133 2487 1165 2551 ad

159 2574 336 2640 Neratium.
361 2612 403 2621 -
429 2574 478 2638 De
502 2576 563 2640 hac
587 2575 796 2659 stipulatione
820 2575 941 2641 ‘annua
965 2577 1058 2642 bima
1080 2579 1166 2643 trina

158 2663 209 2726 die
229 2664 260 2727 id
281 2670 452 2748 argentum
467 2662 570 2748 <sua>
586 2685 712 2749 quaque
732 2663 784 2728 die
804 2665 913 2729 dari?'
945 2667 1032 2750 apud
1053 2673 1164 2732 veteres

157 2752 283 2816 varium
305 2752 377 2817 fuit.

248 2839 300 2904 50.
325 2840 363 2904 D.
382 2841 435 2922 45,
456 2843 484 2925 1,
503 2842 556 2925 91,
575 2844 604 2908 3.
637 2841 757 2906 Paulus
780 2842 864 2906 libro
889 2844 1031 2927 septimo
1053 2845 1163 2909 decimo

159 2929 199 2992 ad
222 2927 394 2993 Plautium.
428 2967 469 2976 -
595 2935 719 2995 veteres
743 2931 997 3017 constituerunt,
1025 2934 1162 3016 quotiens

161 3018 257 3101 culpa
280 3018 454 3082 intervenit
477 3018 642 3102 debitoris,
666 3020 851 3103 perpetuari
875 3020 1118 3105 obligationem.

249 3114 303 3179 51.
327 3113 397 3180 Gai.
420 3117 450 3199 3,
475 3116 548 3180 180.
567 3153 610 3163 -
630 3167 637 3181 .
656 3168 662 3182 .
684 3117 768 3201 apud
792 3121 917 3181 veteres
940 3120 1162 3204 scriptumest,

159 3207 234 3267 ante
264 3204 357 3268 litem
381 3208 597 3269 contestatam
617 3205 692 3270 dare
716 3205 894 3271 debitorem
919 3215 1079 3292 oportere,
1101 3208 1161 3290 post

157 3292 249 3358 litem
274 3296 489 3357 contestatam
514 3295 718 3358 condemnari
742 3298 900 3378 oportere,
927 3301 1005 3379 post
1028 3297 1159 3363 conden-

157 3381 324 3445 nationem
348 3382 524 3446 iudicatum
547 3382 652 3447 facere
676 3387 833 3466 oportere.

247 3468 299 3533 52.
327 3469 367 3534 D.
395 3471 449 3549 46,
477 3471 507 3550 3,
535 3470 587 3534 97.
639 3470 729 3536 Idem
759 3470 817 3559 (sc.
845 3472 1060 3561 Papinianus)
1087 3472 1157 3536 libro

154 3557 299 3626 secundo
332 3557 575 3626 Definitionum.
612 3596 654 3606 —
693 3559 774 3625 Cum
812 3583 851 3625 ex
885 3563 1036 3645 pluribus
1068 3557 1156 3627 causis
