2430 3944
359 173 384 223 6.
406 167 613 224 IAVOLENUS
632 167 780 224 PRISOUS
1007 170 1073 234 477

53 335 176 416 partem
202 331 367 396 dimidiam
391 330 463 414 tepo.
500 332 628 396 eandem
648 331 783 412 faadmm
809 332 890 397 Titio
914 332 997 417 tepo'.
1043 335 1073 399 si

57 420 151 488 Seius
177 421 345 501 decesserit,
366 440 446 501 pars
477 421 542 484 etas
571 421 692 501 atriqae
717 422 877 504 aderesoit,
906 425 981 503 qaia
1002 443 1074 487 eam

55 510 226 593 separatim
249 514 278 573 et
296 513 401 590 partes
420 509 515 587 ferredi
536 514 565 572 et
587 513 666 573 totas
684 509 799 590 lepatas
816 513 865 594 sit,
887 530 1002 575 aeoesse
1019 516 1072 594 est,

55 604 93 664 ut
114 619 151 663 oa
169 618 249 679 pars
269 617 348 678 qaae
371 601 466 661 aossat
480 617 542 679 pro
561 599 701 679 portione
723 598 814 679 lepati
831 600 938 679 miqae
955 618 1071 685 eoram,

55 687 169 770 aeribus
189 685 309 766 fundas
331 687 500 766 separatim
523 685 639 766 topatus
662 691 716 768 est,
739 688 844 751 adores
881 691 901 751 t.

149 774 201 841 38.
230 773 268 837 D.
287 773 363 840 ibid.
383 776 402 853 §
424 777 452 839 1.
474 811 519 821 —
542 775 573 838 A
600 795 648 839 me
674 775 779 840 herede
807 777 900 840 arari
921 796 1006 840 meae
1026 777 1073 841 ito

56 866 192 948 lepatam
219 867 277 928 est:
308 861 468 944 ‘quidquid
488 868 615 944 propter
645 864 761 927 Titiam
788 865 831 928 ad
859 862 965 928 Seiam
993 866 1073 930 dotis

60 953 187 1018 rromr‘rre
195 952 343 1035 pervenit,
363 955 483 1015 tamtam
490 953 658 1033 pearmiam
672 951 761 1016 Seios
773 952 858 1016 teres
872 973 956 1018 mem
972 954 1074 1018 Titiae

56 1039 128 1107 det'.
167 1061 292 1122 qaaero,
324 1060 368 1104 om
398 1041 588 1104 deductiones
614 1042 824 1123 impensarum
850 1043 921 1123 fieri
942 1043 1073 1124 possint,

57 1151 139 1213 qaae
160 1131 279 1212 tierent,
302 1129 440 1194 sidere
464 1126 595 1192 uxoria1
618 1134 765 1211 operetur.

147 1217 330 1300 Respondit:
356 1237 419 1281 aaa
441 1217 553 1300 dubito,
575 1218 652 1300 qam
675 1216 785 1301 [orori
806 1218 898 1303 serae]
921 1220 1004 1300 qaod
1025 1220 1073 1283 ita

57 1308 193 1391 iepatam
215 1311 272 1370 est:
295 1303 327 1370 ‘a
351 1310 378 1369 te
399 1305 482 1370 teres
502 1311 578 1387 peto,
601 1307 752 1388 quidquid
772 1307 816 1371 ad
837 1308 1073 1390 teperomisset,

57 1401 93 1462 mt
124 1399 246 1460 tamtum
278 1391 446 1477 eidares',
478 1398 541 1458 tota
567 1396 621 1459 dos
646 1397 713 1460 sim
738 1396 859 1460 ratione
885 1397 1074 1462 dedicationis

57 1487 270 1568 impensor-mm
302 1482 462 1567 [mulieri]
489 1483 638 1547 debeatur.
687 1504 750 1549 moa
777 1489 879 1549 autem
906 1485 985 1548 idem
1013 1486 1073 1568 ias,

57 1572 184 1657 (qaod)
206 1573 324 1637 servari
345 1572 428 1636 debet
449 1591 486 1635 em
508 1576 682 1636 testamento
704 1575 855 1656 extramei,
877 1579 1016 1639 serrator
1039 1575 1074 1639 im

58 1666 235 1728 testamento
266 1661 340 1740 oiri,
371 1661 426 1742 qai
452 1662 550 1725 dotem
581 1662 674 1724 maort
703 1662 856 1743 retepaoit.
910 1662 960 1726 trie
990 1664 1073 1726 em'm

58 1750 231 1816 taxationis
258 1750 321 1814 tooo
347 1748 519 1813 leobardum
546 1755 589 1812 est
615 1749 775 1831 ‘quidam'd
795 1752 838 1815 ad
860 1750 1072 1833 teperoerrit';

58 1839 125 1905 eilia
146 1843 257 1916 autem,
280 1838 332 1902 abi
353 1839 402 1901 oir
422 1838 515 1901 mrorr'
533 1837 653 1920 retepat
676 1839 711 1902 id
727 1839 845 1903 videtur
864 1839 970 1923 tepore,
993 1841 1075 1922 qood

61 1929 97 1992 iri
115 1928 231 1992 iadioio
254 1927 300 1989 rei
323 1922 471 1990 uxoriae²
493 1927 605 1990 matter
626 1932 823 1991 ooaseoatara
843 1926 948 2007 faerit.

150 2015 202 2080 39.
231 2013 269 2078 D.
284 2014 337 2096 29,
350 2015 380 2094 4,
399 2016 447 2078 11.
488 2014 657 2078 Iavolenus
679 2016 762 2078 libro
782 2015 920 2099 septimo
941 2015 1073 2098 Epistu-

59 2105 176 2169 larum.
206 2140 249 2148 -
277 2103 314 2168 st
341 2103 380 2166 ab
403 2104 541 2168 iristitato
564 2109 593 2167 et
613 2104 773 2168 substituto
797 2105 901 2168 eadem
923 2123 973 2167 res
995 2104 1073 2168 mitri

59 2194 163 2276 lemma
189 2193 231 2257 sit
257 2197 285 2256 et
311 2193 425 2256 omissa
452 2213 547 2256 caasa
569 2194 739 2257 testamenti
760 2192 954 2257 hereditatem
972 2195 1072 2276 possi·

59 2284 157 2348 deant
187 2281 261 2365 tepe,
291 2281 413 2345 etiamsi
443 2281 482 2344 ab
512 2285 639 2363 atroque
669 2282 801 2346 solidam
832 2280 912 2345 mitri
942 2281 1072 2364 debetur,

58 2377 164 2436 tamea
191 2371 229 2434 ab
257 2390 320 2434 aaa
349 2369 480 2452 tepotom
507 2374 680 2434 cameratas
706 2371 745 2435 ab
772 2370 868 2435 aliero
884 2374 987 2452 petere
1009 2391 1073 2434 aaa

53 2465 180 2541 potero;
203 2458 310 2541 etipere
332 2459 435 2539 itaque
456 2479 542 2522 ream
558 2463 674 2540 potero.

406 2634 456 2699 De
477 2637 726 2718 fideicommissis.

150 2749 202 2813 40.
235 2748 274 2814 D.
293 2752 350 2835 33,
370 2753 402 2830 1,
425 2751 475 2815 15.
524 2749 648 2816 Valens
679 2751 764 2814 libro
798 2751 936 2834 septimo
970 2749 1071 2814 Fidei·

58 2840 308 2904 commissorum
334 2837 383 2926 (P.
402 2835 469 2925 22).
495 2876 533 2886 -
558 2839 729 2904 Iavolenus
753 2861 835 2921 eum,
858 2838 914 2923 qui
937 2843 1070 2923 rogatus

58 2932 137 3012 post
160 2928 269 2992 decem
291 2949 393 2991 annos
416 2931 585 2992 restituere
613 2929 781 3012 pecuniam
805 2932 881 2992 ente
909 2928 994 2992 diem
1022 2950 1072 2992 re-

60 3018 230 3096 stituerat,
262 3016 441 3100 respondit,
480 3018 507 3080 si
539 3024 671 3100 propter
703 3018 859 3101 capientis
891 3038 1070 3100 personam,

60 3105 239 3189 quadram
263 3104 456 3169 familiarem
478 3106 562 3168 tueri
586 3127 651 3169 non
673 3110 798 3189 posset,
822 3107 855 3168 in
879 3105 1071 3168 diem'fidei-

60 3193 270 3259 commissum
290 3194 436 3257 relietum
455 3195 608 3276 probetur
627 3199 659 3257 et
677 3194 843 3276 perditura
869 3193 898 3257 ei
922 3193 954 3256 id
977 3193 1070 3256 heres

61 3286 139 3346 ente
172 3281 257 3347 diem
290 3281 498 3363 restituisset,
534 3283 623 3345 nullo
656 3283 751 3347 modo
784 3284 955 3346 liberatum
985 3293 1071 3362 'esse3

61 3369 150 3456 quod
177 3370 206 3435 si
232 3374 360 3454 tempus
392 3371 519 3435 heredis
547 3392 643 3436 causa
670 3374 882 3456 prorogatum
909 3374 1008 3454 esset,
1035 3375 1071 3434 ut

135 3542 148 3590 1
169 3535 217 3592 Fr.
237 3536 311 3592 dote.
384 3542 400 3590 2
420 3536 468 3591 Fr.
486 3534 572 3591 dotis.
