2430 3944
160 185 225 248 222
248 185 295 240 IV.
311 184 527 240 VESPASIANI
541 185 615 239 TITI
628 185 824 240 DOMITIANI
838 187 946 241 TEMP.
960 185 1059 242 IURIS
1074 186 1178 243 CONS.

160 348 290 429 scribit'3
314 354 448 413 Neratii:
472 353 507 411 D.
525 355 575 427 18,
592 358 619 425 1,
635 356 676 414 57
697 348 852 415 Neratius
870 348 936 414 ait'.
901 355 1008 414 t.D
1023 351 1077 435 42,
1093 359 1121 431 1,
1136 356 1175 414 21

160 435 276 502 ‘t'Ners
255 447 316 501 trus
353 436 479 502 scribit'.
535 445 572 502 cf.
601 443 636 502 D
661 446 713 518 35,
739 447 766 516 1,
785 446 837 516 43,
858 446 876 502 2
910 437 1067 503 Neratius
1099 402 1177 504 libro

158 532 256 606 primo
284 532 508 607 Responsorum
536 526 667 609 scribit'3
695 531 866 608 Pomponii:
893 531 929 591 D.
951 535 1001 608 12,
1022 534 1052 608 5,
1073 536 1102 593 9.
1126 535 1176 606 41,

161 623 189 697 1,
208 621 249 679 49
280 614 474 696 ‘Pomponius
508 614 633 679 scribit'.
683 621 721 680 D.
739 623 790 698 41,
813 624 840 693 1,
860 623 949 693 48,1
979 615 1177 698 ‘Pomponius

158 708 322 769 verendum
353 703 413 768 ne'.
465 709 502 766 D.
522 712 550 785 9,
569 711 600 785 4,
620 712 660 770 31
700 704 794 787 ‘quod
826 711 1009 785 Pomponius
1045 704 1175 787 probat'.

158 799 194 857 D.
205 799 257 872 45,
270 801 297 876 1,
309 801 360 876 91,
371 800 400 856 4.
413 800 431 858 5
447 791 627 873 ‘Pomponio
642 846 648 858 .
664 841 671 856 .
686 792 804 874 placet'.
842 793 1037 874 ‘Pomponius
1051 790 1175 880 putat'),

158 887 188 945 iu
220 887 313 946 rebus
345 888 525 946 collocandis
559 889 590 946 11
617 906 636 946 1
663 888 828 963 Pomponio
857 891 888 948 11
917 906 935 946 1
961 888 1106 948 Iauoleno
1133 888 1177 947 111

158 976 284 1053 recedit,
315 980 351 1035 ut
382 979 491 1034 neuter
517 977 593 1035 iuris
620 977 773 1036 honorarii
801 976 949 1036 institutis
976 976 1173 1053 principalem

158 1065 259 1125 locum
281 1064 421 1125 videatur
444 1065 621 1142 assignasse.
668 1065 867 1141 Pomponium
890 1067 983 1143 enim,
1007 1066 1061 1143 qui
1084 1066 1174 1126 libros

158 1153 196 1212 ad
227 1153 383 1212 Plautium
412 1153 525 1212 Iuliani
552 1153 748 1231 Digestorum
779 1154 856 1214 libro
884 1153 970 1213 XLII
1001 1154 1063 1212 iam
1095 1154 1175 1213 edito

157 1241 326 1317 composuit
343 1241 557 1319 Iulianumque
581 1243 700 1319 saepius
722 1243 828 1303 laudat
847 1237 896 1325 (D.
914 1245 964 1314 21,
980 1245 1009 1314 3,
1024 1244 1054 1303 2.
1081 1244 1174 1319 17,1,

158 1333 252 1405 47pr.
276 1333 327 1390 46.
344 1334 373 1407 8,
390 1333 440 1391 16.
464 1332 516 1410 40,
531 1333 561 1409 4,
577 1335 619 1392 40
627 1351 671 1407 pr.
699 1334 748 1410 12,
765 1335 832 1409 1,8.
852 1335 966 1409 31,11,
979 1327 1023 1411 1),
1043 1332 1174 1391 edictum

156 1422 337 1495 perpetuum
366 1439 384 1477 a
405 1420 525 1480 Iuliano
554 1421 739 1499 ordinatum,
767 1422 804 1480 ad
829 1421 913 1480 cuius
937 1420 1073 1479 ordinem
1096 1421 1173 1480 idem

157 1508 352 1584 Digestorum
376 1509 470 1568 libros
489 1509 651 1568 I-LVIII
675 1510 849 1589 composuit,
872 1512 973 1568 tamen
996 1509 1028 1567 in
1048 1509 1174 1586 siugulis

157 1597 247 1656 rebus
267 1616 328 1656 non
346 1602 484 1657 secutum
503 1616 568 1658 esse
588 1602 727 1676 apparct3
752 1599 925 1660 Iauolenum
946 1600 1051 1657 autem
1069 1597 1174 1658 librol

157 1685 193 1744 11
215 1681 327 1764 legatis
352 1687 520 1789 disputasse
544 1689 670 1747 constat

247 1776 360 1834 Eorum
406 1775 543 1850 inprimis
589 1776 800 1835 institutorum
845 1744 993 1836 rationem
1036 1775 1173 1834 Plautius

156 1863 277 1939 habuit,
305 1883 383 1942 quae
411 1865 486 1924 iuris
509 1865 606 1925 civilis
631 1868 715 1924 sunt.
743 1865 911 1943 legatorum
935 1856 987 1945 (de
1010 1863 1122 1941 quibus
1145 1866 1174 1922 e

155 1910 316 2012 Iavolerius
336 1953 413 2013 libro
432 1953 456 2029 Ι,
475 1954 659 2030 Pomponius
677 1953 754 2013 libro
772 1952 837 2031 VH,
856 1953 969 2012 Paulus
987 1952 1075 2012 librIs
1090 1951 1174 2030 VllI,

155 2041 208 2118 IX,
231 2042 275 2100 XI
298 2045 330 2100 et
348 2042 407 2101 XII
431 2043 616 2118 scripserunt
634 2046 665 2102 et
682 2043 796 2102 Plautii
815 2042 910 2118 ipsius
928 2041 1075 2100 nonnulla
1092 2042 1174 2119 frag·

155 2134 258 2190 menta
290 2131 405 2190 tradita
438 2125 536 2209 sunt),
568 2132 643 2191 iuris
676 2132 791 2191 dotium
825 2123 876 2213 (11
909 2150 968 2208 quo
996 2148 1058 2190 non
1086 2130 1173 2190 modo

156 2218 341 2295 Pomponius
373 2221 392 2278 l.
412 2219 456 2276 IV
488 2224 519 2279 et
546 2220 659 2279 Paulus
686 2221 705 2279 l.
726 2220 770 2279 VI
797 2219 965 2298 disputant,
999 2219 1053 2278 sed
1081 2220 1174 2278 ctiam

155 2306 270 2366 Plautii
303 2309 507 2385 lragmentum
538 2300 665 2388 exstat),
703 2310 883 2369 servitutum
916 2302 967 2390 (de
1000 2306 1111 2383 quibus
1144 2311 1176 2366 et

155 2395 275 2455 Neratii
298 2415 392 2454 unum
415 2398 619 2475 fragmentum
637 2401 684 2457 est
702 2401 733 2456 et
751 2398 910 2457 Iavolenus
928 2397 1051 2457 videtur
1070 2397 1174 2473 dispu-

155 2488 236 2543 tasse
263 2485 341 2543 libro
363 2477 438 2567 III),
467 2486 626 2561 emptionis
649 2486 831 2547 venditionis
854 2479 906 2566 (11
930 2504 989 2562 qua
1011 2485 1174 2545 Iavolenus

155 2573 175 2631 l.
193 2573 235 2648 II,
258 2573 371 2633 Paulus
395 2575 415 2634 l.
429 2574 458 2631 V
481 2567 661 2657 disputant).
707 2576 782 2634 iuris
806 2594 924 2652 quoque
948 2575 1102 2634 honorarii
1126 2593 1173 2634 ac·

155 2666 311 2721 cesserunt
328 2663 471 2723 institute
485 2665 640 2741 quaedam.
672 2667 753 2724 certe
773 2665 808 2723 11
822 2665 969 2723 bonorum
983 2663 1173 2739 possessione

156 2754 277 2809 contra
293 2753 414 2812 tabulas
447 2753 536 2830 dixit,
569 2753 604 2810 11
632 2753 735 2812 damni
761 2752 865 2812 infecti
892 2752 1103 2829 stipulatione,
1136 2753 1172 2811 de

156 2839 326 2900 actionibus
350 2841 504 2902 institoria
527 2843 558 2899 11
581 2842 617 2900 11
640 2841 766 2917 peculio.
812 2845 853 2918 at,
875 2841 907 2900 id
930 2840 1011 2918 quod
1032 2841 1174 2919 Krueger

155 2947 183 3002 p.
209 2929 270 2986 131
306 2932 337 2987 et
371 2931 433 2990 159
467 2930 591 3008 statuit,
621 2930 697 2989 iuris
729 2930 882 2989 honorarii
913 2929 1064 2989 institutis
1096 2930 1171 2988 iuris

156 3016 252 3076 civilis
279 3018 420 3078 instituta
446 3019 619 3095 appendicis
642 3019 729 3078 modo
754 3018 857 3078 addita
879 3036 958 3093 esso,
985 3019 1076 3078 rebus
1098 3017 1171 3094 ipsis

155 3124 215 3165 non
238 3107 396 3167 convenire
420 3113 502 3183 puto.

245 3193 338 3264 Quem
357 3216 460 3255 rerum
479 3196 612 3256 ordinem
631 3196 770 3255 Plautius
791 3199 912 3255 secutus
927 3197 976 3268 111,
996 3196 1022 3254 11
1040 3196 1169 3269 omnino,

154 3391 241 3448 posse
274 3377 409 3450 apparet.
458 3374 618 3435 Iavolenus
651 3377 753 3433 autem
784 3374 881 3450 primo
914 3374 991 3434 libro
1024 3375 1101 3434 dixit
1133 3374 1170 3433 de

154 3462 273 3539 legatis,
297 3462 426 3522 secundo
449 3463 485 3521 de
509 3462 649 3522 libertate
668 3463 774 3521 relicta
792 3465 824 3522 et
842 3463 878 3520 de
897 3465 1049 3538 emptione
1067 3463 1168 3524 rendi-

154 3551 234 3609 tione
272 3550 448 3610 hereditatis
480 3543 531 3633 (D.
552 3554 602 3629 12,
623 3555 651 3630 6,
670 3554 720 3612 45.
751 3554 801 3626 18,
822 3554 900 3630 4,8,
922 3545 978 3634 10)
1015 3557 1046 3613 11
1084 3552 1166 3613 fundi
