2430 3944
461 175 486 224 3.
504 168 668 224 MINICIUS
1007 171 1072 236 283

57 335 167 395 biteris
200 336 319 396 nomine
352 336 528 397 vindicando
556 341 765 415 consequetur.
816 339 868 398 sed
895 339 921 398 si
947 340 1074 415 pecunia

57 444 117 485 non
147 427 247 484 exstat
274 429 305 484 et
331 426 440 484 mulier
466 426 645 502 locupletior
667 430 747 486 facta
770 430 829 500 est,
857 428 983 488 maritus
1006 448 1073 488 eam

58 516 156 590 petet;
179 512 369 591 intellegitur
388 515 467 574 enim
486 533 522 574 ex
539 534 571 573 re
591 515 694 575 mariti
711 515 890 592 locupletior
907 517 988 576 facta
1007 535 1073 577 esse

58 603 178 681 mulier,
192 603 333 679 quoniam
348 603 465 663 debitor
479 604 540 663 doli
554 605 627 662 mali
642 605 814 680 exceptione
829 623 860 664 se
874 605 954 664 tueri
963 608 1071 682 potest.

311 774 361 840 Dc
382 775 631 858 stipubrtioaobus
646 777 824 857 praetoriis.

147 882 200 948 29.
225 879 264 945 D.
273 883 304 966 3,
315 882 345 967 3,
356 881 406 947 76.
438 881 527 946 Idem
542 879 601 969 (sc.
616 879 777 969 Iulianus)
796 883 880 948 libro
900 883 1012 967 quinto
1033 883 1073 947 ad

59 969 227 1036 Minicium
246 967 396 1056 (Pers).
417 1006 455 1017 —
478 970 584 1036 Titius
603 992 676 1036 oum
695 972 862 1037 absentem
880 971 1073 1055 defenderet,

60 1059 229 1124 satisdedit
252 1062 285 1124 et
307 1061 398 1143 prius
418 1082 514 1144 quam
532 1059 687 1124 indicium
706 1059 866 1145 acciperet
885 1061 981 1125 desiit
999 1082 1072 1126 reue

61 1146 215 1213 solvendo
248 1170 331 1233 esse,
364 1170 461 1232 quam
494 1148 535 1213 ob
568 1170 699 1214 causam
729 1147 877 1214 defensor
904 1149 1074 1215 recusabat

60 1237 212 1301 iudicium
231 1235 265 1300 in
286 1258 319 1301 se
338 1235 428 1300 reddi
447 1239 605 1321 oportere.
643 1259 772 1323 quaere,
791 1259 833 1302 an
849 1239 881 1303 id
896 1239 927 1302 ei
941 1238 1072 1303 concedi

61 1329 216 1409 oporteat.
267 1324 460 1406 [Iulianusi]
490 1325 669 1410 respondit:
697 1325 848 1392 defensor
875 1349 948 1392 cum
977 1328 1073 1391 satis-

61 1414 155 1497 dedit,
179 1414 300 1478 domini
324 1415 395 1479 loco
414 1414 581 1479 habendus
601 1419 659 1479 est.
696 1436 755 1480 nec
774 1416 914 1481 multum
933 1415 963 1478 ei
981 1436 1072 1499 prae·

61 1505 202 1567 staturus
226 1507 277 1567 est
298 1508 439 1586 praetor,
463 1504 491 1566 si
510 1524 583 1568 eum
602 1525 670 1568 non
688 1505 830 1589 coegerit
848 1504 1000 1570 iudicium
1021 1527 1071 1569 oc-

60 1591 174 1675 cipere,
192 1613 265 1656 cum
285 1591 325 1655 ad
343 1589 530 1674 sponsores²
548 1593 617 1657 eius
635 1592 677 1656 iri
694 1593 799 1677 possit
817 1593 901 1657 ethi
917 1593 1072 1678 quidquid

60 1679 295 1763 praestiterint,
319 1702 338 1744 a
361 1680 528 1745 defensore
552 1683 755 1746 consecuturi
779 1682 852 1746 sint.

146 1774 184 1834 of.
208 1791 299 1849 supra
321 1795 350 1850 p.
366 1776 438 1834 274.

146 1874 213 1940 30?
236 1874 275 1939 D.
289 1875 343 1960 46,
357 1876 386 1957 8,
401 1876 452 1941 23.
485 1875 576 1941 Idem
595 1873 651 1962 (sc.
671 1873 830 1961 Iulianus)
849 1876 934 1941 libro
958 1876 1072 1960 quinto

60 1985 96 2028 ex
122 1961 258 2029 Minicio
286 1960 335 2049 (P.
356 1961 446 2051 873).
475 2001 517 2010 -
545 1964 741 2029 Procurator
768 1987 840 2029 cum
868 1968 993 2047 peteret
1018 1986 1072 2049 pe-

60 2055 201 2136 cuniam,
234 2052 406 2118 satisdedit
439 2052 576 2137 amplius
609 2074 673 2118 non
702 2053 782 2137 peti;
816 2057 892 2137 post
919 2052 1073 2118 iudicium

60 2145 225 2225 acceptum
240 2142 355 2220 extitit,
370 2142 425 2227 qui
440 2146 473 2205 et
485 2144 554 2225 ipse
563 2141 788 2225 procuratorio
798 2141 928 2206 nomine
939 2141 1073 2204 eandem

59 2231 228 2314 pecuniam
251 2233 377 2313 peteret
400 2280 407 2294 .
431 2230 612 2313 quaesitum
637 2235 700 2311 est,
724 2252 796 2294 cunr
819 2229 856 2310 is,
879 2230 934 2315 qui
958 2233 1073 2313 postea

58 2322 194 2403 peteret,
202 2322 393 2402 procurator
401 2340 467 2382 non
478 2324 563 2382 esset
572 2323 606 2382 et
615 2324 747 2403 propter
756 2319 818 2382 hoc
829 2318 1072 2401 exceptionibus

58 2406 289 2491 procuratoriis
304 2407 430 2471 excludi
444 2411 563 2491 posset,
577 2429 655 2471 num
669 2404 853 2490 sponsores²
866 2406 984 2490 prioris
999 2428 1072 2490 pro-

59 2494 215 2560 curatoris
238 2499 431 2559 tenerentur.
473 2495 666 2577 [Iulianusl]
690 2495 870 2579 respondit:
894 2495 999 2560 verius
1023 2499 1074 2559 est

58 2605 121 2648 non
151 2583 292 2668 obligari
319 2581 516 2667 sponsores²;
543 2607 622 2648 narn
649 2587 684 2648 in
708 2585 917 2668 stipulatione
942 2588 1073 2648 cavetur

58 2694 121 2737 non
145 2673 324 2757 petiturum
348 2695 434 2757 eum,
458 2672 548 2737 cuius
572 2673 610 2737 de
634 2695 672 2737 ea
694 2695 730 2737 re
754 2673 837 2738 actio
861 2673 977 2756 petitio
1000 2693 1072 2755 per·

60 2761 180 2826 secutio
205 2760 257 2843 sit,
280 2765 313 2824 et
336 2764 443 2825 ratum
466 2761 635 2826 habituros
659 2783 780 2842 omnes,
803 2761 843 2826 ad
864 2782 945 2844 quos
965 2782 1004 2826 ea
1021 2782 1072 2824 res

57 2849 244 2933 pertinebit.
290 2850 344 2914 hic
372 2853 493 2933 autem,
526 2850 582 2933 qni
609 2854 798 2933 procurator
826 2871 891 2914 non
919 2853 982 2933 est,
1013 2871 1072 2914 nec

60 2940 220 3004 actionem
243 2959 302 3002 nec
324 2938 514 3022 petitionem
538 2939 657 3002 habere
681 2938 916 3023 intellegendus
940 2942 998 3002 est.

394 3113 445 3180 De
466 3117 501 3180 ia
524 3136 588 3180 rem
610 3116 735 3181 actione.

146 3221 213 3286 31?
232 3220 271 3285 D.
281 3222 334 3303 40,
346 3221 397 3306 12,
407 3223 458 3287 30.
494 3220 641 3286 Iulianus
658 3221 742 3286 libro
758 3220 871 3306 quinto
886 3242 925 3284 ex
939 3220 1071 3287 Minicio

61 3308 107 3394 (P.
119 3306 208 3396 875).
229 3346 268 3355 —
290 3309 424 3375 Duobus
443 3311 629 3393 petentibus
647 3309 811 3375 hominem
829 3311 863 3373 in
882 3311 1072 3374 servitutem

131 3471 144 3518 1
167 3466 242 3521 Trib.
261 3464 445 3520 fideiussores.

130 3543 146 3590 2
167 3536 242 3590 Trib.
261 3535 444 3590 fideiussores.
