2430 3944
50 202 53 291 ξ
102 206 120 255 1.
128 199 312 254 CARlelUS.
324 231 357 240 -
373 204 398 252 2.
413 199 497 255 Vna.
508 198 701 256 buconius,
712 232 746 241 —
757 208 781 256 3.
793 200 891 256 0000.
901 201 1038 260 NERVA.
1072 207 1093 269 ξ)

50 346 52 353 ’
100 360 213 426 Varium
227 362 400 427 Lucullum
420 363 593 448 aliquando
612 363 787 449 dubitasse,
811 365 867 429 sed
892 366 997 431 verius
1023 388 1092 433 esse

100 472 150 516 non
166 451 296 536 adquiri,
315 451 446 516 etiamsi
464 455 603 517 testator
622 452 662 516 ad
681 473 732 516 me
746 453 904 518 voluisset
922 455 1092 538 pertinere.

504 639 664 646 --—-—.

229 767 270 848 3.
307 773 355 845 Μ.
386 772 608 846 coccinus
635 774 805 846 NERVA
832 773 880 847 M.
908 774 946 846 F.

169 935 205 992 ll.
228 934 345 994 Cocceii
367 935 485 996 Nervae
513 931 595 1013 (ΠΙ
622 957 651 1012 p.
670 928 750 1017 300)
774 935 869 1013 filius,
896 937 984 1011 pater
1006 953 1092 1010 prae-

98 1022 160 1082 toris
189 1023 338 1100 designati
372 1024 442 1083 anni
471 1026 512 1083 65
542 1024 732 1100 eiusdemque
764 1026 872 1100 postea
903 1024 1095 1099 imperatoris

99 1103 325 1190 (Orelli-Hannon
348 1114 449 1189 54333
476 1112 599 1172 Pernice
622 1112 744 1190 Encycl.
767 1132 794 1187 p.
817 1107 904 1190 153),
927 1112 1002 1170 iuris
1026 1131 1094 1172 con-

100 1200 182 1259 sultus
200 1201 252 1278 qui
271 1205 300 1260 at
319 1201 525 1278 respondendo
544 1205 575 1259 et
589 1201 675 1261 libris
690 1200 853 1261 scribendis
868 1219 990 1276 operam
1004 1199 1095 1276 dedit,

100 1287 138 1346 cui
158 1308 174 1348 a
194 1289 321 1365 posteris
346 1283 459 1350 ‘Nerva
481 1284 574 1350 filins'
597 1309 762 1368 cognomen
784 1289 914 1349 inditum
938 1291 993 1349 est.

171 1377 205 1436 In
236 1378 391 1439 sententiis
424 1397 499 1456 quaa
530 1379 708 1455 traduntur,
740 1381 861 1438 secutus
894 1381 941 1438 est
973 1375 1096 1436 Ofilium

101 1456 140 1542 (Ι).
153 1467 199 1542 41,
214 1469 242 1544 2,
258 1470 321 1537 1,3
345 1461 465 1527 ‘Ofilius
489 1512 518 1527 ..
538 1470 569 1527 et
591 1468 693 1528 Nerva
716 1467 798 1527 filius
893 1459 1016 1545 aiunt’),
1039 1466 1096 1525 La·

100 1551 206 1614 baonem
220 1547 448 1635 (D.41,2,3,14
463 1551 576 1617 ‘Labeo
592 1561 623 1616 et
632 1557 734 1616 Nerva
747 1555 828 1615 filius
842 1548 1095 1633 responderunt'),

101 1640 183 1716 ipsum
200 1649 319 1704 secutus
333 1649 379 1704 est
393 1645 529 1722 Pegasus
548 1636 599 1726 (D.
615 1647 643 1719 3,
660 1648 689 1723 2,
704 1648 734 1721 2,
749 1646 768 1704 5
788 1639 937 1721 ‘Pegasus
951 1646 982 1703 et
995 1644 1096 1703 Nerva

102 1727 167 1791 lilius
190 1726 440 1816 responderunt').
485 1733 628 1793 laudatur
660 1753 678 1793 a
707 1732 781 1793 Gaio
814 1732 899 1793 libris
927 1733 964 1791 ds
990 1751 1096 1790 manu-

105 1819 281 1900 missionibus,
305 1841 323 1882 a
346 1821 493 1882 Venuleio
517 1822 603 1882 libris
622 1821 867 1900 stipulationum,
890 1839 909 1880 a
930 1820 1096 1896 Papiniano

104 1905 173 1967 libris
190 1909 409 1987 Quaestionum,
433 1911 565 1970 aPaulo
585 1913 615 1970 et
634 1910 772 1987 Ulpiano,
796 1910 887 1986 idque
905 1910 942 1969 ab
965 1912 1097 1985 utroque

105 1995 175 2056 libris
191 1999 225 2057 ad
243 2000 380 2077 edictum,
401 2000 438 2059 ab
458 1999 588 2077 Ulpiano
602 2003 761 2077 praeterea
779 1999 865 2057 libris
884 1999 922 2057 ad
941 1998 1095 2056 Sabinum.

468 2212 491 2270 Ι.
524 2214 716 2288 Responsa.

177 2335 236 2394 lam
263 2356 355 2396 annos
387 2337 488 2396 decem
517 2339 547 2396 et
575 2339 689 2412 septem
717 2339 772 2395 aut
794 2335 885 2410 paulo
911 2334 980 2409 plus
1008 2334 1098 2392 natus

107 2412 194 2482 ‘lartnr
220 2425 320 2485 Nerva
355 2425 436 2485 filius
474 2429 504 2484 et
540 2425 660 2501 publice
693 2425 728 2484 de
765 2424 831 2483 iure
858 2415 1098 2499 responsitasse'.

105 2507 169 2589 D.3,
184 2516 209 2588 1,
226 2517 252 2590 1,
267 2516 285 2573 3
310 2514 378 2590 Ulp.

504 2613 547 2667 De
565 2613 679 2681 nuptiis.

178 2723 203 2784 1.
228 2721 263 2786 D.
280 2723 309 2803 3,
324 2723 353 2799 2,
368 2723 398 2805 2,
413 2721 443 2786 5.
489 2720 648 2807 Ulpianus
671 2722 757 2786 libro
782 2724 872 2786 sexto
896 2719 936 2785 ad
960 2718 1099 2782 edictum

103 2799 212 2890 (Pili)
227 2807 252 2896 ).
277 2848 314 2857 -
340 2810 407 2875 Eos
431 2813 540 2894 ..qui
568 2814 721 2895 quaestus
745 2831 840 2875 causa
863 2809 897 2873 in
921 2806 1100 2872 certamina

103 2892 293 2979 descendunt,
322 2921 339 2962 e
384 2921 495 2964 omnes
522 2904 656 2984 propter
683 2900 862 2985 praemium
890 2897 926 2961 in
950 2917 1100 2961 scaenam

102 2985 279 3065 prodeuntes
307 2994 450 3053 famosos
479 3009 549 3053 esse
573 2988 716 3072 Pegasus
745 2990 778 3052 et
800 2985 908 3051 Nerva
937 2985 1022 3049 filius
1050 3005 1098 3048 re-

102 3075 290 3155 sponderunt.

476 3179 521 3235 De
537 3180 710 3250 possessione.

172 3292 202 3355 2.
235 3291 274 3354 D.
293 3291 347 3373 41,
361 3290 391 3372 2,
406 3290 436 3373 3,
452 3289 504 3354 17.
548 3289 669 3354 Paulus
697 3289 780 3353 libro
810 3284 1100 3371 quinquagensimo

97 3383 197 3459 quarto
222 3379 264 3443 ad
288 3378 429 3443 edietum
453 3376 500 3463 (P.
515 3375 618 3464 568⁰).
645 3414 683 3424 —
706 3376 815 3442 Labeo
835 3380 868 3441 et
886 3374 995 3440 Nerva
1012 3373 1099 3435 filius

95 3468 322 3551 responderunt
345 3466 487 3531 desinere
511 3488 561 3531 me
584 3466 749 3551 possidere
774 3486 846 3530 aum
866 3463 983 3546 locum,
1006 3479 1101 3543 quem

94 3553 201 3622 flumen
226 3560 285 3621 aut
308 3577 396 3620 mare
420 3555 633 3639 occupaverit.
