<?xml version="1.0" encoding="UTF-8"?>
<!DOCTYPE html PUBLIC "-//W3C//DTD XHTML 1.0 Transitional//EN"
    "http://www.w3.org/TR/xhtml1/DTD/xhtml1-transitional.dtd">
<html xmlns="http://www.w3.org/1999/xhtml" xml:lang="en" lang="en">
 <head>
  <title>
</title>
<meta http-equiv="Content-Type" content="text/html;charset=utf-8" />
  <meta name='ocr-system' content='tesseract 3.04.00' />
  <meta name='ocr-capabilities' content='ocr_page ocr_carea ocr_par ocr_line ocrx_word'/>
</head>
<body>
  <div class='ocr_page' id='page_1' title='image "./iurisprudentiae02bremgoog_0347.png"; bbox 0 0 2430 3944; ppageno 0'>
   <div class='ocr_carea' id='block_1_1' title="bbox 161 140 1140 233">
    <p class='ocr_par' dir='ltr' id='par_1_1' title="bbox 161 140 1140 233">
     <span class='ocr_line' id='line_1_1' title="bbox 161 140 1140 233; baseline -0.002 -10"><span class='ocrx_word' id='word_1_1' title='bbox 161 169 228 233; x_wconf 85' lang='lat'><strong>314</strong></span> <span class='ocrx_word' id='word_1_2' title='bbox 263 168 296 223; x_wconf 78' lang='lat' dir='ltr'><strong>v</strong></span> <span class='ocrx_word' id='word_1_3' title='bbox 315 140 465 223; x_wconf 75' lang='lat' dir='ltr'><strong>nnavnn</strong></span> <span class='ocrx_word' id='word_1_4' title='bbox 484 167 530 222; x_wconf 79' lang='lat' dir='ltr'><strong>nr</strong></span> <span class='ocrx_word' id='word_1_5' title='bbox 549 166 702 223; x_wconf 64' lang='lat' dir='ltr'><strong>retroni</strong></span> <span class='ocrx_word' id='word_1_6' title='bbox 719 166 857 223; x_wconf 54' lang='lat' dir='ltr'><strong>nunni</strong></span> <span class='ocrx_word' id='word_1_7' title='bbox 845 167 941 222; x_wconf 81' lang='lat' dir='ltr'>IURIS</span> <span class='ocrx_word' id='word_1_8' title='bbox 960 166 1140 224; x_wconf 78' lang='lat' dir='ltr'><strong>consumi</strong></span> 
     </span>
    </p>
   </div>
   <div class='ocr_carea' id='block_1_2' title="bbox 152 330 1211 1307">
    <p class='ocr_par' dir='ltr' id='par_1_2' title="bbox 152 330 1211 1307">
     <span class='ocr_line' id='line_1_2' title="bbox 160 330 1211 433; baseline 0 -36"><span class='ocrx_word' id='word_1_9' title='bbox 160 354 198 398; x_wconf 89' lang='lat' dir='ltr'><strong>ca</strong></span> <span class='ocrx_word' id='word_1_10' title='bbox 199 332 344 433; x_wconf 81' lang='lat' dir='ltr'><strong>tionem&gt;</strong></span> <span class='ocrx_word' id='word_1_11' title='bbox 358 332 446 416; x_wconf 82' lang='lat' dir='ltr'><strong>legat</strong></span> <span class='ocrx_word' id='word_1_12' title='bbox 447 353 485 396; x_wconf 90' lang='lat' dir='ltr'><strong>us</strong></span> <span class='ocrx_word' id='word_1_13' title='bbox 500 336 557 395; x_wconf 90' lang='lat' dir='ltr'><strong>ant</strong></span> <span class='ocrx_word' id='word_1_14' title='bbox 558 353 575 395; x_wconf 91' lang='lat' dir='ltr'><strong>e</strong></span> <span class='ocrx_word' id='word_1_15' title='bbox 543 331 658 396; x_wconf 87' lang='lat' dir='ltr'><strong>tadit</strong></span> <span class='ocrx_word' id='word_1_16' title='bbox 644 335 712 396; x_wconf 89' lang='lat' dir='ltr'><strong>tam</strong></span> <span class='ocrx_word' id='word_1_17' title='bbox 723 330 885 396; x_wconf 73' lang='lat' dir='ltr'><strong>hereditat</strong></span> <span class='ocrx_word' id='word_1_18' title='bbox 835 333 937 395; x_wconf 89' lang='lat' dir='ltr'><strong>ttem</strong></span> <span class='ocrx_word' id='word_1_19' title='bbox 948 330 1013 396; x_wconf 83' lang='lat' dir='ltr'><strong>Tit&#39;</strong></span> <span class='ocrx_word' id='word_1_20' title='bbox 987 334 1035 396; x_wconf 86' lang='lat' dir='ltr'><strong>tro</strong></span> <span class='ocrx_word' id='word_1_21' title='bbox 1046 331 1211 397; x_wconf 88' lang='lat' dir='ltr'><strong>furtum</strong></span> 
     </span>
     <span class='ocr_line' id='line_1_3' title="bbox 157 417 1211 505; baseline -0.001 -20"><span class='ocrx_word' id='word_1_22' title='bbox 157 421 246 486; x_wconf 84' lang='lat' dir='ltr'><strong>fecit.</strong></span> <span class='ocrx_word' id='word_1_23' title='bbox 282 419 311 484; x_wconf 91' lang='lat' dir='ltr'><strong>si</strong></span> <span class='ocrx_word' id='word_1_24' title='bbox 330 419 419 484; x_wconf 88' lang='lat' dir='ltr'><strong>adita</strong></span> <span class='ocrx_word' id='word_1_25' title='bbox 437 419 582 485; x_wconf 78' lang='lat' dir='ltr'>heredita</span> <span class='ocrx_word' id='word_1_26' title='bbox 582 417 723 485; x_wconf 82' lang='lat' dir='ltr'><strong>teSeius</strong></span> <span class='ocrx_word' id='word_1_27' title='bbox 742 420 887 505; x_wconf 82' lang='lat' dir='ltr'><strong>legatum</strong></span> <span class='ocrx_word' id='word_1_28' title='bbox 905 419 945 485; x_wconf 89' lang='lat' dir='ltr'><strong>ad</strong></span> <span class='ocrx_word' id='word_1_29' title='bbox 961 443 994 484; x_wconf 94' lang='lat' dir='ltr'><strong>se</strong></span> <span class='ocrx_word' id='word_1_30' title='bbox 1008 421 1171 504; x_wconf 90' lang='lat' dir='ltr'><strong>pertinere</strong></span> <span class='ocrx_word' id='word_1_31' title='bbox 1208 418 1211 475; x_wconf 73' lang='lat' dir='ltr'><strong>i</strong></span> 
     </span>
     <span class='ocr_line' id='line_1_4' title="bbox 156 508 1171 592; baseline 0 -17"><span class='ocrx_word' id='word_1_32' title='bbox 156 509 310 591; x_wconf 87' lang='lat' dir='ltr'><strong>voluerit,</strong></span> <span class='ocrx_word' id='word_1_33' title='bbox 282 508 418 573; x_wconf 89' lang='lat' dir='ltr'><strong>tfurti</strong></span> <span class='ocrx_word' id='word_1_34' title='bbox 441 510 510 573; x_wconf 91' lang='lat' dir='ltr'><strong>eius</strong></span> <span class='ocrx_word' id='word_1_35' title='bbox 534 509 617 574; x_wconf 82' lang='lat' dir='ltr'><strong>servi</strong></span> <span class='ocrx_word' id='word_1_36' title='bbox 642 509 772 574; x_wconf 90' lang='lat' dir='ltr'><strong>nomine</strong></span> <span class='ocrx_word' id='word_1_37' title='bbox 796 512 873 592; x_wconf 85' lang='lat' dir='ltr'><strong>aget</strong></span> <span class='ocrx_word' id='word_1_38' title='bbox 895 531 969 574; x_wconf 90' lang='lat' dir='ltr'><strong>oum</strong></span> <span class='ocrx_word' id='word_1_39' title='bbox 992 530 1030 574; x_wconf 89' lang='lat' dir='ltr'><strong>eo</strong></span> <span class='ocrx_word' id='word_1_40' title='bbox 1055 508 1171 589; x_wconf 84' lang='lat' dir='ltr'><strong>Titius,</strong></span> 
     </span>
     <span class='ocr_line' id='line_1_5' title="bbox 157 596 1172 682; baseline 0 -20"><span class='ocrx_word' id='word_1_41' title='bbox 157 599 233 682; x_wconf 92' lang='lat' dir='ltr'><strong>quia</strong></span> <span class='ocrx_word' id='word_1_42' title='bbox 255 617 359 680; x_wconf 88' lang='lat' dir='ltr'><strong>neque</strong></span> <span class='ocrx_word' id='word_1_43' title='bbox 381 599 467 681; x_wconf 87' lang='lat' dir='ltr'><strong>tunc,</strong></span> <span class='ocrx_word' id='word_1_44' title='bbox 491 619 563 662; x_wconf 91' lang='lat' dir='ltr'><strong>cum</strong></span> <span class='ocrx_word' id='word_1_45' title='bbox 588 597 707 662; x_wconf 84' lang='lat' dir='ltr'><strong>faceret</strong></span> <span class='ocrx_word' id='word_1_46' title='bbox 693 597 912 677; x_wconf 86' lang='lat' dir='ltr'><strong>t&#39;furtum‚</strong></span> <span class='ocrx_word' id='word_1_47' title='bbox 886 619 954 662; x_wconf 86' lang='lat' dir='ltr'><strong>erus</strong></span> <span class='ocrx_word' id='word_1_48' title='bbox 972 596 1046 681; x_wconf 80' lang='lat' dir='ltr'><strong>fuit,</strong></span> <span class='ocrx_word' id='word_1_49' title='bbox 1070 601 1111 680; x_wconf 88' lang='lat' dir='ltr'><strong>et,</strong></span> <span class='ocrx_word' id='word_1_50' title='bbox 1135 601 1172 662; x_wconf 88' lang='lat' dir='ltr'><strong>ut</strong></span> 
     </span>
     <span class='ocr_line' id='line_1_6' title="bbox 155 685 1170 770; baseline 0 -19"><span class='ocrx_word' id='word_1_51' title='bbox 155 686 294 751; x_wconf 84' lang='lat' dir='ltr'><strong>maxime</strong></span> <span class='ocrx_word' id='word_1_52' title='bbox 323 685 395 769; x_wconf 91' lang='lat' dir='ltr'><strong>quis</strong></span> <span class='ocrx_word' id='word_1_53' title='bbox 423 687 600 769; x_wconf 84' lang='lat' dir='ltr'><strong>existimet,</strong></span> <span class='ocrx_word' id='word_1_54' title='bbox 629 687 657 750; x_wconf 92' lang='lat' dir='ltr'><strong>si</strong></span> <span class='ocrx_word' id='word_1_55' title='bbox 685 706 795 750; x_wconf 84' lang='lat' dir='ltr'><strong>servus</strong></span> <span class='ocrx_word' id='word_1_56' title='bbox 823 707 893 750; x_wconf 89' lang='lat' dir='ltr'><strong>esse</strong></span> <span class='ocrx_word' id='word_1_57' title='bbox 921 687 1066 769; x_wconf 89' lang='lat' dir='ltr'><strong>coeperit</strong></span> <span class='ocrx_word' id='word_1_58' title='bbox 1093 687 1170 770; x_wconf 87' lang='lat' dir='ltr'><strong>eius,</strong></span> 
     </span>
     <span class='ocr_line' id='line_1_7' title="bbox 155 773 1169 859; baseline 0 -20"><span class='ocrx_word' id='word_1_59' title='bbox 155 776 207 839; x_wconf 89' lang='lat' dir='ltr'><strong>eui</strong></span> <span class='ocrx_word' id='word_1_60' title='bbox 230 774 352 840; x_wconf 85' lang='lat' dir='ltr'><strong>furtum</strong></span> <span class='ocrx_word' id='word_1_61' title='bbox 374 773 505 859; x_wconf 84' lang='lat' dir='ltr'><strong>fecerat,</strong></span> <span class='ocrx_word' id='word_1_62' title='bbox 528 775 601 840; x_wconf 89' lang='lat' dir='ltr'><strong>tolli</strong></span> <span class='ocrx_word' id='word_1_63' title='bbox 622 774 701 839; x_wconf 88' lang='lat' dir='ltr'><strong>furti</strong></span> <span class='ocrx_word' id='word_1_64' title='bbox 721 774 890 858; x_wconf 74' lang='lat' dir='ltr'><strong>actionem,</strong></span> <span class='ocrx_word' id='word_1_65' title='bbox 913 777 951 839; x_wconf 88' lang='lat' dir='ltr'><strong>ut</strong></span> <span class='ocrx_word' id='word_1_66' title='bbox 968 796 1027 839; x_wconf 88' lang='lat' dir='ltr'><strong>neo</strong></span> <span class='ocrx_word' id='word_1_67' title='bbox 1047 775 1076 840; x_wconf 92' lang='lat' dir='ltr'><strong>si</strong></span> <span class='ocrx_word' id='word_1_68' title='bbox 1096 775 1169 839; x_wconf 91' lang='lat' dir='ltr'><strong>alie·</strong></span> 
     </span>
     <span class='ocr_line' id='line_1_8' title="bbox 154 863 1169 948; baseline 0.001 -21"><span class='ocrx_word' id='word_1_69' title='bbox 154 866 251 928; x_wconf 86' lang='lat' dir='ltr'><strong>natus</strong></span> <span class='ocrx_word' id='word_1_70' title='bbox 271 863 324 946; x_wconf 88' lang='lat' dir='ltr'><strong>sit,</strong></span> <span class='ocrx_word' id='word_1_71' title='bbox 343 863 397 948; x_wconf 82' lang='lat' dir='ltr'><strong>agi</strong></span> <span class='ocrx_word' id='word_1_72' title='bbox 415 864 519 946; x_wconf 89' lang='lat' dir='ltr'><strong>possit</strong></span> <span class='ocrx_word' id='word_1_73' title='bbox 537 885 575 928; x_wconf 93' lang='lat' dir='ltr'><strong>eo</strong></span> <span class='ocrx_word' id='word_1_74' title='bbox 593 863 733 948; x_wconf 88' lang='lat' dir='ltr'><strong>nomine,</strong></span> <span class='ocrx_word' id='word_1_75' title='bbox 751 883 792 927; x_wconf 89' lang='lat' dir='ltr'><strong>ne</strong></span> <span class='ocrx_word' id='word_1_76' title='bbox 810 866 885 947; x_wconf 91' lang='lat' dir='ltr'><strong>post</strong></span> <span class='ocrx_word' id='word_1_77' title='bbox 902 863 1025 928; x_wconf 89' lang='lat' dir='ltr'><strong>aditam</strong></span> <span class='ocrx_word' id='word_1_78' title='bbox 1039 863 1169 948; x_wconf 87' lang='lat' dir='ltr'><strong>quidem</strong></span> 
     </span>
     <span class='ocr_line' id='line_1_9' title="bbox 153 951 1170 1037; baseline -0.001 -20"><span class='ocrx_word' id='word_1_79' title='bbox 153 951 368 1017; x_wconf 84' lang='lat' dir='ltr'><strong>hereditatem</strong></span> <span class='ocrx_word' id='word_1_80' title='bbox 392 951 471 1016; x_wconf 84' lang='lat' dir='ltr'><strong>Titii</strong></span> <span class='ocrx_word' id='word_1_81' title='bbox 498 951 604 1016; x_wconf 84' lang='lat' dir='ltr'><strong>factus</strong></span> <span class='ocrx_word' id='word_1_82' title='bbox 633 955 695 1031; x_wconf 91' lang='lat' dir='ltr'><strong>est,</strong></span> <span class='ocrx_word' id='word_1_83' title='bbox 724 951 799 1035; x_wconf 85' lang='lat' dir='ltr'><strong>quia</strong></span> <span class='ocrx_word' id='word_1_84' title='bbox 822 973 873 1035; x_wconf 90' lang='lat' dir='ltr'><strong>ea,</strong></span> <span class='ocrx_word' id='word_1_85' title='bbox 901 972 983 1036; x_wconf 88' lang='lat' dir='ltr'><strong>quae</strong></span> <span class='ocrx_word' id='word_1_86' title='bbox 1006 952 1170 1037; x_wconf 84' lang='lat' dir='ltr'><strong>legantur,</strong></span> 
     </span>
     <span class='ocr_line' id='line_1_10' title="bbox 152 1040 1169 1125; baseline 0.002 -21"><span class='ocrx_word' id='word_1_87' title='bbox 152 1044 242 1105; x_wconf 88' lang='lat' dir='ltr'><strong>recta</strong></span> <span class='ocrx_word' id='word_1_88' title='bbox 270 1041 323 1105; x_wconf 88' lang='lat' dir='ltr'><strong>via</strong></span> <span class='ocrx_word' id='word_1_89' title='bbox 351 1041 392 1106; x_wconf 90' lang='lat' dir='ltr'><strong>ab</strong></span> <span class='ocrx_word' id='word_1_90' title='bbox 421 1062 458 1105; x_wconf 88' lang='lat' dir='ltr'><strong>eo</strong></span> <span class='ocrx_word' id='word_1_91' title='bbox 486 1041 540 1124; x_wconf 88' lang='lat' dir='ltr'><strong>qui</strong></span> <span class='ocrx_word' id='word_1_92' title='bbox 569 1040 693 1124; x_wconf 84' lang='lat' dir='ltr'><strong>legarit</strong></span> <span class='ocrx_word' id='word_1_93' title='bbox 720 1040 761 1104; x_wconf 91' lang='lat' dir='ltr'><strong>ad</strong></span> <span class='ocrx_word' id='word_1_94' title='bbox 788 1062 860 1104; x_wconf 90' lang='lat' dir='ltr'><strong>eum</strong></span> <span class='ocrx_word' id='word_1_95' title='bbox 884 1041 935 1105; x_wconf 89' lang='lat' dir='ltr'><strong>eui</strong></span> <span class='ocrx_word' id='word_1_96' title='bbox 958 1040 1069 1125; x_wconf 82' lang='lat' dir='ltr'><strong>legata</strong></span> <span class='ocrx_word' id='word_1_97' title='bbox 1093 1045 1169 1106; x_wconf 91' lang='lat' dir='ltr'><strong>sunt</strong></span> 
     </span>
     <span class='ocr_line' id='line_1_11' title="bbox 153 1132 334 1194; baseline 0.006 -1"><span class='ocrx_word' id='word_1_98' title='bbox 153 1132 334 1194; x_wconf 89' lang='lat' dir='ltr'><strong>transeunt.</strong></span> 
     </span>
     <span class='ocr_line' id='line_1_12' title="bbox 219 1222 1101 1307; baseline -0.002 -24"><span class='ocrx_word' id='word_1_99' title='bbox 219 1303 221 1307; x_wconf 85' lang='lat'>.</span> <span class='ocrx_word' id='word_1_100' title='bbox 242 1223 359 1283; x_wconf 88' lang='lat' dir='ltr'><strong>Neratii</strong></span> <span class='ocrx_word' id='word_1_101' title='bbox 381 1223 475 1283; x_wconf 86' lang='lat' dir='ltr'><strong>verba</strong></span> <span class='ocrx_word' id='word_1_102' title='bbox 497 1241 516 1282; x_wconf 87' lang='lat' dir='ltr'><strong>a</strong></span> <span class='ocrx_word' id='word_1_103' title='bbox 539 1222 721 1283; x_wconf 81' lang='lat' dir='ltr'><strong>Tritoniano</strong></span> <span class='ocrx_word' id='word_1_104' title='bbox 744 1222 928 1298; x_wconf 86' lang='lat' dir='ltr'><strong>interpolata</strong></span> <span class='ocrx_word' id='word_1_105' title='bbox 949 1222 1101 1283; x_wconf 82' lang='lat' dir='ltr'><strong>ridentur.</strong></span> 
     </span>
    </p>
   </div>
   <div class='ocr_carea' id='block_1_3' title="bbox 261 1394 1096 1478">
    <p class='ocr_par' dir='ltr' id='par_1_3' title="bbox 261 1394 1096 1478">
     <span class='ocr_line' id='line_1_13' title="bbox 261 1394 1096 1478; baseline -0.001 -18"><span class='ocrx_word' id='word_1_106' title='bbox 261 1394 311 1459; x_wconf 87' lang='lat' dir='ltr'><strong>De</strong></span> <span class='ocrx_word' id='word_1_107' title='bbox 333 1394 426 1460; x_wconf 83' lang='lat' dir='ltr'><strong>solidi</strong></span> <span class='ocrx_word' id='word_1_108' title='bbox 447 1395 615 1478; x_wconf 76' lang='lat' dir='ltr'><strong>capacitate</strong></span> <span class='ocrx_word' id='word_1_109' title='bbox 635 1395 716 1459; x_wconf 81' lang='lat' dir='ltr'><strong>inter</strong></span> <span class='ocrx_word' id='word_1_110' title='bbox 737 1395 841 1460; x_wconf 79' lang='lat' dir='ltr'><strong>ciram</strong></span> <span class='ocrx_word' id='word_1_111' title='bbox 863 1399 892 1460; x_wconf 87' lang='lat' dir='ltr'><strong>et</strong></span> <span class='ocrx_word' id='word_1_112' title='bbox 912 1394 1061 1459; x_wconf 74' lang='lat' dir='ltr'><strong>acrorem?</strong></span> <span class='ocrx_word' id='word_1_113' title='bbox 1094 1425 1096 1430; x_wconf 95' lang='lat'><em>·</em></span> 
     </span>
    </p>
   </div>
   <div class='ocr_carea' id='block_1_4' title="bbox 149 1499 1167 2384">
    <p class='ocr_par' dir='ltr' id='par_1_4' title="bbox 149 1499 1167 2384">
     <span class='ocr_line' id='line_1_14' title="bbox 194 1499 1163 1585; baseline -0.001 -20"><span class='ocrx_word' id='word_1_114' title='bbox 194 1537 197 1545; x_wconf 91' lang='lat'>·</span> <span class='ocrx_word' id='word_1_115' title='bbox 242 1501 273 1565; x_wconf 88' lang='lat'><strong>3.</strong></span> <span class='ocrx_word' id='word_1_116' title='bbox 292 1499 468 1585; x_wconf 82' lang='lat' dir='ltr'>D.50‚5,4.</span> <span class='ocrx_word' id='word_1_117' title='bbox 505 1501 660 1566; x_wconf 82' lang='lat' dir='ltr'><strong>Neratius</strong></span> <span class='ocrx_word' id='word_1_118' title='bbox 677 1501 759 1565; x_wconf 89' lang='lat' dir='ltr'><strong>libro</strong></span> <span class='ocrx_word' id='word_1_119' title='bbox 774 1501 880 1584; x_wconf 89' lang='lat' dir='ltr'><strong>primo</strong></span> <span class='ocrx_word' id='word_1_120' title='bbox 895 1499 1126 1566; x_wconf 86' lang='lat' dir='ltr'><strong>Membranaru</strong></span> <span class='ocrx_word' id='word_1_121' title='bbox 1159 1528 1163 1533; x_wconf 96' lang='lat'>·</span> 
     </span>
     <span class='ocr_line' id='line_1_15' title="bbox 156 1587 1164 1674; baseline 0.002 -22"><span class='ocrx_word' id='word_1_122' title='bbox 156 1625 192 1634; x_wconf 97' lang='lat'><em>-</em></span> <span class='ocrx_word' id='word_1_123' title='bbox 214 1587 356 1672; x_wconf 79' lang='lat' dir='ltr'><strong>Tempus</strong></span> <span class='ocrx_word' id='word_1_124' title='bbox 379 1590 567 1672; x_wconf 86' lang='lat' dir='ltr'><strong>vacationis,</strong></span> <span class='ocrx_word' id='word_1_125' title='bbox 592 1589 677 1674; x_wconf 88' lang='lat' dir='ltr'><strong>quod</strong></span> <span class='ocrx_word' id='word_1_126' title='bbox 700 1589 794 1654; x_wconf 88' lang='lat' dir='ltr'><strong>datur</strong></span> <span class='ocrx_word' id='word_1_127' title='bbox 813 1590 859 1653; x_wconf 91' lang='lat' dir='ltr'><strong>eis</strong></span> <span class='ocrx_word' id='word_1_128' title='bbox 878 1589 934 1673; x_wconf 89' lang='lat' dir='ltr'><strong>qui</strong></span> <span class='ocrx_word' id='word_1_129' title='bbox 952 1589 998 1652; x_wconf 88' lang='lat' dir='ltr'><strong>rei</strong></span> <span class='ocrx_word' id='word_1_130' title='bbox 1017 1590 1164 1672; x_wconf 85' lang='lat' dir='ltr'><strong>publica</strong></span> 
     </span>
     <span class='ocr_line' id='line_1_16' title="bbox 152 1676 1147 1763; baseline 0.002 -21"><span class='ocrx_word' id='word_1_131' title='bbox 152 1698 250 1742; x_wconf 90' lang='lat' dir='ltr'><strong>causa</strong></span> <span class='ocrx_word' id='word_1_132' title='bbox 275 1676 439 1756; x_wconf 77' lang='lat' dir='ltr'><strong>afuerunt·</strong></span> <span class='ocrx_word' id='word_1_133' title='bbox 465 1699 531 1744; x_wconf 90' lang='lat' dir='ltr'><strong>non</strong></span> <span class='ocrx_word' id='word_1_134' title='bbox 555 1700 593 1742; x_wconf 89' lang='lat' dir='ltr'><strong>ex</strong></span> <span class='ocrx_word' id='word_1_135' title='bbox 617 1699 654 1743; x_wconf 93' lang='lat' dir='ltr'><strong>eo</strong></span> <span class='ocrx_word' id='word_1_136' title='bbox 678 1678 730 1742; x_wconf 92' lang='lat' dir='ltr'><strong>die</strong></span> <span class='ocrx_word' id='word_1_137' title='bbox 752 1677 985 1748; x_wconf 89' lang='lat' dir='ltr'><strong>numerandum</strong></span> <span class='ocrx_word' id='word_1_138' title='bbox 1009 1682 1073 1762; x_wconf 91' lang='lat' dir='ltr'><strong>est,</strong></span> <span class='ocrx_word' id='word_1_139' title='bbox 1102 1701 1147 1763; x_wconf 87' lang='lat' dir='ltr'><strong>qu</strong></span> 
     </span>
     <span class='ocr_line' id='line_1_17' title="bbox 153 1765 1155 1851; baseline 0.003 -22"><span class='ocrx_word' id='word_1_140' title='bbox 153 1765 223 1849; x_wconf 90' lang='lat' dir='ltr'><strong>quis</strong></span> <span class='ocrx_word' id='word_1_141' title='bbox 244 1765 356 1830; x_wconf 88' lang='lat' dir='ltr'><strong>abesse</strong></span> <span class='ocrx_word' id='word_1_142' title='bbox 375 1766 480 1851; x_wconf 86' lang='lat' dir='ltr'><strong>desiit,</strong></span> <span class='ocrx_word' id='word_1_143' title='bbox 499 1765 554 1831; x_wconf 88' lang='lat' dir='ltr'><strong>sed</strong></span> <span class='ocrx_word' id='word_1_144' title='bbox 574 1788 648 1832; x_wconf 88' lang='lat' dir='ltr'><strong>eum</strong></span> <span class='ocrx_word' id='word_1_145' title='bbox 667 1766 807 1850; x_wconf 90' lang='lat' dir='ltr'><strong>quodam</strong></span> <span class='ocrx_word' id='word_1_146' title='bbox 825 1766 1010 1831; x_wconf 87' lang='lat' dir='ltr'><strong>laxamento</strong></span> <span class='ocrx_word' id='word_1_147' title='bbox 1024 1767 1155 1832; x_wconf 88' lang='lat' dir='ltr'><strong>itineris</strong></span> 
     </span>
     <span class='ocr_line' id='line_1_18' title="bbox 150 1854 1134 1938; baseline 0.001 -20"><span class='ocrx_word' id='word_1_148' title='bbox 150 1874 254 1938; x_wconf 91' lang='lat' dir='ltr'><strong>neque</strong></span> <span class='ocrx_word' id='word_1_149' title='bbox 283 1854 368 1919; x_wconf 88' lang='lat' dir='ltr'><strong>enim</strong></span> <span class='ocrx_word' id='word_1_150' title='bbox 396 1855 503 1919; x_wconf 90' lang='lat' dir='ltr'><strong>minus</strong></span> <span class='ocrx_word' id='word_1_151' title='bbox 532 1855 646 1920; x_wconf 92' lang='lat' dir='ltr'><strong>abesse</strong></span> <span class='ocrx_word' id='word_1_152' title='bbox 673 1855 719 1919; x_wconf 89' lang='lat' dir='ltr'><strong>rei</strong></span> <span class='ocrx_word' id='word_1_153' title='bbox 746 1854 895 1938; x_wconf 84' lang='lat' dir='ltr'><strong>publicae</strong></span> <span class='ocrx_word' id='word_1_154' title='bbox 919 1876 1017 1919; x_wconf 87' lang='lat' dir='ltr'><strong>causa</strong></span> <span class='ocrx_word' id='word_1_155' title='bbox 1039 1855 1134 1920; x_wconf 91' lang='lat' dir='ltr'><strong>intell</strong></span> 
     </span>
     <span class='ocr_line' id='line_1_19' title="bbox 151 1940 1158 2028; baseline 0.002 -22"><span class='ocrx_word' id='word_1_156' title='bbox 151 1942 274 2027; x_wconf 80' lang='lat' dir='ltr'><strong>gendus</strong></span> <span class='ocrx_word' id='word_1_157' title='bbox 299 1946 358 2027; x_wconf 89' lang='lat' dir='ltr'><strong>est,</strong></span> <span class='ocrx_word' id='word_1_158' title='bbox 381 1944 435 2028; x_wconf 88' lang='lat' dir='ltr'><strong>qui</strong></span> <span class='ocrx_word' id='word_1_159' title='bbox 458 1945 484 2008; x_wconf 84' lang='lat' dir='ltr'><strong>it</strong></span> <span class='ocrx_word' id='word_1_160' title='bbox 505 1940 564 2007; x_wconf 87' lang='lat' dir='ltr'><strong>ad1</strong></span> <span class='ocrx_word' id='word_1_161' title='bbox 587 1944 754 2028; x_wconf 83' lang='lat' dir='ltr'><strong>negotium</strong></span> <span class='ocrx_word' id='word_1_162' title='bbox 778 1943 830 2007; x_wconf 90' lang='lat' dir='ltr'><strong>vel</strong></span> <span class='ocrx_word' id='word_1_163' title='bbox 855 1943 895 2007; x_wconf 92' lang='lat' dir='ltr'><strong>ab</strong></span> <span class='ocrx_word' id='word_1_164' title='bbox 920 1964 957 2007; x_wconf 93' lang='lat' dir='ltr'><strong>eo</strong></span> <span class='ocrx_word' id='word_1_165' title='bbox 981 1944 1158 2009; x_wconf 86' lang='lat' dir='ltr'><strong>revertitur</strong></span> 
     </span>
     <span class='ocr_line' id='line_1_20' title="bbox 152 2031 1164 2116; baseline 0.004 -22"><span class='ocrx_word' id='word_1_166' title='bbox 152 2033 180 2094; x_wconf 94' lang='lat' dir='ltr'><strong>si</strong></span> <span class='ocrx_word' id='word_1_167' title='bbox 208 2031 280 2116; x_wconf 90' lang='lat' dir='ltr'><strong>quis</strong></span> <span class='ocrx_word' id='word_1_168' title='bbox 307 2037 419 2097; x_wconf 89' lang='lat' dir='ltr'><strong>tamen</strong></span> <span class='ocrx_word' id='word_1_169' title='bbox 443 2033 517 2116; x_wconf 88' lang='lat' dir='ltr'><strong>plus</strong></span> <span class='ocrx_word' id='word_1_170' title='bbox 541 2033 627 2097; x_wconf 90' lang='lat' dir='ltr'><strong>iusto</strong></span> <span class='ocrx_word' id='word_1_171' title='bbox 650 2033 808 2116; x_wconf 88' lang='lat' dir='ltr'><strong>temporis</strong></span> <span class='ocrx_word' id='word_1_172' title='bbox 832 2036 888 2095; x_wconf 92' lang='lat' dir='ltr'><strong>aut</strong></span> <span class='ocrx_word' id='word_1_173' title='bbox 910 2031 1026 2096; x_wconf 91' lang='lat' dir='ltr'><strong>itinere</strong></span> <span class='ocrx_word' id='word_1_174' title='bbox 1051 2039 1109 2096; x_wconf 86' lang='lat' dir='ltr'><strong>aut</strong></span> <span class='ocrx_word' id='word_1_175' title='bbox 1131 2033 1164 2098; x_wconf 89' lang='lat' dir='ltr'><strong>i·</strong></span> 
     </span>
     <span class='ocr_line' id='line_1_21' title="bbox 151 2120 1151 2204; baseline 0.004 -21"><span class='ocrx_word' id='word_1_176' title='bbox 151 2120 257 2203; x_wconf 81' lang='lat' dir='ltr'><strong>aliquo</strong></span> <span class='ocrx_word' id='word_1_177' title='bbox 272 2121 343 2186; x_wconf 88' lang='lat' dir='ltr'><strong>loco</strong></span> <span class='ocrx_word' id='word_1_178' title='bbox 360 2124 576 2186; x_wconf 81' lang='lat' dir='ltr'><strong>commoratus</strong></span> <span class='ocrx_word' id='word_1_179' title='bbox 592 2121 836 2204; x_wconf 85' lang='lat' dir='ltr'><strong>consumpserit,</strong></span> <span class='ocrx_word' id='word_1_180' title='bbox 850 2121 898 2184; x_wconf 89' lang='lat' dir='ltr'><strong>ita</strong></span> <span class='ocrx_word' id='word_1_181' title='bbox 912 2141 949 2184; x_wconf 86' lang='lat' dir='ltr'><strong>ea</strong></span> <span class='ocrx_word' id='word_1_182' title='bbox 961 2121 1151 2204; x_wconf 68' lang='lat' dir='ltr'><strong>(absentiad</strong></span> 
     </span>
     <span class='ocr_line' id='line_1_22' title="bbox 150 2208 1149 2293; baseline 0.003 -21"><span class='ocrx_word' id='word_1_183' title='bbox 150 2208 394 2293; x_wconf 85' lang='lat' dir='ltr'><strong>interpretanda</strong></span> <span class='ocrx_word' id='word_1_184' title='bbox 421 2210 492 2292; x_wconf 88' lang='lat' dir='ltr'><strong>erit,</strong></span> <span class='ocrx_word' id='word_1_185' title='bbox 519 2214 556 2274; x_wconf 93' lang='lat' dir='ltr'><strong>ut</strong></span> <span class='ocrx_word' id='word_1_186' title='bbox 584 2231 622 2274; x_wconf 88' lang='lat' dir='ltr'><strong>ex</strong></span> <span class='ocrx_word' id='word_1_187' title='bbox 650 2230 688 2274; x_wconf 90' lang='lat' dir='ltr'><strong>eo</strong></span> <span class='ocrx_word' id='word_1_188' title='bbox 716 2213 863 2293; x_wconf 88' lang='lat' dir='ltr'><strong>tempore</strong></span> <span class='ocrx_word' id='word_1_189' title='bbox 892 2209 1074 2278; x_wconf 82' lang='lat' dir='ltr'><strong>vacationis</strong></span> <span class='ocrx_word' id='word_1_190' title='bbox 1097 2211 1149 2275; x_wconf 91' lang='lat' dir='ltr'><strong>die</strong></span> 
     </span>
     <span class='ocr_line' id='line_1_23' title="bbox 149 2298 1167 2384; baseline 0.004 -24"><span class='ocrx_word' id='word_1_191' title='bbox 149 2299 284 2381; x_wconf 89' lang='lat' dir='ltr'><strong>inoipiat</strong></span> <span class='ocrx_word' id='word_1_192' title='bbox 315 2299 344 2362; x_wconf 90' lang='lat' dir='ltr'><strong>ei</strong></span> <span class='ocrx_word' id='word_1_193' title='bbox 377 2298 498 2381; x_wconf 81' lang='lat' dir='ltr'><strong>cedere,</strong></span> <span class='ocrx_word' id='word_1_194' title='bbox 530 2319 594 2381; x_wconf 93' lang='lat' dir='ltr'><strong>quo</strong></span> <span class='ocrx_word' id='word_1_195' title='bbox 626 2298 690 2362; x_wconf 89' lang='lat' dir='ltr'><strong>iter</strong></span> <span class='ocrx_word' id='word_1_196' title='bbox 728 2319 766 2362; x_wconf 87' lang='lat' dir='ltr'><strong>ex</strong></span> <span class='ocrx_word' id='word_1_197' title='bbox 802 2298 970 2361; x_wconf 85' lang='lat' dir='ltr'><strong>commodo</strong></span> <span class='ocrx_word' id='word_1_198' title='bbox 1008 2319 1167 2384; x_wconf 82' lang='lat' dir='ltr'><strong>peragere</strong></span> 
     </span>
    </p>
   </div>
   <div class='ocr_carea' id='block_1_5' title="bbox 149 2386 470 2558">
    <p class='ocr_par' dir='ltr' id='par_1_5' title="bbox 149 2386 470 2558">
     <span class='ocr_line' id='line_1_24' title="bbox 149 2386 319 2468; baseline -0.006 -18"><span class='ocrx_word' id='word_1_199' title='bbox 149 2386 319 2468; x_wconf 86' lang='lat' dir='ltr'><strong>potuisset.</strong></span> 
     </span>
     <span class='ocr_line' id='line_1_25' title="bbox 239 2479 470 2558; baseline 0.004 -19"><span class='ocrx_word' id='word_1_200' title='bbox 239 2480 276 2539; x_wconf 82' lang='lat' dir='ltr'><strong>cf.</strong></span> <span class='ocrx_word' id='word_1_201' title='bbox 290 2479 360 2556; x_wconf 84' lang='lat' dir='ltr'><strong>Uip.</strong></span> <span class='ocrx_word' id='word_1_202' title='bbox 377 2482 426 2558; x_wconf 80' lang='lat'><strong>15,</strong></span> <span class='ocrx_word' id='word_1_203' title='bbox 444 2482 470 2540; x_wconf 94' lang='lat'><strong>1.</strong></span> 
     </span>
    </p>
   </div>
   <div class='ocr_carea' id='block_1_6' title="bbox 105 2633 1168 3447">
    <p class='ocr_par' dir='ltr' id='par_1_6' title="bbox 105 2633 1168 3447">
     <span class='ocr_line' id='line_1_26' title="bbox 446 2633 868 2717; baseline -0.002 -19"><span class='ocrx_word' id='word_1_204' title='bbox 446 2633 496 2698; x_wconf 88' lang='lat' dir='ltr'><strong>De</strong></span> <span class='ocrx_word' id='word_1_205' title='bbox 512 2633 719 2717; x_wconf 60' lang='lat' dir='ltr'><strong>pignoraticia</strong></span> <span class='ocrx_word' id='word_1_206' title='bbox 740 2634 868 2699; x_wconf 76' lang='lat' dir='ltr'><strong>actione</strong></span> 
     </span>
     <span class='ocr_line' id='line_1_27' title="bbox 237 2736 1167 2824; baseline 0.003 -21"><span class='ocrx_word' id='word_1_207' title='bbox 237 2740 267 2804; x_wconf 85' lang='grc'><strong>4.</strong></span> <span class='ocrx_word' id='word_1_208' title='bbox 296 2739 336 2805; x_wconf 90' lang='grc' dir='ltr'><strong>Ι).</strong></span> <span class='ocrx_word' id='word_1_209' title='bbox 350 2740 403 2823; x_wconf 82' lang='lat'><strong>20,</strong></span> <span class='ocrx_word' id='word_1_210' title='bbox 416 2741 447 2819; x_wconf 79' lang='lat'><strong>2,</strong></span> <span class='ocrx_word' id='word_1_211' title='bbox 461 2741 540 2824; x_wconf 84' lang='lat' dir='ltr'><strong>4pr.</strong></span> <span class='ocrx_word' id='word_1_212' title='bbox 585 2736 737 2804; x_wconf 88' lang='lat' dir='ltr'><strong>Neratius</strong></span> <span class='ocrx_word' id='word_1_213' title='bbox 766 2740 850 2805; x_wconf 88' lang='lat' dir='ltr'><strong>libro</strong></span> <span class='ocrx_word' id='word_1_214' title='bbox 873 2741 980 2824; x_wconf 88' lang='lat' dir='ltr'><strong>primo</strong></span> <span class='ocrx_word' id='word_1_215' title='bbox 1004 2738 1167 2806; x_wconf 85' lang='lat' dir='ltr'><strong>Membra·</strong></span> 
     </span>
     <span class='ocr_line' id='line_1_28' title="bbox 148 2828 1166 2913; baseline 0.004 -22"><span class='ocrx_word' id='word_1_216' title='bbox 148 2849 271 2892; x_wconf 91' lang='lat' dir='ltr'><strong>narum.</strong></span> <span class='ocrx_word' id='word_1_217' title='bbox 290 2865 334 2874; x_wconf 94' lang='lat'>—</span> <span class='ocrx_word' id='word_1_218' title='bbox 352 2829 402 2893; x_wconf 84' lang='lat' dir='ltr'><strong>Eo</strong></span> <span class='ocrx_word' id='word_1_219' title='bbox 426 2830 494 2893; x_wconf 89' lang='lat' dir='ltr'><strong>iure</strong></span> <span class='ocrx_word' id='word_1_220' title='bbox 518 2828 647 2912; x_wconf 81' lang='lat' dir='ltr'><strong>utimur,</strong></span> <span class='ocrx_word' id='word_1_221' title='bbox 670 2831 706 2892; x_wconf 92' lang='lat' dir='ltr'><strong>ut</strong></span> <span class='ocrx_word' id='word_1_222' title='bbox 729 2848 811 2912; x_wconf 89' lang='lat' dir='ltr'><strong>quae</strong></span> <span class='ocrx_word' id='word_1_223' title='bbox 832 2829 866 2893; x_wconf 93' lang='lat' dir='ltr'><strong>in</strong></span> <span class='ocrx_word' id='word_1_224' title='bbox 885 2828 1019 2913; x_wconf 90' lang='lat' dir='ltr'><strong>praedia</strong></span> <span class='ocrx_word' id='word_1_225' title='bbox 1038 2831 1166 2895; x_wconf 84' lang='lat' dir='ltr'><strong>urbana</strong></span> 
     </span>
     <span class='ocr_line' id='line_1_29' title="bbox 148 2915 1165 3002; baseline 0.005 -24"><span class='ocrx_word' id='word_1_226' title='bbox 148 2915 281 2981; x_wconf 86' lang='lat' dir='ltr'><strong>inducta</strong></span> <span class='ocrx_word' id='word_1_227' title='bbox 307 2917 401 2982; x_wconf 87' lang='lat' dir='ltr'><strong>illata</strong></span> <span class='ocrx_word' id='word_1_228' title='bbox 430 2922 506 2982; x_wconf 90' lang='lat' dir='ltr'><strong>sunt</strong></span> <span class='ocrx_word' id='word_1_229' title='bbox 533 2917 664 3002; x_wconf 81' lang='lat' dir='ltr'><strong>pignori</strong></span> <span class='ocrx_word' id='word_1_230' title='bbox 692 2937 761 2981; x_wconf 88' lang='lat' dir='ltr'><strong>esse</strong></span> <span class='ocrx_word' id='word_1_231' title='bbox 789 2917 976 3000; x_wconf 83' lang='lat' dir='ltr'><strong>credantur,</strong></span> <span class='ocrx_word' id='word_1_232' title='bbox 1009 2918 1104 3002; x_wconf 89' lang='lat' dir='ltr'><strong>quasi</strong></span> <span class='ocrx_word' id='word_1_233' title='bbox 1131 2919 1165 2984; x_wconf 90' lang='lat' dir='ltr'><strong>id</strong></span> 
     </span>
     <span class='ocr_line' id='line_1_30' title="bbox 147 3005 1165 3090; baseline 0.006 -22"><span class='ocrx_word' id='word_1_234' title='bbox 147 3006 245 3069; x_wconf 88' lang='lat' dir='ltr'><strong>tacite</strong></span> <span class='ocrx_word' id='word_1_235' title='bbox 265 3007 459 3070; x_wconf 88' lang='lat' dir='ltr'><strong>convenerit.</strong></span> <span class='ocrx_word' id='word_1_236' title='bbox 487 3006 521 3069; x_wconf 90' lang='lat' dir='ltr'><strong>in</strong></span> <span class='ocrx_word' id='word_1_237' title='bbox 536 3006 665 3071; x_wconf 88' lang='lat' dir='ltr'><strong>rusticis</strong></span> <span class='ocrx_word' id='word_1_238' title='bbox 679 3005 820 3090; x_wconf 90' lang='lat' dir='ltr'><strong>praediis</strong></span> <span class='ocrx_word' id='word_1_239' title='bbox 836 3008 948 3071; x_wconf 89' lang='lat' dir='ltr'><strong>contra</strong></span> <span class='ocrx_word' id='word_1_240' title='bbox 962 3005 1165 3074; x_wconf 82' lang='lat' dir='ltr'><strong>observatur.</strong></span> 
     </span>
     <span class='ocr_line' id='line_1_31' title="bbox 237 3092 1165 3179; baseline 0.004 -21"><span class='ocrx_word' id='word_1_241' title='bbox 237 3093 267 3158; x_wconf 83' lang='lat'><strong>5.</strong></span> <span class='ocrx_word' id='word_1_242' title='bbox 291 3092 330 3159; x_wconf 90' lang='lat' dir='ltr'><strong>D.</strong></span> <span class='ocrx_word' id='word_1_243' title='bbox 344 3094 421 3159; x_wconf 90' lang='lat' dir='ltr'><strong>ibid.</strong></span> <span class='ocrx_word' id='word_1_244' title='bbox 436 3097 456 3175; x_wconf 62' lang='grc' dir='ltr'>ᾖ</span> <span class='ocrx_word' id='word_1_245' title='bbox 472 3096 499 3160; x_wconf 94' lang='grc'><strong>1.</strong></span> <span class='ocrx_word' id='word_1_246' title='bbox 522 3130 559 3141; x_wconf 97' lang='grc'>-</span> <span class='ocrx_word' id='word_1_247' title='bbox 582 3092 717 3158; x_wconf 85' lang='lat' dir='ltr'><strong>Stabula</strong></span> <span class='ocrx_word' id='word_1_248' title='bbox 736 3116 818 3179; x_wconf 91' lang='lat' dir='ltr'><strong>quae</strong></span> <span class='ocrx_word' id='word_1_249' title='bbox 841 3116 908 3159; x_wconf 96' lang='lat' dir='ltr'><strong>non</strong></span> <span class='ocrx_word' id='word_1_250' title='bbox 933 3097 1009 3158; x_wconf 91' lang='lat' dir='ltr'><strong>sunt</strong></span> <span class='ocrx_word' id='word_1_251' title='bbox 1031 3095 1068 3159; x_wconf 94' lang='lat' dir='ltr'><strong>in</strong></span> <span class='ocrx_word' id='word_1_252' title='bbox 1088 3117 1165 3161; x_wconf 91' lang='lat' dir='ltr'><strong>oon·</strong></span> 
     </span>
     <span class='ocr_line' id='line_1_32' title="bbox 148 3182 1164 3267; baseline 0.006 -22"><span class='ocrx_word' id='word_1_253' title='bbox 148 3182 328 3247; x_wconf 88' lang='lat' dir='ltr'><strong>tinentibus</strong></span> <span class='ocrx_word' id='word_1_254' title='bbox 359 3182 521 3266; x_wconf 86' lang='lat' dir='ltr'><strong>aedificiis,</strong></span> <span class='ocrx_word' id='word_1_255' title='bbox 550 3205 685 3267; x_wconf 89' lang='lat' dir='ltr'><strong>quorum</strong></span> <span class='ocrx_word' id='word_1_256' title='bbox 718 3182 923 3266; x_wconf 89' lang='lat' dir='ltr'><strong>praediorum</strong></span> <span class='ocrx_word' id='word_1_257' title='bbox 957 3205 996 3247; x_wconf 88' lang='lat' dir='ltr'><strong>ea</strong></span> <span class='ocrx_word' id='word_1_258' title='bbox 1027 3204 1164 3251; x_wconf 88' lang='lat' dir='ltr'><strong>numero</strong></span> 
     </span>
     <span class='ocr_line' id='line_1_33' title="bbox 146 3269 1163 3355; baseline 0.005 -21"><span class='ocrx_word' id='word_1_259' title='bbox 146 3269 298 3336; x_wconf 89' lang='lat' dir='ltr'><strong>habenda</strong></span> <span class='ocrx_word' id='word_1_260' title='bbox 321 3273 396 3354; x_wconf 80' lang='lat' dir='ltr'><strong>sint,</strong></span> <span class='ocrx_word' id='word_1_261' title='bbox 422 3271 564 3337; x_wconf 84' lang='lat' dir='ltr'><strong>dubitari</strong></span> <span class='ocrx_word' id='word_1_262' title='bbox 588 3275 703 3355; x_wconf 89' lang='lat' dir='ltr'><strong>potest.</strong></span> <span class='ocrx_word' id='word_1_263' title='bbox 752 3276 785 3336; x_wconf 84' lang='lat' dir='ltr'><strong>et</strong></span> <span class='ocrx_word' id='word_1_264' title='bbox 808 3271 936 3355; x_wconf 89' lang='lat' dir='ltr'><strong>quidem</strong></span> <span class='ocrx_word' id='word_1_265' title='bbox 961 3272 1163 3338; x_wconf 85' lang='lat' dir='ltr'><strong>urbanorum</strong></span> 
     </span>
     <span class='ocr_line' id='line_1_34' title="bbox 105 3358 1168 3447; baseline 0.006 -26"><span class='ocrx_word' id='word_1_266' title='bbox 105 3393 108 3406; x_wconf 90' lang='lat'><strong>·</strong></span> <span class='ocrx_word' id='word_1_267' title='bbox 148 3358 217 3424; x_wconf 90' lang='lat' dir='ltr'><strong>sine</strong></span> <span class='ocrx_word' id='word_1_268' title='bbox 241 3360 338 3425; x_wconf 91' lang='lat' dir='ltr'><strong>dubio</strong></span> <span class='ocrx_word' id='word_1_269' title='bbox 362 3382 428 3424; x_wconf 94' lang='lat' dir='ltr'><strong>non</strong></span> <span class='ocrx_word' id='word_1_270' title='bbox 452 3365 537 3439; x_wconf 83' lang='lat' dir='ltr'><strong>sunt,</strong></span> <span class='ocrx_word' id='word_1_271' title='bbox 561 3381 633 3424; x_wconf 89' lang='lat' dir='ltr'><strong>oum</strong></span> <span class='ocrx_word' id='word_1_272' title='bbox 658 3382 677 3424; x_wconf 90' lang='lat' dir='ltr'><strong>a</strong></span> <span class='ocrx_word' id='word_1_273' title='bbox 700 3359 813 3425; x_wconf 86' lang='lat' dir='ltr'><strong>ceteris</strong></span> <span class='ocrx_word' id='word_1_274' title='bbox 833 3360 988 3425; x_wconf 88' lang='lat' dir='ltr'><strong>aedificiis</strong></span> <span class='ocrx_word' id='word_1_275' title='bbox 1009 3365 1168 3447; x_wconf 39' lang='lat' dir='ltr'><strong>separata,</strong></span> 
     </span>
    </p>
   </div>
   <div class='ocr_carea' id='block_1_7' title="bbox 220 3533 412 3588">
    <p class='ocr_par' dir='ltr' id='par_1_7' title="bbox 220 3533 412 3588">
     <span class='ocr_line' id='line_1_35' title="bbox 220 3533 412 3588; baseline 0.01 -2"><span class='ocrx_word' id='word_1_276' title='bbox 220 3539 234 3586; x_wconf 94' lang='lat'>1</span> <span class='ocrx_word' id='word_1_277' title='bbox 254 3533 301 3588; x_wconf 87' lang='lat' dir='ltr'><strong>Fl.</strong></span> <span class='ocrx_word' id='word_1_278' title='bbox 320 3533 412 3588; x_wconf 88' lang='lat' dir='ltr'><strong>adid.</strong></span> 
     </span>
    </p>
   </div>
   <div class='ocr_carea' id='block_1_8' title="bbox 0 0 1220 3944">
    <p class='ocr_par' dir='ltr' id='par_1_8' title="bbox 0 0 1220 3944">
     <span class='ocr_line' id='line_1_36' title="bbox 0 0 1220 3944; baseline 0 4"><span class='ocrx_word' id='word_1_279' title='bbox 0 0 1220 3944; x_wconf 95' lang='lat' dir='ltr'><strong> </strong></span> 
     </span>
    </p>
   </div>
  </div>
 </body>
</html>
