2430 3944
150 165 217 230 368
256 163 289 220 V.
309 163 460 218 NERVAE
480 162 527 217 ΕΤ
546 162 699 218 TRAIANI
717 161 823 218 ΤΕΜΡ.
841 163 937 218 IURlS
957 162 1138 219 CONSULTI

150 326 293 413 scripsit,
323 329 519 392 testamento
547 327 631 392 liber
659 349 727 393 esse
755 328 877 410 iussus,
906 349 979 392 oum
1009 349 1171 392 annorum

148 417 284 502 triginta
315 419 412 501 esset,
445 419 618 500 antequam
646 416 687 481 ad
716 438 787 481 eam
816 418 958 481 aetatem
984 416 1173 499 perveniret

150 506 179 570 si
200 508 234 569 in
258 505 428 570 metallum
453 505 625 570 damnatus
646 505 690 569 sit
708 527 746 570 ao
763 507 879 588 postea
897 510 1078 588 revocetur,
1100 505 1171 570 sine

150 593 353 660 dubitatione
385 615 458 658 oum
484 593 638 659 libertate
665 594 810 678 legatum
838 592 878 658 ad
906 615 980 658 eum
1007 594 1171 677 pertinere

148 704 253 766 neque
280 683 491 748 metallorum
517 703 622 767 poena
649 682 700 748 ius
728 683 797 748 eius
825 682 958 766 mutari3
986 703 1046 747 nec
1073 683 1172 766 aliud,

149 771 177 836 si
198 770 293 837 heres
316 776 403 837 esset
422 772 483 837 sub
502 771 691 836 condicione
710 770 894 855 institutus3
917 771 1063 836 futurum
1083 770 1171 836 enim

148 882 223 926 enm
247 861 345 926 etiam
368 861 594 928 necessarium.

239 969 267 1033 7.
291 967 330 1033 D.
340 967 393 1052 40,
405 967 496 1051 l,29,
508 967 536 1032 1.
577 967 776 1051 Pomponius
800 966 884 1032 libro
904 970 1019 1031 octavo
1041 965 1170 1032 decimo

149 1056 190 1120 ad
227 1055 385 1131 Quintum
419 1053 563 1132 Mucium
595 1052 645 1140 (P.
668 1052 760 1142 275).
795 1092 833 1103 -
869 1054 1008 1130 Quintus
1040 1053 1170 1120 Mucius

149 1145 278 1210 scribit:
301 1148 396 1230 pater
417 1143 561 1209 familias
579 1144 613 1208 in
632 1147 828 1210 testamento
848 1143 1023 1227 scripserat
1042 1143 1084 1208 ‘si
1101 1144 1170 1209 An·

149 1234 301 1299 dronicus
326 1255 438 1298 servus
461 1255 553 1298 mens
576 1231 687 1298 heredi
707 1255 780 1298 meo
800 1233 926 1298 dederit
944 1233 1063 1317 decem,
1086 1233 1171 1298 liber

148 1322 239 1388 esto'.
281 1322 394 1387 deinde
418 1321 456 1385 de
478 1321 531 1387 his
553 1323 647 1387 bonis
672 1325 823 1407 coeperat
841 1322 1062 1387 controversia
1082 1343 1170 1406 esse3

149 1411 205 1496 qui
233 1433 268 1475 se
296 1412 367 1495 lege
390 1410 541 1475 heredem
565 1410 674 1476 aiebat
697 1432 780 1492 esse,
807 1411 835 1475 is
859 1433 931 1476 eam
954 1410 1171 1476 hereditatem

149 1500 191 1565 ad
215 1521 249 1564 se
272 1498 436 1583 pertinere
460 1498 601 1584 dicebat,
629 1501 724 1584 alter,
747 1499 803 1584 qui
825 1499 1041 1564 hereditatem
1063 1499 1170 1583 possi·

148 1587 256 1672 debat,
273 1587 383 1653 aiebat
400 1592 596 1653 testamento
616 1610 650 1653 se
669 1587 820 1653 heredem
839 1610 918 1653 esse.
951 1587 1075 1653 contra1
1094 1610 1169 1654 eum

150 1676 312 1742 sententia
335 1676 422 1742 diota
440 1683 520 1760 erat,
543 1678 599 1762 qui
617 1679 816 1743 testamento
836 1677 945 1742 aiebat
963 1698 997 1741 se
1016 1676 1170 1742 heredem

149 1787 229 1830 esse.
266 1764 381 1830 deinde
405 1766 611 1831 Andronicus
635 1766 819 1850 quaerebat,
842 1765 870 1830 si
892 1766 957 1849 ipsi
979 1765 1098 1851 viginti
1118 1767 1170 1830 de-

149 1854 264 1937 disset,
297 1854 451 1939 quoniam
483 1855 659 1920 secundum
691 1876 765 1919 eum
797 1855 958 1920 sententia
990 1854 1078 1920 diota
1110 1860 1169 1933 est,

148 1942 319 2008 futurusne
343 1947 429 2009 esset
451 1943 535 2008 liber
557 1966 599 2008 an
622 1943 705 2009 nihil
727 1942 876 2009 videatur
900 1944 1076 2028 sententia,
1104 1966 1170 2028 qua

148 2032 241 2112 vicit,
269 2031 405 2097 adeam
428 2055 497 2097 rem
520 2031 649 2098 valere?
695 2033 887 2117 <respondit
909 2033 1046 2115 valere>
1093 2055 1169 2117 qua

148 2127 283 2206 propter
306 2120 335 2185 si
358 2122 475 2207 viginti
498 2121 609 2186 heredi
631 2121 752 2205 scripto
772 2120 914 2186 dedisset
932 2126 965 2184 et
982 2143 1034 2185 res
1054 2127 1169 2187 eontra

148 2231 370 2292 possessorem
401 2209 544 2275 indicata
576 2215 675 2293 esset,
705 2211 798 2275 illum
832 2211 866 2274 in
900 2210 1056 2274 servitute
1088 2210 1168 2275 fore.

147 2297 258 2363 Labeo
290 2298 365 2380 hoo,
398 2298 484 2383 quod
512 2296 649 2374 Quintus
678 2298 805 2364 Mucius
838 2297 962 2379 scribit,
995 2300 1044 2362 ita
1073 2303 1170 2382 putat

148 2408 261 2452 verum
284 2409 363 2469 esse,
388 2388 417 2451 si
439 2409 473 2451 re
497 2409 574 2452 vera
596 2388 668 2472 lege
692 2387 733 2451 ab
756 2389 911 2452 intestato
935 2386 1030 2452 heres
1053 2387 1116 2452 fuit
1140 2388 1168 2451 is

148 2477 205 2558 qui
232 2477 322 2559 vicit,
351 2498 429 2540 nam
457 2476 485 2540 si
508 2476 628 2540 iniuria
649 2476 764 2541 iudicis
787 2477 892 2541 victus
916 2480 1003 2540 esset
1025 2478 1168 2560 scriptus

148 2586 243 2628 verus
266 2565 360 2630 heres
384 2586 424 2628 ex
446 2568 653 2649 testamento,
677 2563 780 2629 nihilo
800 2564 907 2629 minus
927 2587 999 2630 eum
1019 2566 1167 2648 paruisse

149 2653 333 2718 condicioni
357 2653 388 2717 ei
409 2653 516 2718 dando
540 2657 573 2717 et
596 2654 732 2718 liberum
755 2653 834 2718 fore.
880 2653 936 2718 sed
962 2654 1167 2718 verissimum

149 2746 206 2824 est,
223 2741 308 2824 qnod
324 2746 357 2805 et
372 2741 484 2807 Aristo
500 2739 594 2808 Celso
609 2743 784 2826 rescripsit,
799 2763 893 2826 posse
908 2741 978 2806 dari
991 2743 1166 2825 pecuniam

147 2829 261 2895 heredi
290 2830 330 2894 ab
359 2829 529 2915 intestato,
562 2831 736 2896 secundum
765 2853 859 2916 quem
889 2832 1052 2895 sententia
1081 2831 1168 2897 dicta

148 2921 208 3001 est,
231 2920 384 3003 quoniam
408 2919 461 2983 lex
480 2919 648 2984 duodecim
666 2920 853 2984 tabularum
873 2919 1046 3003 emptionis
1066 2920 1165 2985 verbo

148 3028 278 3072 omnem
310 3007 538 3074 alienationem
570 3010 737 3092 complexa
769 3009 943 3089 videretur,
976 3031 1042 3073 non
1069 3009 1166 3073 inter·

148 3117 232 3180 esse,
260 3118 323 3182 quo
352 3118 468 3182 genere
497 3097 632 3182 quisque
658 3097 807 3163 dominus
831 3097 900 3162 eius
922 3096 1015 3161 fieret
1037 3101 1070 3162 et
1093 3097 1165 3161 ideo

147 3184 234 3250 hunc
249 3208 375 3270 quoque
390 3207 428 3250 ea
442 3186 514 3270 lege
528 3187 697 3269 contineri,
712 3186 886 3251 secundum
896 3207 991 3270 quem
1003 3187 1165 3251 sententia

148 3273 236 3339 diota
259 3279 317 3358 est,
341 3279 373 3339 et
396 3274 534 3339 liberum
557 3274 701 3339 futurum
722 3297 803 3358 eum,
826 3275 881 3360 qui
900 3275 929 3338 ei
948 3273 1092 3339 dedisset
1113 3297 1165 3358 pe·

147 3365 286 3428 cuniam.
331 3363 417 3428 huno
441 3367 565 3447 autem,
591 3363 624 3427 id
649 3368 698 3428 est
720 3385 940 3447 possessorem
963 3363 1165 3445 hereditatis,

221 3546 234 3592 1
255 3536 303 3593 ΡΙ.
318 3517 481 3593 secundum.
