2430 3944
93 175 159 240 468
197 175 232 230 V.
251 171 403 230 NERVAE
422 171 469 226 ET
487 170 640 227 TRAIANI
657 170 765 228 TEMP.
784 169 881 226 IURIS
899 168 1081 226 CONSULTI

391 336 441 401 De
463 335 611 418 emptione
633 334 809 400 venditione.

183 453 213 517 9.
237 452 275 515 D.
293 453 342 533 18,
359 452 388 534 1,
402 451 453 516 64.
489 450 580 514 Idem
596 446 653 535 (so.
668 445 855 535 Iavolenus)
869 449 954 512 libro
969 447 1111 512 secundo

94 541 326 625 Epistularum.
357 576 396 585 —
426 539 561 604 andne
587 539 640 603 iiie
662 544 706 603 est
726 537 804 602 mitri
826 543 854 601 et
878 535 961 602 mm
984 541 1113 618 emptns.

95 650 221 714 quaere,
242 633 347 693 ntrnm
370 630 406 692 in
423 632 546 710 portem
568 647 612 691 on
633 628 669 691 in
692 631 787 691 totnm
808 626 943 691 venditio
965 625 1115 690 consistet

96 739 140 784 on
161 718 242 782 ninii
263 721 366 782 ootnm
388 719 436 782 sit.

185 806 358 888 Respondi:
384 824 552 887 persmom
581 804 659 868 Titii
687 823 874 885 snperooono
901 803 1114 884 omipriendom

90 901 170 979 pnto
192 897 315 976 ideopne
338 896 430 959 totins
450 893 544 974 fundi
560 894 746 975 'emptionem
768 893 812 956 od
832 913 879 956 me
895 893 1063 974 pertinere.

460 1069 510 1135 De
531 1071 749 1135 oommnnione.

189 1186 240 1251 10.
260 1185 302 1250 D.
320 1186 369 1269 10,
383 1187 413 1269 3,
428 1185 480 1249 18.
519 1183 690 1249 Iavolenus
714 1184 797 1248 libro
821 1184 962 1249 seeundo
982 1183 1114 1267 Epistu-

99 1277 214 1341 larum.
235 1311 279 1321 -
309 1274 349 1340 Ut
367 1273 486 1354 fnndns
508 1273 711 1338 iiereditorins
731 1275 829 1353 fnndo
846 1294 910 1338 non
927 1273 1113 1338 hereditario

99 1366 221 1443 seroiot,
245 1364 361 1428 arbiter
383 1363 541 1445 disponere
563 1383 626 1427 non
643 1367 751 1446 potest,
773 1364 848 1444 onio
871 1362 958 1426 odiro
980 1363 1016 1427 id
1036 1362 1115 1443 qnod

98 1454 134 1520 in
160 1453 311 1517 indicinm
337 1451 498 1516 dednotnm
524 1456 568 1516 est
593 1452 731 1516 excedere
750 1455 887 1533 potestas
915 1451 1029 1516 indicis
1054 1470 1114 1515 non

95 1546 203 1625 potest.

383 1627 433 1693 De
454 1629 614 1693 oerbornm
637 1629 825 1711 oblipotione.

193 1743 242 1808 11.
271 1740 422 1829 D.45‚1,
439 1742 511 1808 105.
556 1742 646 1808 Idem
668 1740 727 1830 (so.
750 1739 936 1828 Iavolenus)
960 1743 1047 1808 libro
1071 1764 1113 1807 re·

102 1832 207 1897 eundo
240 1832 471 1916 Epistularum.
507 1868 545 1878 -
579 1831 754 1915 Stipnientns
788 1852 857 1897 snm
888 1831 1033 1898 Damam
1061 1835 1115 1896 md

102 1921 230 1987 Erotem
247 1942 369 1987 seronm
386 1921 467 1986 dori.
503 1941 573 1986 enm
590 1920 731 1986 Domom
748 1922 846 2005 dores,
863 1941 915 2003 epo
934 1942 995 2004 qno
1013 1922 1114 1986 minos

102 2013 277 2096 oooiperem,
294 2012 328 2074 in
347 2030 435 2073 moro
451 2010 518 2091 fni,·
537 2015 677 2075 mortnns
694 2015 739 2075 est
749 2009 866 2074 Domo.
902 2030 946 2074 on
958 2015 1058 2092 pntos
1071 2029 1115 2074 me

103 2121 140 2165 en
162 2101 312 2181 stipniotn
334 2100 483 2164 oetionem
504 2098 635 2163 trabere?

191 2188 376 2269 Respondit:
412 2188 577 2252 seenndnm
610 2189 767 2252 Mossnrii
797 2185 910 2252 Sabini
942 2188 1114 2268 opinionem

97 2283 177 2360 pnto
200 2282 282 2342 temo
300 2276 452 2359 stipniotn
469 2296 557 2358 opere
574 2297 637 2341 non
649 2297 755 2358 posse;
779 2296 853 2340 nom
871 2277 899 2340 is
916 2282 996 2341 reete
1014 2277 1113 2341 eristi·

104 2367 220 2449 mobot,
247 2367 277 2430 si
297 2386 355 2446 per
384 2365 544 2429 debitorem
567 2385 657 2430 moro
677 2385 741 2430 non
762 2369 847 2448 esset,
874 2385 934 2446 qno
956 2366 1064 2431 minns
1085 2365 1116 2429 id

104 2456 185 2536 qnod
206 2454 329 2518 debedat
350 2453 484 2538 solveret,
506 2455 649 2519 continno
672 2475 741 2518 enm
763 2453 859 2518 debito
883 2454 1021 2519 liberari.

196 2543 246 2605 12.
276 2541 315 2605 D.
342 2543 396 2622 16,
411 2543 445 2626 2,
462 2541 511 2607 15.
556 2541 646 2607 Idem
671 2539 729 2629 (so.
748 2540 934 2627 Iavolenus)
960 2543 1046 2608 libro
1071 2563 1114 2606 se·

105 2630 209 2694 eundo
241 2629 475 2713 Epistularum.
504 2667 542 2677 —
576 2630 745 2696 Peenniom
776 2635 854 2696 eerto
886 2632 949 2696 loeo
983 2654 1005 2696 o
1038 2632 1114 2695 Tr'tio

105 2719 178 2783 dori
204 2719 372 2801 stipniotns
397 2740 474 2785 snm.
512 2721 540 2784 is
561 2714 688 2802 petito
714 2740 761 2784 me
787 2740 881 2801 quom
910 2721 939 2784 ei
960 2721 1050 2785 debeo
1066 2740 1115 2803 pe

106 2808 240 2874 onniom.
271 2829 397 2892 qnaero,
429 2829 473 2873 on
498 2808 553 2872 hoe
578 2829 694 2891 quoqne
709 2810 906 2892 pensondnm
927 2809 983 2893 sit,
1011 2807 1116 2891 qnonti

106 2917 175 2960 meo
197 2897 340 2978 interfuit
360 2902 438 2962 eerto
460 2897 523 2962 loeo
545 2899 625 2962 dori.

195 2985 379 3068 Respondit:
411 2987 440 3051 si
468 2986 572 3051 Titine
596 2988 683 3070 petit,
711 3007 779 3050 eom
805 3007 922 3068 qmqne
942 2987 1113 3069 promnion,

106 3093 201 3156 onom
214 3080 292 3139 oerto
307 3075 368 3139 meo
376 3076 531 3156 promisit,
545 3077 580 3139 in
593 3075 864 3158 oompmsotimrem
877 3075 987 3140 dednoi
998 3077 1113 3158 oportet,

106 3164 161 3228 sed
181 3184 250 3228 enm
272 3184 332 3228 sno
349 3185 453 3242 oonso,
475 3165 511 3228 id
526 3169 571 3228 est
586 3169 621 3228 nt
637 3165 719 3228 rotio
735 3164 890 3242 hobeotmr,
914 3166 1026 3246 quanti
1044 3161 1113 3228 Titii

107 3253 283 3334 interfuerit
294 3272 327 3317 eo
341 3253 403 3317 ioeo
416 3272 475 3334 qno
488 3254 659 3318 convenerit
664 3254 831 3336 peenniom
845 3254 917 3317 dori
925 3252 1019 3335 (doto
1031 3249 1112 3335 trit).

196 3355 319 3414 Perniee
332 3347 377 3413 Π2
390 3376 419 3432 p.
435 3356 498 3414 306
513 3375 541 3413 n.
558 3359 590 3413 1:
609 3350 679 3414 ‘mir
698 3355 814 3414 soheint
831 3355 916 3415 nicht
930 3353 1110 3423 zwoifelhatt.

108 3441 174 3501 dass
198 3442 278 3502 diese
297 3444 485 3520 Ertirterung
504 3443 566 3502 sich
584 3445 640 3502 auf
656 3445 703 3502 die
721 3443 1109 3522 Argentarierverhtltnisse

108 3530 227 3592 bezieht
250 3527 313 3594 ...'
