2430 3944
410 176 436 225 n.
454 168 645 224 suncmms
662 167 810 224 cuncus
842 134 850 142 ’
1045 167 1112 231 263

191 337 405 397 huminum
436 337 532 413 igitur
567 337 600 395 in
629 356 690 397 uno
722 355 841 413 quoque
875 339 1009 410 auctore,
1046 336 1114 413 quis

106 425 202 487 Prisci
220 426 340 486 numine
362 425 502 485 videatur
525 424 686 502 designari.

191 514 294 591 Atque
326 514 520 589 Pomponius,
556 513 609 590 qui
639 532 699 573 non
730 513 851 588 quidem
882 512 1029 586 Iauoleni,
1061 514 1113 572 sed

106 602 223 664 Neratii
244 605 276 662 et
289 602 420 662 Fulcinii
438 601 602 662 sententias
620 601 715 674 affert
733 601 765 659 in
778 600 944 660 Enchiridii
960 601 1015 661 illc
1033 601 1113 678 frag·

106 696 206 752 mento
230 691 342 751 celebri
368 694 400 750 et
425 690 520 752 Prisci
545 689 680 750 Iauoleni
707 692 738 749 et
766 689 860 748 Prisci
886 689 1005 748 Neratii
1030 709 1112 749 men-

105 782 217 842 tionem
237 779 321 840 facit
361 777 447 838 libris
469 776 509 837 ac
531 768 676 838 Sabinum
698 776 815 837 Neratii
838 780 869 837 et
891 776 985 837 libros
1007 776 1113 838 laudat

106 861 154 949 (D.
167 869 222 946 41,
237 871 288 946 10,
302 870 321 928 3
341 861 496 926 Neratius
514 860 660 943 scripsit’)
678 871 710 926 et
725 881 869 942 responsa
887 864 982 942 affert,
1005 883 1048 926 en
1067 885 1111 944 gr.

105 956 139 1018 D
152 956 263 1033 3013
288 949 457 1038 (Neratius
479 948 669 1034 respondit’),
693 955 792 1014 etita
814 952 943 1032 quidem,
966 957 1001 1014 nt
1025 954 1111 1030 pleno

106 1063 221 1125 qnoque
239 1044 337 1105 Prisci
353 1043 470 1104 Neratii
487 1043 607 1102 nomine
626 1045 731 1102 utatur
749 1037 799 1122 (D.
814 1045 866 1119 34,
882 1046 911 1122 3,
926 1044 945 1103 8
948 1035 1015 1125 ,3),
1032 1043 1112 1103 unde

105 1134 244 1208 officitur,
267 1150 337 1194 cum
354 1133 563 1209 Epistularum
584 1131 669 1190 libris
692 1131 813 1210 legatur
834 1126 966 1191 Priscus
988 1150 1110 1208 respon·

105 1218 168 1303 lit’,
190 1223 228 1282 de
252 1222 356 1282 eodem
377 1220 503 1280 Neratio
526 1236 691 1281 sermonem
715 1236 786 1280 esse.

187 1308 225 1370 In
252 1310 364 1370 Iuliani
389 1307 567 1388 fragmentis
594 1327 692 1386 neque
716 1308 851 1369 Iauoleni
877 1327 972 1386 neque
994 1310 1112 1369 Neratii

103 1414 197 1478 neque
210 1394 343 1458 Fulcinii
354 1417 463 1458 nomen
476 1397 642 1475 invenitu13
655 1401 689 1457 at
696 1397 815 1457 Neratu
828 1396 949 1475 quidem
963 1397 1111 1458 rationem

104 1486 220 1548 videtur
245 1487 384 1548 Iulianus
409 1486 560 1546 habuisse.
608 1487 681 1546 haec
708 1486 789 1546 enim
815 1486 971 1564 leguntur
1003 1486 1039 1546 D.
1060 1487 1112 1564 19,

105 1581 132 1654 1,
146 1580 199 1646 11,
214 1579 256 1636 13
276 1569 431 1636 ‘Neratius
444 1575 508 1634 ait.
525 1622 531 1634 .
548 1621 554 1633 .
569 1574 622 1633 sed
634 1573 770 1634 Iulianus
785 1622 791 1633 .
806 1622 813 1636 .
829 1620 835 1633 .
849 1570 992 1651 probat'.
1011 1577 1049 1635 D.
1061 1578 1111 1650 14,

104 1668 132 1745 6,
149 1668 222 1742 lpr.
253 1659 475 1724 Neratius...
495 1662 547 1722 ait.
593 1660 672 1722 idem
700 1661 803 1722 Celsus
823 1664 946 1723 ...sed
973 1664 1111 1724 lulianus

102 1749 212 1814 adicit’.
257 1753 294 1813 D.
311 1753 506 1830 15‚1,11,a
525 1745 689 1811 ·‘Neratius
711 1755 744 1811 et
764 1751 866 1812 Nerva
887 1755 1010 1830 putant,
1037 1755 1111 1813 item

102 1842 242 1902 Neratius
257 1887 264 1901 .
279 1889 286 1902 .
302 1889 308 1900 .
324 1840 449 1901 scribit.
464 1832 484 1900 .'
519 1839 622 1917 itaque
644 1838 696 1899 ille
719 1835 800 1915 apud
821 1840 972 1899 Iulianum
990 1842 1110 1902 Priscus

101 1948 167 1990 cum
190 1928 323 2008 Lenelio,
351 1929 403 2006 qui
424 1927 460 1989 D.
476 1928 528 2004 39,
542 1931 572 2006 6,
587 1930 627 1987 31
652 1928 684 1987 in
705 1926 824 1988 Neratii
845 1928 1015 2006 fragmenta
1034 1923 1109 2010 (99)

99 2019 225 2098 recepit,
250 2017 396 2077 Neratius
421 2016 527 2076 haberi
553 2020 665 2093 potest3
693 2015 746 2075 sed
767 2019 888 2076 tantum
911 2015 1107 2077 dubitationis

99 2112 243 2183 remanet,
264 2109 302 2166 ut
323 2105 501 2166 KarlowaI
525 2107 588 2165 693
612 2104 708 2165 Prisci
730 2105 848 2164 nomine
870 2104 926 2165 hoc
949 2105 1015 2165 loco
1039 2103 1108 2164 Pul-

99 2197 209 2256 cinium
232 2193 384 2273 designari
405 2212 492 2270 posse
513 2193 634 2253 iudicet.

188 2284 282 2354 Quem
304 2283 452 2359 Ulpianus
475 2282 570 2342 Prisci
592 2282 712 2342 nominc
740 2282 896 2360 designare
924 2282 1012 2355 velit,
1040 2301 1108 2341 cum

98 2377 129 2433 et
151 2373 327 2433 Iauolenum
350 2375 382 2431 et
403 2370 562 2430 Neratium
584 2373 616 2430 et
637 2368 809 2430 Fulcinium
830 2371 942 2447 ubique
966 2370 1038 2430 solis
1061 2371 1107 2430 his

95 2460 268 2522 nominibus
285 2459 397 2535 laudet,
415 2461 496 2518 certo
514 2459 663 2535 explorari
680 2459 792 2535 nequit
833 2460 865 2518 in
882 2459 1051 2537 fragmento
1071 2478 1108 2519 ex

95 2551 184 2609 lssnis
203 2550 241 2608 ad
256 2547 399 2607 Sabinum
417 2548 575 2623 desumpto
594 2550 625 2606 et
639 2546 791 2624 Stephano
809 2550 932 2607 auctore
950 2547 1107 2609 emendato

96 2631 248 2720 (Priscus
276 2640 308 2696 ct
330 2636 473 2695 Neratius
496 2628 632 2717 putant')
659 2636 756 2695 Prisci
778 2635 889 2695 nomini
911 2636 1013 2712 potius
1035 2635 1107 2694 Ful·

95 2727 210 2786 cinium
229 2743 322 2805 qnam
334 2722 510 2786 Iauolenum
528 2725 649 2784 subesse
662 2722 804 2784 Karlowa
825 2723 846 2783 l.
859 2725 879 2785 l.
898 2724 965 2784 ideo
982 2721 1104 2798 iudicat,

96 2815 178 2893 quod
200 2815 360 2875 Neratium
382 2813 511 2873 Fulcinii
532 2812 680 2872 rationem
702 2812 843 2872 habuisse
865 2811 1011 2871 traditum
1035 2813 1083 2873 sit.

187 2902 224 2962 In
247 2902 334 2963 Pauli
356 2901 532 2978 fragmentis
553 2898 712 2961 Iavolenus
740 2903 830 2978 atque
852 2900 995 2960 Neratius
1018 2901 1106 2960 nudis

95 2992 146 3051 his
164 2991 335 3051 nominibus
355 2990 557 3066 designantur,
576 2986 730 3049 Fulcinius
744 3008 815 3049 vero
829 2989 917 3050 modo
932 2989 1107 3065 simpliciter

93 3073 286 3155 ‘Fulcinius’,
304 3079 392 3139 modo
407 3072 540 3138 ‘Priscus
555 3071 720 3138 Pulcinius’
739 3077 848 3136 dicitur
862 3070 912 3158 (D.
928 3080 979 3155 31,
993 3078 1045 3153 49,
1061 3072 1104 3160 3),

93 3173 134 3228 ut
155 3187 243 3246 quem
265 3161 425 3227 ‘Priscum'
448 3169 591 3241 nominat,
615 3164 742 3226 eundem
762 3166 932 3226 existimare
955 3166 1053 3228 liceat

477 3326 500 3385 I.
525 3324 729 3401 Responsa?

187 3433 315 3492 Fulcinii
341 3450 482 3508 responsa
509 3451 692 3509 quamquam
717 3450 775 3490 nun
802 3430 912 3490 diserte
935 3429 1103 3506 traduntur,

94 3521 177 3579 inter
206 3521 368 3581 sententias
397 3521 460 3579 eins
488 3539 553 3580 esse
579 3522 714 3596 possunt
760 3519 797 3578 cl.
815 3518 851 3577 D.
866 3520 917 3595 39,
933 3521 961 3594 6,
975 3518 1027 3576 43.
1051 3519 1103 3593 43,
