2430 3944
95 169 162 234 520
465 165 743 223 ADDITAMENTA.

212 338 259 396 De
283 338 373 410 lepato
397 353 428 394 co
451 337 526 408 quod
548 337 651 394 uxoris
673 351 765 394 causo
781 339 928 408 paratum
951 340 999 396 est.

187 439 217 503 6.
241 437 281 502 D.
301 438 353 517 32,
375 438 428 519 47,
453 439 481 501 1.
506 434 664 519 Ulpianus
686 436 771 499 libro
794 436 950 501 vicesimo
977 437 1103 502 secundo

98 527 138 592 ad
155 526 320 592 Sabinum.
338 561 377 572 —
392 519 483 589 Inter
496 529 641 608 emptum
661 528 694 589 et
711 528 863 608 paratum
881 525 958 609 quid
972 525 1103 607 interest,

97 617 271 700 quaeritur.
312 619 345 679 et
371 635 563 697 responsum
592 617 642 677 est
669 613 703 677 in
737 619 846 696 empto
870 636 937 678 non
961 615 1102 678 continuo

96 710 247 789 paratum
271 704 385 783 inesse,
407 702 441 765 in
460 707 575 786 parato
596 700 755 786 emptum1
775 702 946 787 contineri,
969 703 1067 768 veluti
1083 702 1103 766 si

97 795 170 878 quis
189 814 271 877 quae
291 791 409 877 prioris
429 793 539 854 uxoris
558 813 657 855 causa
675 791 815 875 emisset,
834 792 1010 875 posteriori
1025 790 1103 856 uxori

96 881 296 964 tradidisset,
320 903 374 944 eas
398 901 450 944 res
474 901 547 943 eum
566 879 758 962 posterioris
778 881 887 944 uxoris
907 903 1007 945 causa
1022 902 1103 966 para

97 971 193 1055 visse,
215 992 280 1034 non
304 969 420 1034 emisse
444 971 578 1033 constat.
836 986 841 996 ·

460 1100 629 1183 Defuncto
653 1101 758 1184 lepoto.

189 1211 217 1273 7.
255 1208 294 1272 Ι).
325 1208 380 1291 31,
416 1209 471 1291 76,
501 1208 531 1272 2.
563 1207 653 1272 Idem
687 1205 745 1292 (so.
776 1207 993 1294 Papinianus)
1034 1209 1103 1272 libro

100 1298 239 1383 septimo
268 1297 520 1379 Responsorum.
544 1333 586 1343 —
611 1296 769 1361 Dominus
796 1296 914 1362 herede
939 1297 1103 1362 fructuario

99 1387 222 1469 scripto
258 1385 394 1450 fundum
432 1385 492 1449 sub
535 1385 723 1450 condicione
765 1386 896 1470 legavit.
939 1386 1103 1452 voluntatis

96 1475 180 1539 ratio
209 1496 275 1538 non
304 1473 441 1558 patitur,
463 1476 501 1537 ut
528 1472 622 1538 heres
650 1495 690 1538 ex
718 1496 815 1539 eausa
842 1475 970 1539 fructus
995 1475 1103 1540 emolu·

97 1566 243 1628 mentum
280 1563 427 1626 retineat.
483 1562 644 1627 diversum
685 1564 720 1627 in
758 1563 873 1627 ceteris
909 1564 1103 1648 praediorum

98 1651 324 1735 servitutibus,
351 1673 432 1735 quas
460 1651 553 1715 heres
581 1651 711 1736 habuit,
739 1673 933 1735 responsum
958 1656 1016 1737 est,
1039 1673 1104 1736 quo

98 1740 188 1803 niam
211 1738 337 1805 fructus
360 1741 519 1823 portionis
542 1741 646 1804 instar
670 1741 803 1824 optinet.

188 1830 217 1893 8.
242 1829 281 1894 D.
300 1829 354 1913 33,
368 1831 398 1909 3,
417 1830 447 1893 3.
466 1827 555 1893 Idem
576 1828 633 1912 (sc.
652 1826 838 1915 Marcellus)
858 1830 942 1894 libro
962 1829 1103 1895 vicesimo

97 1939 183 1982 nono
203 1916 423 2002 Digestorum.
439 1953 484 1964 -
565 1918 772 1982 interiturum
790 1918 859 1982 fore
875 1920 947 1983 viae
962 1919 1104 2004 legatum,

96 2011 135 2071 33
162 2029 355 2090 responsum
379 2010 441 2088 est,
471 2029 543 2070 cum
568 2006 662 2070 alteri
686 2029 725 2070 ex
748 2007 874 2090 vicinis,
904 2007 960 2091 qui
984 2007 1102 2071 fundum

99 2117 303 2160 communem
323 2095 499 2178 habebant,
517 2095 604 2159 viam
623 2097 683 2159 sub
704 2095 899 2180 condicione,
923 2096 1020 2161 alteri
1038 2116 1104 2179 pure

100 2185 293 2267 legassetet
279 2184 467 2267 tpendente
483 2183 672 2248 condicione
688 2185 879 2249 decessisset
893 2186 970 2268 quia
985 2185 1102 2249 alterius

98 2272 188 2357 legat
190 2273 250 2336 arii
265 2294 406 2374 persona
420 2272 632 2354 impediment
634 2295 653 2337 o
669 2277 762 2356 esset,
780 2275 968 2358 quominus
985 2273 1102 2355 [solidus

26 2394 28 2398 ⁴
97 2360 216 2426 fundus
240 2363 324 2443 cum]
350 2361 403 2424 via
426 2361 604 2425 vindicaret
590 2364 652 2427 t.ur

188 2450 217 2514 9
249 2450 288 2513 Ι)
320 2450 376 2533 33,
406 2451 439 2533 7,
470 2449 524 2533 18,
555 2452 604 2514 11.
649 2449 770 2514 Paulus
798 2450 882 2515 libro
907 2398 1045 2515 secundo
1071 2446 1101 2512 al

98 2536 276 2602 Vitellium.
321 2574 359 2583 -
368 2500 527 2603 (1333333
561 2539 607 2602 333
646 2561 837 2623 responsum
871 2561 955 2621 esse,
987 2534 1101 2603 tametsi

98 2626 260 2709 mancipia
293 2627 444 2691 instructi
418 2627 610 2691 tfundi
585 2630 658 2710 sint,
688 2630 798 2691 tamen
821 2627 926 2692 videri
950 2649 1004 2692 eos
1028 2625 1100 2690 solos

98 2715 225 2798 legatos
249 2736 319 2778 esse
345 2717 399 2799 qui
423 2715 584 2780 nominati
607 2720 723 2797 essent,
747 2717 832 2800 quod
857 2720 1029 2802 appareret
1046 2733 1099 2777 non

99 2802 297 2867 intellexisse
316 2809 442 2886 patrem
461 2804 602 2868 familias
622 2805 838 2869 instrumento
859 2827 988 2890 quoque
1006 2820 1098 2868 servos

100 2890 329 2956 adnumeratos
354 2914 432 2975 esse.

190 2986 376 3060 Responsum
395 2987 456 3045 iam
475 2987 515 3063 Π,
536 2989 552 3044 1
574 3007 601 3063 p.
619 2988 682 3046 582
704 2989 836 3045 relatum
854 2988 985 3047 fortasse
1005 2984 1099 3045 Sabino

100 3074 294 3133 tribuendum
319 3079 372 3133 est.

392 3165 438 3222 De
455 3167 686 3238 possessionibus
710 3161 821 3239 tepetis

186 3265 235 3329 10.
270 3264 308 3330 D.
337 3264 390 3346 50,
422 3266 470 3348 16,
500 3267 550 3330 78.
578 3265 697 3330 Ρ33133
726 3265 810 3330 libro
836 3267 934 3330 tertio
957 3265 997 3330 ad
1019 3263 1096 3327 Plau·

96 3353 187 3416 tium.
232 3390 269 3399 -
313 3351 481 3417 Interdum
529 3354 764 3438 proprietatem
812 3376 941 3439 quoque
982 3352 1094 3416 verbum

169 3470 184 3517 1
206 3464 255 3519 Fi.
279 3464 309 3517 in
333 3466 426 3534 empto
449 3469 580 3535 paratum
603 3467 707 3535 inesse,
730 3467 760 3520 in
779 3468 880 3536 parato
903 3484 960 3522 non
983 3463 1094 3520 continuo

98 3539 231 3605 emptum.
250 3539 350 3591 333331.
370 3537 502 3606 Krueyer.
