2430 3944
355 213 380 262 4.
406 206 436 261 L.
456 205 642 262 NERATIUS
660 206 808 264 Priscus
1024 211 1089 277 355

68 373 212 435 actorem
237 369 317 435 dari.
359 375 392 434 et
415 367 555 435 Sabinus
578 373 674 454 putat
696 392 763 435 non
786 391 857 436 esse
880 371 1088 441 dandam

65 456 224 524 Neratius
258 480 384 543 quoque
418 458 547 524 dicebat
578 465 655 542 post
686 464 836 525 exactum
865 460 1089 528 iusiurandum

64 569 165 632 posse
197 551 338 612 actorem
368 548 512 614 detracta
541 568 646 612 noxae
674 546 837 614 deditione
869 551 1007 634 experiri
1043 553 1085 633 [si

67 637 167 702 modo
191 635 253 701 hoc
276 637 461 720 contendat,
478 639 693 721 posteaquam
712 637 855 703 iuratum
873 644 924 703 est
942 642 1087 725 coepisse

73 726 108 791 in
130 729 297 810 potestate
319 726 464 806 habere].

156 836 279 897 Inclusa
301 837 396 897 verba
418 837 542 897 Pernice
565 837 673 897 merito
697 836 776 898 eicit.

299 1061 348 1128 De
372 1063 563 1129 Publiciana
585 1065 620 1129 in
638 1084 703 1130 rem
726 1065 853 1130 actione.

156 1188 209 1253 68.
232 1186 271 1252 Ι).
286 1187 316 1270 6,
330 1189 360 1271 2,
375 1188 405 1272 9,
420 1188 450 1252 3.
493 1186 652 1271 Ulpianus
675 1188 760 1254 libro
784 1191 875 1253 sexto
899 1188 1023 1255 decimo
1046 1191 1086 1254 ad

64 1276 210 1343 edictum
228 1272 276 1361 (P.
286 1273 391 1363 570⁶).
411 1312 455 1322 -
474 1326 499 1342 ..
524 1276 552 1341 si
574 1275 789 1342 hereditatem
809 1298 915 1343 emero
935 1282 968 1342 et
986 1279 1088 1344 tradi-

62 1371 134 1430 tam
167 1365 248 1429 mihi
280 1386 349 1429 rem
381 1365 611 1430 hereditariam
642 1369 753 1449 petere
785 1366 896 1450 velim,
929 1364 1086 1434 Neratius

65 1454 182 1520 scribit
205 1475 275 1519 esse
299 1452 533 1519 Publicianam.

153 1565 190 1626 of.
206 1563 271 1626 Gai
286 1567 315 1640 4,
331 1567 372 1626 36
399 1559 502 1625 ‘datur
524 1610 553 1626 ..
577 1567 651 1625 haec
674 1566 753 1626 actio
777 1560 832 1646 (sc.
846 1562 1038 1651 Publiciana)
1057 1569 1085 1628 ei

64 1655 121 1733 qui
144 1673 180 1714 ex
203 1655 284 1714 iusta
307 1672 398 1714 causa
420 1654 565 1714 traditam
588 1654 645 1714 sibi
668 1674 733 1715 rem
831 1649 932 1732 petit'

409 1879 459 1945 De
481 1899 566 1945 servo
588 1885 739 1963 corrupto.

153 2004 205 2069 69.
229 2002 330 2086 Ι).11,
340 2005 370 2086 3,
380 2004 411 2087 9,
421 2006 450 2070 3.
492 2002 653 2088 Ulpianus
677 2004 763 2069 libro
787 2003 962 2069 vicensimo
984 2006 1082 2070 tertio

60 2093 104 2158 ad
130 2092 271 2157 edictum
294 2089 343 2178 (P.
359 2092 462 2178 703⁸).
481 2129 522 2138 -
543 2142 567 2156 ..
593 2093 793 2176 quaestionis
817 2096 876 2175 est,
898 2093 1083 2160 aestimatio

59 2187 173 2246 utrum
210 2181 278 2246 eius
314 2181 484 2246 dumtaxat
515 2181 586 2245 fieri
619 2180 748 2265 debeat,
785 2181 870 2265 quod
904 2203 1015 2246 servus
1048 2183 1084 2246 in

60 2291 198 2354 corpore
222 2270 273 2334 vel
295 2270 329 2334 in
353 2269 461 2334 animo
485 2269 595 2334 damni
619 2271 773 2354 senserit,
799 2269 863 2335 hoc
885 2275 936 2334 est
959 2273 1082 2355 quanto

58 2360 159 2424 vilior
182 2379 293 2424 servus
315 2359 422 2424 factus
446 2360 499 2441 sit,
522 2381 563 2423 an
586 2380 663 2425 vero
688 2362 721 2423 et
739 2362 927 2424 ceterorum.
965 2363 997 2423 et
1015 2357 1082 2424 Ne-

57 2447 167 2513 ratius
200 2447 246 2512 ait
275 2447 361 2512 tanti
389 2447 669 2513 condemnandum
696 2452 936 2531 corruptorem,
967 2449 1082 2533 quanti

58 2558 175 2602 servus
195 2536 237 2600 ob
255 2536 288 2600 id
308 2537 394 2621 quod
415 2537 586 2619 subpertns
601 2536 645 2600 sit
659 2532 859 2622 (subierit‘l),
878 2536 1014 2601 minoris
1030 2537 1082 2602 sit.

153 2661 203 2726 70.
222 2660 262 2725 D.
274 2661 325 2742 11,
335 2663 365 2744 3,
377 2661 416 2726 11
428 2683 476 2745 pr.
508 2659 668 2746 Ulpianus
687 2661 773 2725 libro
791 2661 967 2726 uicensimo
982 2661 1081 2726 tertio

56 2750 98 2815 ad
133 2750 274 2814 edictum
303 2747 352 2835 (P.
377 2746 482 2834 70312).
512 2785 550 2796 -
580 2748 735 2814 Neratius
769 2749 815 2814 ait
846 2752 963 2833 postea
994 2749 1081 2814 furta

55 2839 150 2904 facta
173 2838 208 2902 in
232 2838 493 2903 aestimationem
515 2860 583 2903 non
605 2838 724 2903 venire.

149 2950 244 3009 Lenel
281 2949 362 3026 apud
399 2949 468 3025 Ulp.
500 2952 600 3010 notat:
637 2942 914 3027 ‘interpolationem
956 2949 1080 3009 subesse

57 3042 195 3116 apparet.
241 3035 377 3114 suspicor
409 3037 598 3098 scribendum
631 3056 710 3098 esse:
748 3039 891 3098 Neratius
924 3038 968 3098 ait
1000 3038 1080 3097 tanti

138 3127 263 3187 minoris
286 3127 338 3203 sit,
367 3128 450 3187 furta
473 3131 571 3186 autem
595 3128 677 3187 facta
699 3128 731 3187 in
754 3127 995 3188 aestimationem
1017 3145 1079 3186 non

56 3209 184 3277 venire'

146 3305 184 3364 In
201 3305 337 3384 Digestis
361 3309 527 3382 sequuntur
544 3306 630 3365 haec:
654 3298 757 3382 ‘quam
775 3304 956 3365 sententiam
975 3321 1079 3362 veram

57 3388 153 3471 puto'.
202 3397 235 3453 at
261 3394 356 3453 Lenel
383 3394 518 3453 oratione
545 3393 577 3452 in
604 3412 671 3453 eam
698 3412 776 3470 quae
805 3411 895 3470 supra
921 3390 1078 3469 proposita

58 3487 105 3543 est
140 3483 270 3543 formam
301 3483 425 3542 redacta
455 3481 619 3558 Ulpianum
649 3482 750 3558 potins
784 3482 937 3558 scripsisse
968 3479 1077 3539 conic't

59 3566 162 3649 ‘qnam
186 3572 368 3632 sententiam
389 3572 495 3631 falsam
520 3565 614 3647 puto'.

811 3669 869 3725 lb*
