2430 3944
356 200 382 248 4.
402 194 592 251 44144144
612 195 796 251 LONGINUS
1046 199 1087 262 13

95 362 269 438 posteriorum
292 381 412 440 quoqne
434 363 512 421 iuris
538 365 743 424 consultorum
766 365 851 425 libris
874 374 992 426 veteres
1016 386 1086 426 sen·

95 451 180 510 tentiae
194 471 261 510 eum
274 451 409 510 tenuisse
423 451 552 528 legimus
564 447 647 533 (Vat.
658 453 695 512 fr.
708 457 722 512 l
737 448 793 512 ‘ita
807 457 838 512 et
847 457 965 515 veteres
975 459 1086 531 putant

96 541 119 610 et
132 538 247 600 Sabinus
267 545 298 598 et
318 537 440 600 Cassius
465 534 622 600 soribunt'.
664 541 700 600 D.
716 545 768 620 41,
783 544 812 617 2,
833 545 918 618 3,18
939 538 1087 622 ‘plerique

95 631 208 693 peterem
221 632 252 688 et
261 628 392 688 Sabinus
407 633 437 688 41
447 628 568 688 Cassius
584 675 608 689 ..
622 624 861 706 responderunt'.
893 632 929 690 D.
941 634 992 709 35,
1004 636 1032 710 2,
1044 636 1083 693 31

95 710 242 779 ‘seeundum
271 716 368 777 Cassii
400 722 431 777 et
460 721 599 779 veterum
630 713 834 799 opinionem').
894 739 948 780 neo
984 725 1086 781 temen

95 815 180 883 magna
204 807 409 866 intercedente
437 825 529 866 eausa
563 811 701 868 veterum
733 808 903 884 opinionem
934 809 1087 868 interdum

95 894 237 972 relinquere
257 895 407 955 dubitarit
426 887 476 977 (D.
497 899 526 975 2,
545 898 574 972 4,
594 899 624 969 4,
642 899 660 954 2
686 890 822 974 ‘quidam
841 944 846 956 .
866 944 873 958 .
893 942 901 956 .
925 898 1011 957 aiunt
1035 942 1086 958 ...

95 980 137 1042 hoo
164 985 276 1044 veteres
314 984 500 1044 existimasse
537 985 720 1061 Pomponius
757 986 863 1063 refert,
905 986 957 1045 sed
994 985 1086 1047 Gaius

96 1067 192 1131 0411114
216 1116 274 1133 ...
298 1072 381 1149 dicit,
405 1073 483 1151 quod
506 1120 513 1133 .
534 1120 540 1132 .
563 1074 720 1133 honestius
745 1077 791 1134 est
814 1067 903 1156 ...').

164 1159 193 1229 0.
219 1161 351 1238 Muoius,
383 1162 467 1220 ouius
500 1163 580 1237 apud
609 1162 752 1221 Sabinum
785 1181 875 1239 saepe
907 1164 1019 1224 mentio
1051 1163 1087 1224 fit

99 1237 163 1328 (HI
185 1269 211 1325 p.
231 1243 324 1332 322),
351 1250 383 1308 in
411 1248 506 1310 044411
538 1250 660 1328 quidem
690 1252 868 1329 fragmentis
900 1270 960 1311 non
990 1253 1086 1311 nomi-

96 1339 177 1415 natur,
200 1338 296 1398 Servii
310 1338 437 1414 Sulpicii
455 1341 617 1417 utrumque
634 1339 782 1398 rationem
795 1340 937 1399 habuisse
951 1344 1086 1417 apparet.

96 1425 165 1501 atque
192 1430 226 1486 nt
251 1426 382 1487 Sabinus
413 1427 496 1486 illius
529 1428 694 1487 sententies
723 1429 798 1488 alies
825 1429 977 1504 probarit,
1011 1430 1086 1488 alias

96 1513 177 1574 reieoit
203 1510 235 1596 (l.
259 1511 312 1596 4.),
349 1517 394 1575 114
426 1514 548 1576 04441114
582 1517 719 1577 Servium
756 1516 844 1577 modo
884 1520 1002 1577 secutus
1041 1520 1088 1576 est

97 1594 134 1681 (D.
145 1606 190 1682 40,
206 1609 233 1685 7,
248 1608 278 1681 3,
294 1607 314 1663 2
339 1599 418 1664 ‘cum
437 1651 445 1664 .
461 1651 467 1664 .
485 1624 587 1666 veram
611 1609 752 1681 putemus
778 1606 959 1666 sententiam
982 1606 1087 1682 Servii,

95 1690 232 1767 rideamus,
256 1713 317 1753 an.
333 1740 340 1754 .
356 1742 362 1753 .
377 1694 501 1771 proinde
525 1694 645 1755 defendi
667 1698 767 1770 potest
781 1740 789 1754 .
804 1742 810 1755 .
826 1740 833 1754 .
848 1699 880 1755 41
901 1695 946 1754 114
965 1694 1087 1754 Cassius

96 1797 189 1857 quoque
217 1775 363 1864 seribit'),
391 1783 480 1843 modo
507 1801 575 1842 oum
599 1783 709 1843 Sabino
732 1784 858 1861 reliquit
880 1775 960 1864 (Gai.
976 1786 1005 1861 2,
1022 1786 1086 1842 244

96 1857 136 1926 ‘...
148 1870 310 1946 quaeritur:
328 1870 451 1932 Servius
523 1865 620 1949 putat,
640 1917 647 1931 .
663 1919 669 1931 .
685 1917 692 1931 .
707 1872 835 1932 Sabinus
851 1875 882 1932 et
897 1871 1019 1932 Cassius
1034 1917 1041 1931 .
1056 1916 1064 1932 .
1079 1919 1085 1931 .

96 1951 213 2040 putant).
265 1957 346 2018 Ofilii
383 1979 503 2037 quoque
539 1964 664 2038 uterque
697 1961 846 2021 rationem
878 1960 996 2036 habuit,
1035 1961 1087 2018 sed

99 2040 195 2106 0444114
222 2049 253 2106 in
281 2067 340 2108 uno
369 2049 540 2123 fragmento
563 2049 653 2126 idque
676 2049 735 2123 114,
758 2054 793 2108 ut
814 2049 994 2108 sententiam
1022 2049 1087 2108 eius

96 2130 220 2208 inprobet
243 2129 487 2218 (11.2,1,11,2
512 2133 575 2197 ‘...
594 2140 780 2215 utrum...,
808 2138 890 2214 quod
913 2135 1002 2196 Ofilio
1027 2185 1032 2196 .
1054 2181 1087 2198 ..

95 2220 184 2301 placet,
214 2244 338 2285 ...an
359 2270 391 2287 ..
413 2271 433 2300 .,
463 2227 543 2302 quod
571 2225 673 2286 Cassio
696 2271 703 2285 .
723 2271 730 2285 .
749 2273 756 2286 .
777 2218 914 2307 plaeet').
960 2226 1088 2302 denique

96 2308 220 2387 Trebatii,
260 2315 313 2391 qui
344 2315 376 2373 in
409 2315 513 2374 Sebini
545 2315 723 2393 fragmentis
755 2333 905 2392 nusquam
936 2315 1087 2388 laudatur,

95 2415 248 2476 responsum
262 2402 384 2462 Cassius
403 2403 518 2482 attulit,
537 2405 617 2481 quod
630 2403 765 2464 Labeoni
785 2407 950 2480 opponeret
969 2396 1021 2482 (D.
1037 2406 1088 2480 30,

96 2487 141 2562 5‚1
160 2485 269 2660 ‘La)beo
288 2491 332 2550 ait
346 2536 353 2550 .
368 2537 377 2553 .
391 2538 398 2551 .
413 2492 591 2552 Trebatium
609 2511 679 2552 vero
693 2492 882 2568 respondisse
897 2537 904 2551 .
920 2538 926 2551 .
942 2537 950 2554 .
965 2492 1087 2551 04441114

95 2574 226 2654 scripsit'.

163 2669 331 2728 Labeonem
354 2668 386 2727 in
410 2669 476 2729 aliis
501 2670 657 2730 sententiis
680 2671 807 2747 uterque
827 2674 946 2730 secutus
971 2661 1022 2752 (D.
1039 2671 1089 2746 36,

96 2753 203 2834 1,12,1
233 2752 254 2818 ‘.
268 2805 297 2819 ..
322 2758 506 2834 quaestionis
534 2758 601 2819 finit.
653 2762 683 2818 et
711 2758 812 2819 Labeo
842 2763 873 2818 et
901 2759 1030 2817 Sabinus
1060 2761 1091 2816 et

95 2839 180 2904 041414
195 2848 225 2905 41
240 2845 362 2905 Cassius
378 2850 408 2906 41
422 2847 558 2906 Iulianus
569 2894 575 2908 .
587 2893 594 2906 .
605 2841 633 2907 .'.
666 2847 704 2907 D.
717 2849 785 2925 7,8,
798 2850 848 2925 12,
865 2849 881 2906 1
904 2842 1044 2905 ‘Sabinus
1059 2850 1090 2904 41

94 2927 196 2994 Cassius
216 2938 247 2994 41
265 2935 367 2995 Labeo
381 2981 389 2995 .
403 2978 412 2995 .
426 2927 470 3016 .'),
488 2937 520 2994 in
534 2936 601 2995 aliis
621 2939 798 3011 aspernatus
817 2938 866 2996 est
885 2930 963 3016 ((141.
981 2937 1010 3011 2,
1026 2937 1087 2993 231

94 3011 184 3081 ‘nostri
201 3026 475 3102 praeceptores...,
494 3025 547 3084 sed
565 3019 741 3085 Labeo...'.
778 3025 815 3084 af.
834 3025 869 3084 D.
891 3027 940 3096 35,
959 3027 986 3101 1,
1003 3026 1030 3099 6,
1049 3015 1091 3104 1).

94 3108 144 3168 tum
164 3112 195 3169 in
218 3113 286 3172 aliis
311 3113 392 3172 solus
417 3112 546 3172 Sabinus
569 3112 739 3173 Labeonem
763 3116 882 3173 secutus
901 3116 949 3172 441
968 3105 1009 3191 (v.
1023 3111 1088 3170 111

93 3213 114 3268 p.
130 3192 216 3279 323),
244 3201 276 3259 in
299 3200 367 3259 aliis
391 3199 514 3261 Cassius
537 3193 619 3282 (Gai.
640 3204 749 3277 3,140
773 3197 884 3262 ‘Labeo
904 3244 972 3277 ...,
1005 3201 1090 3259 ouius

93 3285 245 3358 opinionem
278 3288 399 3350 04441114
434 3283 564 3367 probet’.
619 3290 655 3349 D.
680 3293 731 3366 28,
757 3295 789 3364 2,
814 3293 887 3366 6pr.
921 3284 963 3349 ‘et
990 3287 1091 3347 Labeo

93 3375 118 3430 et
144 3375 262 3438 04441114
299 3372 471 3462 soribunt').
526 3379 654 3455 denique
685 3380 717 3438 in
749 3380 816 3438 aliis
849 3379 930 3438 solus
964 3376 1092 3435 Sabinus

93 3457 248 3527 Labeonem
275 3468 401 3545 reliquit
428 3460 462 3550 (l.
490 3461 543 3550 4.),
575 3471 607 3529 in
634 3468 702 3529 aliis
731 3467 851 3527 04441114
876 3459 926 3548 (D.
948 3468 998 3542 13,
1019 3466 1089 3541 6,1

94 3542 191 3615 ‘Labeo
223 3558 344 3633 quidem
375 3557 518 3636 411...,
551 3558 605 3618 sed
630 3563 666 3618 111
692 3559 844 3637 apparet.
865 3601 872 3618 .
892 3601 912 3628 .‚
940 3555 1029 3629 idque
1063 3556 1093 3611 et
