2430 3944
358 213 383 263 e.
406 180 784 264 0001000010οουο
1014 209 1078 273 395

57 376 188 456 legionis
211 379 336 453 quartae
356 375 479 437 Flaviae
503 369 537 457 (i.
552 396 576 436 e.
596 377 628 434 in
645 369 781 458 Moesia),
805 378 925 455 legatus
949 378 1077 454 legionis

57 466 170 527 tertiae
194 463 351 543 Augustae
375 457 408 545 (i.
429 485 453 526 e.
472 465 503 523 in
522 460 649 545 Africa),
672 466 791 543 legatus
814 464 947 543 Augusti
969 485 1013 541 pr.
1033 487 1077 543 pr.

57 547 225 637 (exercitus
244 546 394 635 Africani)
418 573 443 613 a.
460 555 510 631 83,
534 553 677 614 iuridicus
700 555 870 629 provinciae
892 554 1078 629 Britanniae,

56 645 165 704 consul
189 643 254 703 suff.
279 644 350 701 anni
376 642 498 720 incerti,
520 643 622 718 paullo
645 646 715 719 post
738 662 765 704 a.
780 645 821 703 83
845 645 933 720 puto,
957 643 1077 719 legatus

57 732 225 795 consularis
248 731 419 808 provinciae
444 729 622 792 Germaniae
646 732 809 806 superioris
832 751 858 792 a.
875 734 930 806 90,
959 732 1077 809 1030100

57 821 225 882 consularis
254 819 372 897 Syriae,
399 821 559 896 proconsul
584 820 753 895 provinciae
776 821 909 893 Africae,
942 819 1079 896 pontifex

56 930 83 970 a.
107 912 169 970 106
198 910 247 969 vel
272 911 333 969 107
364 901 444 991 (CIL
468 908 527 982 Ill,
548 911 633 970 2864
661 928 729 968 0010
757 910 900 970 addendis
925 930 955 986 p.
983 911 1079 970 1062.

56 999 184 1075 llphem.
217 997 310 1075 epigr.
340 992 378 1076 V,
404 1000 466 1059 652
476 990 546 1079 00),
585 991 626 1057 ‘in
642 1002 721 1058 erest
756 999 875 1076 officiis,
912 998 1079 1058 adhibetur

57 1081 214 1165 consiliis',
239 1087 383 1146 Passenni
402 1087 515 1160 Paulli,
544 1087 691 1162 splendidi
715 1088 823 1164 equitis
842 1088 970 1147 Romani
993 1087 1077 1147 etin

56 1176 166 1254 primis
194 1174 319 1249 eruditi,
347 1175 547 1235 amicissimus
576 1168 668 1254 (Plin.
688 1168 863 1258 ep.6,15),
891 1196 951 1236 000
979 1175 1077 1251 Plinii,

55 1268 92 1326 01
124 1265 257 1342 videtur,
290 1264 342 1341 qui
372 1283 441 1323 eum
475 1257 594 1324 ‘dubiae
628 1258 778 1324 sanitatis’
813 1284 877 1325 esse
905 1258 1076 1324 iudicarit.l

55 1354 156 1414 Iulius
180 1351 369 1430 Capitolinus
392 1353 566 1413 Iauolenum
592 1354 641 1413 vel
663 1353 695 1411 in
717 1352 863 1414 Antonini
882 1354 929 1412 Pii
952 1353 1076 1413 consilio

55 1442 152 1502 fuisse
185 1442 278 1501 tradit
310 1435 395 1521 (Ant.
425 1441 457 1502 P.
486 1460 510 1500 c.
536 1443 575 1501 12
613 1436 755 1520 ‘ususque
788 1447 835 1502 est
865 1442 940 1502 iuris
969 1440 1075 1518 peritis

54 1530 169 1590 Vindio
189 1530 277 1607 Vero,
302 1529 402 1591 Salvio
426 1521 584 1611 (Fulvioi)
606 1529 746 1604 Valente,
766 1531 891 1591 Volusio
911 1531 1075 1608 Maeciano,

54 1619 189 1696 Ulpiano
207 1619 350 1679 Marcello
374 1622 405 1678 et
422 1611 599 1700 Iavolcno'),
623 1620 717 1679 errori
735 1619 927 1680 tribuendum
946 1621 1074 1679 videtur.

148 1701 301 1768 ‘Libertus
326 1699 364 1768 ’01
390 1712 465 1784 puto
494 1707 558 1767 eius
587 1709 620 1766 L.
643 1707 802 1768 Iavolenus
830 1709 968 1768 Phoebus
996 1710 1076 1767 inter

57 1797 208 1857 celatores
241 1797 415 1872 pontificum
447 1799 477 1856 et
505 1797 658 1855 flaminum
688 1815 714 1854 a.
736 1798 797 1857 102
827 1797 883 1872 VI,
904 1799 1003 1872 2184,
1025 1800 1075 1857 10.

61 1888 157 1962 2185,
172 1888 200 1946 8.
242 1904 279 1944 ex
301 1885 415 1945 familia
439 1885 503 1945 eius
527 1884 669 1945 videntur
692 1884 726 1946 L.
745 1885 879 1946 Iavoleni
897 1886 949 1960 Vl,
966 1887 1073 1946 19663

62 1976 222 2034 -19665,
249 1976 365 2035 19667.
389 1973 467 2049 XIV,
484 1968 591 2033 2546'.
636 1975 814 2051 Prosopogr.
837 1973 868 2033 II
890 1994 918 2048 p.
934 1976 1007 2032 439.

148 2061 216 2122 Gaii
235 2061 331 2122 Cassii
353 2063 481 2122 fortasse
501 2063 623 2122 auditor
642 2054 693 2140 (cf.
714 2063 751 2121 D.
766 2065 818 2136 42,
834 2064 862 2137 5,
878 2055 946 2138 28),
970 2064 1075 2137 postea

58 2152 178 2211 scholae
198 2151 379 2210 Sabinianae
399 2152 538 2228 princeps
558 2153 702 2211 successit
720 2149 821 2210 (laelio
842 2150 952 2210 Sabino
973 2142 1074 2231 (Pom-

56 2232 271 2320 30010οἓ53).
285 2260 345 2299 000
354 2241 442 2300 modo
452 2241 499 2299 ius
510 2241 597 2302 civile
607 2228 986 2320 publicerespondit(Plin.
996 2239 1015 2298 l.
1026 2229 1074 2318 0.),

57 2330 111 2390 sed
130 2329 222 2388 etiam
240 2329 326 2388 libris
346 2329 508 2388 scribendis
528 2348 650 2404 operam
664 2329 755 2389 dedit.
792 2327 958 2404 composuit
972 2329 1074 2386 autem
1168 2404 1173 2413 ς

57 2437 93 2477 ex
122 2417 271 2477 Labeonis
298 2417 383 2476 libris
411 2417 626 2493 posterioribus
654 2419 694 2496 X,
723 2436 757 2477 ex
784 2416 852 2477 Gaii
876 2415 971 2475 Cassii
998 2415 1073 2475 iuris

132 2594 145 2640 1
170 2586 198 2642 0.
218 2585 326 2641 Plinius
344 2587 471 2640 Romano
496 2603 546 2640 000
569 2603 590 2641 s.
610 2585 744 2640 Mirificae
767 2585 808 2639 rei
830 2602 886 2640 000
906 2584 1071 2651 interfuisti3

56 2675 91 2713 00
121 2673 174 2728 030
203 2658 329 2726 quidem,
358 2657 406 2712 sed
434 2673 479 2711 me
506 2673 602 2712 100000
630 2656 728 2712 fabula
756 2656 874 2726 excepit.
916 2655 1072 2711 Passennus

57 2728 175 2784 Paullus
247 2728 345 2783 scribit
363 2730 458 2798 elegos
473 2727 555 2784 ...10
575 2745 638 2783 cum
657 2728 797 2794 recitaret,
816 2727 857 2781 110
872 2726 965 2796 coepit
980 2726 1072 2782 dicere

58 2799 178 2867 ‘Prisca
201 2799 302 2855 iubes'.
340 2800 375 2853 ad
399 2802 452 2854 hoc
480 2798 627 2854 Iavolenus
652 2798 762 2853 Priscus
791 2798 901 2867 (aderat
929 2798 1016 2866 enim,
1040 2799 1072 2852 ut

56 2870 156 2926 Paullo
184 2871 379 2939 amicissimus)
408 2870 472 2940 ‘ego
495 2875 561 2924 vero
584 2887 640 2925 000
664 2868 768 2924 iubeo’.
812 2869 906 2938 cogita
929 2867 1071 2937 quiricus

58 2941 217 3008 hominum,
236 2941 284 3009 qui
303 2941 364 2996 ioci.

131 3012 210 3078 Quod
229 3013 335 3067 Plinius
354 3010 447 3066 addit:
468 3012 530 3066 ‘Est
549 3009 663 3066 omnino
685 3011 792 3066 Priscus
812 3010 914 3066 dubiae
934 3011 1071 3077 sanitatis,

57 3083 176 3138 10101001
193 3086 287 3138 100100
306 3083 449 3139 officiis..
467 3124 485 3152 .,
510 3100 565 3151 quo
583 3081 674 3148 magis
693 3082 768 3150 quod
786 3084 854 3136 tunc
872 3081 941 3136 fecit
959 3085 988 3136 et
1006 3081 1072 3135 ridi·

56 3155 152 3209 culum
180 3158 210 3209 et
237 3152 362 3209 notabile
389 3153 451 3209 fuit.
492 3153 604 3208 interim
628 3152 726 3208 Paullo
755 3152 848 3208 aliena
870 3153 998 3206 deliratio
1021 3151 1072 3204 ali·

57 3227 195 3295 quantum
213 3223 325 3294 frigoris
344 3224 450 3280 attulit.
483 3227 541 3278 tarn
561 3223 681 3278 sollicite
696 3223 854 3278 recitaturis
869 3224 1072 3293 providendum

57 3299 100 3351 001
120 3314 175 3351 000
190 3296 279 3350 001001
294 3299 326 3350 01
340 3295 397 3350 0101
409 3294 464 3365 ipsi
479 3295 541 3350 sani
554 3312 652 3350 verum
666 3294 752 3350 etiam
762 3298 794 3349 01
804 3310 888 3349 sanos
898 3292 1071 3359 adhibeant’,

56 3368 151 3422 minus
171 3365 272 3421 dubiae
291 3367 421 3421 sanitatis
438 3366 520 3420 illum
538 3365 623 3421 luisse
642 3367 789 3435 probatur,
809 3381 893 3434 quam
911 3363 995 3418 illud:
1014 3361 1069 3416 Pli-

57 3439 137 3492 nium
165 3436 273 3492 homini
300 3437 496 3493 iurisconsulto
524 3437 611 3493 verba
637 3438 682 3492 vel
706 3436 806 3491 alienis
829 3437 912 3490 rebus
936 3434 1071 3488 distracto

56 3510 155 3578 elapsa
175 3507 219 3564 vel
239 3507 375 3577 00000110,
396 3510 445 3563 sed
463 3506 519 3563 ioci
538 3523 622 3564 causa
641 3507 729 3563 effusa
743 3507 811 3562 satis
825 3507 947 3574 maligne
962 3505 1072 3560 crimini

54 3580 183 3636 vertisse.
883 3582 886 3591 '
1066 3607 1068 3612 ·
