2430 3944
157 191 222 255 320
258 192 291 246 V.
310 187 459 245 NERVAE
479 191 526 246 ΕΤ
544 188 697 245 TRAIANI
715 187 824 244 TEMP.
842 186 938 244 IURIS
957 185 1142 244 CONSULTI

158 355 302 421 actiones
336 356 445 418 autem
479 374 533 417 eos
565 373 630 417 non
664 352 769 417 solum
801 350 949 434 arbitrio,
983 349 1037 415 sed
1072 351 1174 416 etiam

156 443 300 528 periculo
328 446 385 507 tuo
413 441 476 505 tibi
502 447 667 524 praestare
694 441 832 527 debebo,
859 443 896 505 ut
922 460 1018 504 omne
1046 440 1174 505 luorum

157 554 194 597 ao
218 530 420 615 dispendium
443 534 476 594 te
500 532 661 614 sequatur.

245 620 297 686 21.
325 618 363 685 Ι).
378 619 454 684 ibid.
468 621 489 699 ἕ
505 620 532 682 1.
557 654 599 664 -
622 618 667 684 Et
689 639 758 683 non
781 617 886 683 solum
911 617 996 702 quod
1020 616 1091 701 ipse
1115 640 1175 702 per

157 731 229 774 eum
253 706 392 792 adquisii
414 711 579 791 praestare
602 706 712 790 debeo,
735 706 790 772 sed
815 710 848 770 et
870 705 913 790 id,
935 705 1021 790 quod
1043 710 1173 791 emptor

156 799 221 862 iam
244 801 321 862 tuno
345 795 408 861 sibi
430 795 552 861 tradito
577 817 668 860 servo
693 795 913 881 adquisiturus
937 794 1061 860 fuisset.

246 887 298 951 22.
321 884 360 950 D.
371 885 519 966 ibidus.
544 919 585 930 -
608 883 750 968 Uterque
773 887 922 948 nostrum
946 883 1081 949 eandem
1103 906 1172 948 rem

157 975 236 1039 emit
259 998 277 1038 a
300 994 367 1038 non
384 973 525 1057 domiuo,
548 995 620 1038 eum
640 973 762 1058 emptio
781 970 988 1056 venditioque
1008 973 1077 1037 siue
1097 972 1172 1038 dolo

157 1065 243 1128 malo
270 1062 376 1146 fieret,
403 1061 585 1145 traditaque
613 1059 784 1146 <utrique>
811 1064 874 1126 est:
903 1061 969 1126 sive
994 1062 1034 1126 ab
1059 1061 1172 1126 eodem

157 1152 293 1215 emimus
322 1151 390 1214 sive
418 1150 459 1214 ab
487 1151 552 1215 alio
577 1155 673 1233 atque
697 1151 774 1235 alio,
801 1150 829 1214 is
852 1171 892 1214 ex
913 1149 1009 1214 nobis
1032 1151 1172 1215 tuendus

157 1243 215 1324 est,
238 1241 293 1324 qui
315 1239 406 1322 prior
428 1238 532 1304 iuste1
553 1238 764 1323 adprehendit
782 1237 858 1323 [hoo
878 1241 936 1320 est,
959 1238 1013 1304 oui
1031 1239 1173 1322 primum

157 1329 279 1393 tradita
307 1327 379 1411 est].
427 1328 455 1392 si
483 1327 566 1393 alter
589 1349 627 1391 ex
651 1327 746 1392 nobis
771 1351 790 1393 a
813 1327 945 1392 domino
969 1327 1116 1412 emisset,
1144 1329 1173 1392 is

157 1417 342 1482 omnimodo
366 1416 505 1481 tuendus
529 1419 589 1480 est.

244 1510 344 1570 Eiselo
368 1509 398 1569 Z.
413 1509 440 1569 d.
456 1509 589 1570 San-St.
604 1509 660 1586 XI,
675 1511 703 1569 8.

245 1612 297 1676 24.
330 1610 369 1676 Ι).
384 1612 414 1695 2,
430 1610 482 1695 14,
495 1611 547 1676 58.
592 1610 745 1676 Neratius
773 1611 857 1675 libro
886 1611 983 1676 tertio
1011 1609 1173 1677 Membra-

156 1722 279 1765 narum.
313 1736 355 1746 -
389 1700 441 1764 Ab
475 1700 639 1785 emptione
672 1699 872 1785 venditione,
903 1699 1064 1766 locatione
1097 1722 1173 1766 oon-

157 1789 306 1854 duotione
338 1789 516 1874 ceterisque
545 1788 705 1853 similibus
734 1788 989 1873 obligationibus
1017 1790 1095 1873 quin
1123 1791 1174 1858 in·.

156 1878 256 1963 tegris
280 1877 430 1942 omnibus
454 1899 611 1942 consensu
634 1898 759 1960 eorum,
787 1877 842 1962 qui
864 1876 951 1942 inter
974 1899 1008 1942 se
1032 1878 1173 1964 obligati

158 1966 237 2049 sint,
269 1966 375 2030 reoedi
407 1967 524 2050 possit,
557 1965 690 2031 dubium
722 1987 790 2030 non
821 1969 878 2031 est.
929 1966 1077 2032 Aristoni
1110 1967 1173 2033 hoo

157 2055 296 2138 amplius
319 2053 498 2133 videbatur,
521 2055 549 2119 si
573 2076 619 2138 ea,
643 2075 724 2139 quae
745 2077 798 2120 me
817 2076 855 2119 ex
875 2058 985 2138 empto
1003 2059 1173 2139 praestare

156 2144 219 2208 tibi
248 2146 427 2228 oporteret,
453 2143 689 2226 praestitissem
716 2146 749 2207 et
771 2165 842 2208 oum
866 2148 903 2208 tu
926 2143 1008 2208 mihi
1031 2145 1172 2227 pretium

158 2233 303 2315 deberes,
332 2233 535 2297 convenisset
562 2231 642 2296 mihi
665 2238 785 2313 tecum,
812 2235 849 2295 ut
871 2253 981 2297 rursus
1005 2235 1172 2316 praestitis

156 2321 238 2385 mihi
261 2343 281 2384 a
303 2325 336 2385 te
359 2322 394 2384 in
416 2342 451 2385 re
473 2321 605 2386 vendita
628 2321 786 2403 omnibus,
808 2342 891 2404 quae
915 2342 975 2405 ego
999 2320 1062 2385 tibi
1080 2345 1173 2406 prae-

158 2409 326 2493 stitissem,
348 2410 489 2493 pretium
510 2409 590 2474 mihi
608 2431 676 2473 non
694 2410 787 2474 dares
806 2413 904 2494 tuque
923 2409 1004 2473 mihi
1024 2432 1062 2474 ea
1080 2432 1172 2494 prae-

160 2498 314 2581 stitisses,
336 2498 473 2582 pretium
499 2502 530 2562 te
554 2496 669 2562 debere
693 2497 846 2579 desinere,
869 2498 946 2582 quia
964 2499 1068 2564 bonae
1087 2499 1173 2584 fidei,

158 2586 197 2649 ad
229 2608 326 2670 quam
355 2586 464 2651 omnia
491 2586 571 2652 haee
598 2587 802 2670 rediguntur,
833 2587 1058 2670 interpretatio
1086 2587 1172 2654 hano

158 2695 283 2760 quoque
307 2676 552 2740 conventionem
571 2673 724 2741 admittit.
760 2675 1008 2759 necquicquam
1027 2675 1172 2760 interest,

157 2766 265 2827 utrum
302 2763 439 2847 integris
477 2763 626 2828 omnibus
663 2764 698 2827 in
733 2785 815 2848 quae
848 2764 986 2848 obligati
1019 2786 1172 2847 essemus,

159 2851 357 2929 conveniret,
384 2856 422 2916 ut
448 2853 490 2917 ab
518 2874 556 2917 eo
583 2852 716 2936 negotio
745 2851 974 2933 discederetur,
1001 2875 1042 2918 an
1067 2855 1102 2917 in
1125 2855 1173 2918 in·

157 2942 287 3024 tegrum
305 2940 467 3005 restitutis
486 2940 546 3024 his,
570 2962 651 3025 quae
671 2961 730 3025 ego
749 2940 811 3006 tibi
829 2941 1074 3026 praestitissem,
1096 2965 1171 3008 oon·

159 3028 365 3113 sentiremus,
396 3051 437 3094 ne
470 3030 545 3113 quid
576 3035 614 3095 tu
646 3029 727 3094 mihi
755 3051 792 3094 eo
820 3030 951 3094 nomine
979 3035 1170 3113 praestares.

157 3116 239 3181 illud
260 3117 356 3200 plane
381 3117 602 3202 conventione,
625 3139 708 3203 quae
726 3118 867 3201 pertinet
885 3118 926 3182 ad
944 3120 1170 3184 resolvendum

157 3204 190 3269 id
214 3204 299 3290 quod
323 3210 430 3272 aetum
455 3209 513 3290 est,
534 3207 647 3291 perfioi
666 3228 732 3272 non
750 3209 867 3291 potest,
890 3211 982 3272 uttu
1001 3208 1171 3292 quodiam

158 3315 218 3379 ego
242 3294 305 3359 tibi
327 3295 476 3379 praestiti
500 3300 613 3363 eontra
634 3298 802 3380 praestare
825 3295 907 3360 mihi
930 3296 1070 3382 cogaris,
1097 3299 1171 3383 quia

158 3404 196 3448 eo
224 3383 320 3450 modo
348 3405 413 3449 non
439 3387 506 3448 tam
533 3383 596 3449 hoo
625 3384 734 3470 agitur
761 3387 800 3451 ut
827 3406 847 3449 a
872 3384 1012 3468 pristino
1037 3387 1170 3473 negotio

231 3563 244 3610 1
265 3557 312 3612 Fr.
329 3556 373 3612 ius
392 3556 459 3612 eius.
