2430 3944
138 169 203 234 322
240 168 274 226 V.
293 167 444 224 NERVAE
462 167 510 222 ΕΤ
528 165 683 222 ΤΒΑΙΑΝΙ
699 165 808 223 ΤΕΜΡ.
826 165 923 222 touls
943 163 1128 222 consum

370 365 425 431 De,
443 367 633 432 Publiciana
655 367 690 430 ia
712 386 777 430 rem
799 366 924 432 actibus.

230 474 284 538 28.
303 471 471 556 D.6‚2‚17.
503 471 658 537 Neratius
673 472 757 537 libro
770 470 870 537 tertio
883 471 1158 538 Membranarum.

142 597 182 610 -
207 561 398 627 Publiciana
426 560 510 626 actio
538 582 604 626 non
631 561 703 626 ideo
733 563 921 645 comparata
948 562 1011 644 est,
1039 565 1077 626 ut
1103 583 1157 626 res

140 651 272 716 domino
297 649 474 733 auferatur,
497 650 630 734 eiusque
652 650 701 714 rei
724 653 950 734 argumentum
974 652 1025 715 est
1047 650 1157 734 primo

141 739 301 825 aequitas,
334 738 448 804 deinde
476 739 621 823 exceptio
649 736 691 802 ‘si
718 759 756 803 ea
783 759 835 803 res
861 738 1060 822 possessoris
1088 760 1158 805 non

139 825 203 911 sit',
236 828 292 893 sed
319 831 358 892 ut
383 829 426 908 is,
462 828 518 912 qui
544 826 720 892 bonafide
748 827 828 891 emit
853 828 1156 912 possessionemque

141 917 210 982 eius
234 939 272 982 ex
297 938 334 981 ea
352 938 451 982 causa
467 919 581 981 nactus
601 918 659 999 est,
680 915 789 999 potius
808 937 876 980 rem
894 915 1017 981 habeat
1034 915 1156 1000 <quam

141 1006 279 1090 quilibet
302 1005 385 1070 alius
408 1008 537 1089 praeter
560 1004 740 1088 dominum,
763 1005 791 1069 si
814 1005 843 1069 is
866 1025 935 1069 rem
958 1004 1110 1088 habeat).

506 1181 557 1247 De
579 1182 784 1248 santaricus.

227 1289 280 1354 29.
299 1288 337 1353 Ι).
353 1290 383 1373 8,
397 1289 427 1371 3,
441 1290 472 1373 3,
486 1288 517 1353 3.
534 1324 571 1336 -
589 1285 652 1365 Qui
665 1287 766 1353 habet
779 1287 942 1372 haustum,
954 1287 1017 1352 iter
1027 1285 1155 1372 quoque

138 1378 259 1442 habere
278 1377 404 1442 videtur
422 1377 463 1442 ad
482 1377 694 1443 hauriendum
713 1380 755 1460 et,
773 1381 810 1442 ut
829 1377 875 1440 ait
893 1375 1048 1441 Neratius
1068 1376 1155 1443 libro

138 1467 236 1531 tertio
256 1465 528 1549 Membranarum,
552 1465 619 1532 sive
642 1466 671 1529 ei
694 1464 745 1530 ius
767 1465 936 1532 hauriendi
961 1469 995 1529 et
1016 1465 1155 1531 adeundi

136 1556 194 1638 <in
215 1555 307 1637 iure>
331 1576 457 1619 cessum
482 1555 538 1638 sit,
566 1558 738 1640 utrumque
761 1554 909 1637 habebit,
933 1553 1000 1619 sive
1023 1558 1155 1620 tantum

137 1644 320 1724 hauriendi,
347 1644 452 1708 inesse
476 1649 509 1707 et
531 1643 670 1727 aditum,
698 1644 765 1708 sive
792 1646 921 1708 tantum
951 1643 1089 1708 adeundi
1114 1643 1155 1707 ad

136 1730 405 1814 fontem,'inesse
427 1735 462 1797 et
483 1730 646 1797 haustum.
691 1732 772 1797 baec
796 1732 834 1796 de
857 1732 977 1796 haustu
1002 1754 1040 1796 ex
1063 1731 1155 1798 fonte

135 1821 274 1904 private.

226 1909 277 1975 30.
306 1908 346 1974 D.
360 1909 436 1974 ibid.
462 1945 500 1956 -
526 1908 577 1974 Ad
600 1908 720 1974 flumen
744 1912 854 1974 autem
877 1909 1043 1992 publicum
1066 1909 1154 1974 idem

136 1996 290 2063 Neratius
310 1998 422 2063 eodem
438 1998 526 2062 *libro
548 1998 661 2063 scribit
680 1998 742 2062 iter
760 1998 874 2062 debera
888 1997 945 2079 <in
964 1997 1056 2081 iure>
1075 1998 1154 2084 cedi,

137 2088 289 2152 haustum
318 2109 384 2152 non
415 2090 578 2170 oportere,
615 2091 648 2151 et
680 2088 708 2151 si
739 2087 810 2172 quis
842 2089 970 2151 tantum
998 2087 1153 2152 haustum

137 2178 281 2260 cesserit,
305 2175 388 2240 nihil
413 2196 486 2240 eum
510 2195 613 2260 agere.

563 2350 613 2416 Dc
635 2374 726 2435 aqua.

227 2461 280 2526 31.
307 2457 346 2525 Ι).
361 2460 414 2543 43,
429 2459 481 2541 20,
495 2459 525 2523 6.
571 2456 726 2524 Neratius
754 2457 838 2523 libro
865 2459 963 2524 tertio
990 2458 1153 2526 Membra·

139 2571 263 2613 uarum.
286 2585 328 2595 —
352 2547 402 2612 De
428 2547 600 2612 interdicto
624 2547 663 2611 de
687 2569 771 2632 aqua
794 2547 931 2624 aestiva,
958 2549 1037 2614 item
1061 2551 1153 2615 cotti-

138 2638 235 2702 diana
249 2640 440 2721 quaerentes
454 2635 595 2720 primum
606 2634 865 2701 constituendum
876 2636 1152 2722 existimabamus,

138 2747 221 2810 quae
246 2728 331 2790 esset
355 2747 437 2809 aqua
461 2725 594 2810 aestiva,
617 2724 656 2789 de
674 2746 737 2810 qua
755 2724 924 2808 proprium
942 2726 1152 2791 interdictum

137 2814 178 2878 ad
203 2814 321 2897 prioris
341 2814 475 2879 aestatis
492 2817 621 2899 tempus
639 2815 778 2878 relatum
796 2812 887 2879 reddi
905 2815 999 2898 solet,
1021 2815 1083 2881 hoo
1102 2819 1152 2880 est

139 2904 264 2967 aestiva
292 2924 375 2989 aqua
403 2906 553 2967 utrumne
577 2922 616 2966 ex
638 2901 707 2966 iure
732 2903 855 2968 aestivo
878 2902 1050 2969 dumtaxat
1071 2908 1150 2968 tem·

136 3011 215 3075 pore
243 2992 353 3055 utendi
381 2991 553 3076 diceretur,
581 3013 622 3055 an
646 3013 684 3056 ex
707 2992 816 3055 mente
838 2991 1072 3077 propositoque
1096 2993 1150 3057 du·

137 3080 253 3163 cantis,
281 3079 367 3164 quod
395 3082 517 3144 aestate
545 3101 617 3144 eam
645 3079 780 3145 ducendi
808 3080 979 3145 consilium
1007 3080 1151 3165 haberet,

138 3189 180 3232 an
204 3189 242 3232 ex
265 3171 382 3233 natura
404 3168 506 3252 ipsius
531 3190 647 3252 aquae,
670 3168 755 3252 quod
780 3171 903 3233 aestate
925 3172 1055 3234 tautum
1078 3170 1150 3235 duci

136 3260 261 3340 potest,
293 3279 335 3321 an
368 3278 407 3322 ex
438 3256 581 3322 utilitate
612 3258 768 3340 locorum,
800 3257 835 3320 in
863 3279 945 3341 quae
973 3257 1151 3325 duceretur.

136 3345 287 3429 placebat
309 3346 412 3431 igitur
430 3366 546 3429 aquam
566 3344 607 3409 ob
627 3346 686 3410 bas
705 3346 784 3410 duas
802 3367 865 3428 res,
887 3350 1039 3412 naturam
1058 3370 1150 3413 suam

137 3435 375 3518 utilitatemque
398 3434 543 3499 locorum
567 3433 600 3497 in
624 3455 706 3519 quae
730 3433 912 3520 deducitur,
940 3436 1071 3521 proprie
1094 3458 1149 3519 ap-

136 3523 267 3610 pellari,
294 3524 341 3588 ita
368 3525 417 3608 ut,
446 3522 514 3587 sive
542 3523 611 3588 eius
637 3525 754 3587 natura
779 3523 853 3609 erit,
879 3527 917 3589 ut
939 3525 1002 3590 nisi
1027 3528 1150 3590 aestate
