<?xml version="1.0" encoding="UTF-8"?>
<!DOCTYPE html PUBLIC "-//W3C//DTD XHTML 1.0 Transitional//EN"
    "http://www.w3.org/TR/xhtml1/DTD/xhtml1-transitional.dtd">
<html xmlns="http://www.w3.org/1999/xhtml" xml:lang="en" lang="en">
 <head>
  <title>
</title>
<meta http-equiv="Content-Type" content="text/html;charset=utf-8" />
  <meta name='ocr-system' content='tesseract 3.04.00' />
  <meta name='ocr-capabilities' content='ocr_page ocr_carea ocr_par ocr_line ocrx_word'/>
</head>
<body>
  <div class='ocr_page' id='page_1' title='image "./iurisprudentiae02bremgoog_0577.png"; bbox 0 0 2430 3944; ppageno 0'>
   <div class='ocr_carea' id='block_1_1' title="bbox 165 182 812 252">
    <p class='ocr_par' dir='ltr' id='par_1_1' title="bbox 165 182 812 252">
     <span class='ocr_line' id='line_1_1' title="bbox 165 182 812 252; baseline -0.002 -11"><span class='ocrx_word' id='word_1_1' title='bbox 165 188 231 252; x_wconf 81' lang='lat'>544</span> <span class='ocrx_word' id='word_1_2' title='bbox 533 182 812 240; x_wconf 79' lang='lat' dir='ltr'>ADDITAMENTA.</span> 
     </span>
    </p>
   </div>
   <div class='ocr_carea' id='block_1_2' title="bbox 164 343 1166 680">
    <p class='ocr_par' dir='ltr' id='par_1_2' title="bbox 164 343 1166 680">
     <span class='ocr_line' id='line_1_2' title="bbox 164 343 1166 435; baseline -0.004 -22"><span class='ocrx_word' id='word_1_3' title='bbox 164 343 335 435; x_wconf 88' lang='lat' dir='ltr'>personam</span> <span class='ocrx_word' id='word_1_4' title='bbox 359 352 445 433; x_wconf 86' lang='lat' dir='ltr'>agat,</span> <span class='ocrx_word' id='word_1_5' title='bbox 469 347 631 431; x_wconf 80' lang='lat' dir='ltr'>suscipere</span> <span class='ocrx_word' id='word_1_6' title='bbox 650 345 810 431; x_wconf 73' lang='lat' dir='ltr'>(debere)</span> <span class='ocrx_word' id='word_1_7' title='bbox 834 347 942 430; x_wconf 87' lang='lat' dir='ltr'>ipsum</span> <span class='ocrx_word' id='word_1_8' title='bbox 962 347 1002 412; x_wconf 89' lang='lat' dir='ltr'>ad</span> <span class='ocrx_word' id='word_1_9' title='bbox 1022 347 1088 411; x_wconf 89' lang='lat' dir='ltr'>litis</span> <span class='ocrx_word' id='word_1_10' title='bbox 1106 367 1166 411; x_wconf 89' lang='lat' dir='ltr'>oon·</span> 
     </span>
     <span class='ocr_line' id='line_1_3' title="bbox 165 434 1165 520; baseline -0.005 -17"><span class='ocrx_word' id='word_1_11' title='bbox 165 437 386 520; x_wconf 76' lang='lat' dir='ltr'><strong>testationem,</strong></span> <span class='ocrx_word' id='word_1_12' title='bbox 411 436 465 500; x_wconf 88' lang='lat' dir='ltr'>sed</span> <span class='ocrx_word' id='word_1_13' title='bbox 486 435 709 501; x_wconf 88' lang='lat' dir='ltr'>sustinendum</span> <span class='ocrx_word' id='word_1_14' title='bbox 728 435 891 518; x_wconf 89' lang='lat' dir='ltr'>iudicium,</span> <span class='ocrx_word' id='word_1_15' title='bbox 910 434 1012 500; x_wconf 87' lang='lat' dir='ltr'>donec</span> <span class='ocrx_word' id='word_1_16' title='bbox 1031 436 1069 500; x_wconf 90' lang='lat' dir='ltr'>de</span> <span class='ocrx_word' id='word_1_17' title='bbox 1085 434 1165 500; x_wconf 91' lang='lat' dir='ltr'>liber·</span> 
     </span>
     <span class='ocr_line' id='line_1_4' title="bbox 166 523 1164 610; baseline -0.006 -19"><span class='ocrx_word' id='word_1_18' title='bbox 166 531 234 591; x_wconf 88' lang='lat' dir='ltr'>tate</span> <span class='ocrx_word' id='word_1_19' title='bbox 260 527 432 610; x_wconf 81' lang='lat' dir='ltr'>iudicetur3</span> <span class='ocrx_word' id='word_1_20' title='bbox 461 546 520 588; x_wconf 91' lang='lat' dir='ltr'>nec</span> <span class='ocrx_word' id='word_1_21' title='bbox 548 524 650 588; x_wconf 85' lang='lat' dir='ltr'>videri</span> <span class='ocrx_word' id='word_1_22' title='bbox 678 523 912 608; x_wconf 87' lang='lat' dir='ltr'>praeiudicium</span> <span class='ocrx_word' id='word_1_23' title='bbox 941 524 1086 589; x_wconf 74' lang='lat' dir='ltr'>libertati</span> <span class='ocrx_word' id='word_1_24' title='bbox 1110 523 1164 588; x_wconf 89' lang='lat' dir='ltr'>lieri</span> 
     </span>
     <span class='ocr_line' id='line_1_5' title="bbox 167 613 1046 680; baseline -0.001 0"><span class='ocrx_word' id='word_1_25' title='bbox 167 619 224 680; x_wconf 89' lang='lat' dir='ltr'>aut</span> <span class='ocrx_word' id='word_1_26' title='bbox 248 616 414 680; x_wconf 86' lang='lat' dir='ltr'>voluntate</span> <span class='ocrx_word' id='word_1_27' title='bbox 438 613 560 678; x_wconf 89' lang='lat' dir='ltr'>domini</span> <span class='ocrx_word' id='word_1_28' title='bbox 584 615 618 677; x_wconf 93' lang='lat' dir='ltr'>in</span> <span class='ocrx_word' id='word_1_29' title='bbox 642 613 792 677; x_wconf 85' lang='lat' dir='ltr'>libertate</span> <span class='ocrx_word' id='word_1_30' title='bbox 816 635 890 677; x_wconf 88' lang='lat' dir='ltr'>eum</span> <span class='ocrx_word' id='word_1_31' title='bbox 915 613 1046 679; x_wconf 87' lang='lat' dir='ltr'>morari.</span> 
     </span>
    </p>
   </div>
   <div class='ocr_carea' id='block_1_3' title="bbox 500 755 848 838">
    <p class='ocr_par' dir='ltr' id='par_1_3' title="bbox 500 755 848 838">
     <span class='ocr_line' id='line_1_6' title="bbox 500 755 848 838; baseline 0.003 -19"><span class='ocrx_word' id='word_1_32' title='bbox 500 755 550 819; x_wconf 87' lang='lat' dir='ltr'>De</span> <span class='ocrx_word' id='word_1_33' title='bbox 566 755 678 836; x_wconf 81' lang='lat' dir='ltr'>patria</span> <span class='ocrx_word' id='word_1_34' title='bbox 692 760 848 838; x_wconf 74' lang='lat' dir='ltr'>potestate.</span> 
     </span>
    </p>
   </div>
   <div class='ocr_carea' id='block_1_4' title="bbox 167 860 1209 1214">
    <p class='ocr_par' dir='ltr' id='par_1_4' title="bbox 167 860 1209 1214">
     <span class='ocr_line' id='line_1_7' title="bbox 259 860 1161 946; baseline -0.006 -20"><span class='ocrx_word' id='word_1_35' title='bbox 259 864 323 928; x_wconf 79' lang='lat'>66?</span> <span class='ocrx_word' id='word_1_36' title='bbox 347 862 386 926; x_wconf 90' lang='lat' dir='ltr'>D.</span> <span class='ocrx_word' id='word_1_37' title='bbox 403 864 431 944; x_wconf 91' lang='lat'>1,</span> <span class='ocrx_word' id='word_1_38' title='bbox 445 861 475 942; x_wconf 83' lang='lat'>9,</span> <span class='ocrx_word' id='word_1_39' title='bbox 490 863 508 925; x_wconf 78' lang='lat'><strong>7</strong></span> <span class='ocrx_word' id='word_1_40' title='bbox 511 912 520 944; x_wconf 92' lang='lat'>,</span> <span class='ocrx_word' id='word_1_41' title='bbox 536 864 563 926; x_wconf 91' lang='lat'>1.</span> <span class='ocrx_word' id='word_1_42' title='bbox 597 860 756 945; x_wconf 83' lang='lat' dir='ltr'>Ulpianus</span> <span class='ocrx_word' id='word_1_43' title='bbox 779 861 863 925; x_wconf 91' lang='lat' dir='ltr'>libro</span> <span class='ocrx_word' id='word_1_44' title='bbox 888 863 994 945; x_wconf 90' lang='lat' dir='ltr'>primo</span> <span class='ocrx_word' id='word_1_45' title='bbox 1019 861 1060 926; x_wconf 88' lang='lat' dir='ltr'>ad</span> <span class='ocrx_word' id='word_1_46' title='bbox 1076 863 1161 946; x_wconf 88' lang='lat' dir='ltr'>legen</span> 
     </span>
     <span class='ocr_line' id='line_1_8' title="bbox 167 947 1209 1035; baseline -0.005 -18"><span class='ocrx_word' id='word_1_47' title='bbox 167 952 286 1017; x_wconf 90' lang='lat' dir='ltr'>Iuliam</span> <span class='ocrx_word' id='word_1_48' title='bbox 314 954 347 1014; x_wconf 91' lang='lat' dir='ltr'>et</span> <span class='ocrx_word' id='word_1_49' title='bbox 372 950 519 1033; x_wconf 81' lang='lat' dir='ltr'>Papiam.</span> <span class='ocrx_word' id='word_1_50' title='bbox 539 987 577 996; x_wconf 97' lang='lat'>—</span> <span class='ocrx_word' id='word_1_51' title='bbox 604 948 638 1014; x_wconf 87' lang='lat' dir='ltr'>Si</span> <span class='ocrx_word' id='word_1_52' title='bbox 669 951 740 1033; x_wconf 88' lang='lat' dir='ltr'>quis</span> <span class='ocrx_word' id='word_1_53' title='bbox 768 956 944 1033; x_wconf 90' lang='lat' dir='ltr'>conceptus</span> <span class='ocrx_word' id='word_1_54' title='bbox 973 949 1100 1035; x_wconf 88' lang='lat' dir='ltr'>quidem</span> <span class='ocrx_word' id='word_1_55' title='bbox 1123 947 1161 1028; x_wconf 80' lang='lat' dir='ltr'>sit,</span> <span class='ocrx_word' id='word_1_56' title='bbox 1207 1024 1209 1031; x_wconf 28' lang='grc' dir='ltr'>Ι</span> 
     </span>
     <span class='ocr_line' id='line_1_9' title="bbox 168 1036 1209 1125; baseline -0.006 -20"><span class='ocrx_word' id='word_1_57' title='bbox 168 1046 344 1125; x_wconf 88' lang='lat' dir='ltr'>antequam</span> <span class='ocrx_word' id='word_1_58' title='bbox 376 1047 469 1123; x_wconf 86' lang='lat' dir='ltr'>pater</span> <span class='ocrx_word' id='word_1_59' title='bbox 497 1039 564 1103; x_wconf 91' lang='lat' dir='ltr'>eius</span> <span class='ocrx_word' id='word_1_60' title='bbox 594 1043 708 1102; x_wconf 85' lang='lat' dir='ltr'>senatu</span> <span class='ocrx_word' id='word_1_61' title='bbox 736 1041 918 1122; x_wconf 85' lang='lat' dir='ltr'>moveatur,</span> <span class='ocrx_word' id='word_1_62' title='bbox 946 1038 1048 1104; x_wconf 76' lang='lat' dir='ltr'>“natus</span> <span class='ocrx_word' id='word_1_63' title='bbox 1075 1041 1161 1103; x_wconf 65' lang='lat' dir='ltr'>auam</span> <span class='ocrx_word' id='word_1_64' title='bbox 1207 1036 1209 1109; x_wconf 67' lang='grc' dir='ltr'><em>ζ</em></span> 
     </span>
     <span class='ocr_line' id='line_1_10' title="bbox 168 1118 1209 1214; baseline -0.007 -20"><span class='ocrx_word' id='word_1_65' title='bbox 168 1132 243 1214; x_wconf 88' lang='lat' dir='ltr'>post</span> <span class='ocrx_word' id='word_1_66' title='bbox 270 1128 373 1212; x_wconf 86' lang='lat' dir='ltr'>patris</span> <span class='ocrx_word' id='word_1_67' title='bbox 403 1128 554 1191; x_wconf 87' lang='lat' dir='ltr'>emissam</span> <span class='ocrx_word' id='word_1_68' title='bbox 583 1127 790 1213; x_wconf 88' lang='lat' dir='ltr'>dignitatem,</span> <span class='ocrx_word' id='word_1_69' title='bbox 821 1128 928 1213; x_wconf 88' lang='lat' dir='ltr'>magis</span> <span class='ocrx_word' id='word_1_70' title='bbox 958 1131 1009 1192; x_wconf 86' lang='lat' dir='ltr'>cst</span> <span class='ocrx_word' id='word_1_71' title='bbox 1031 1131 1068 1192; x_wconf 88' lang='lat' dir='ltr'>ut</span> <span class='ocrx_word' id='word_1_72' title='bbox 1088 1123 1161 1210; x_wconf 86' lang='lat' dir='ltr'>quasi</span> <span class='ocrx_word' id='word_1_73' title='bbox 1207 1118 1209 1195; x_wconf 74' lang='grc' dir='ltr'>ἰ</span> 
     </span>
    </p>
   </div>
   <div class='ocr_carea' id='block_1_5' title="bbox 37 1198 1209 2984">
    <p class='ocr_par' dir='ltr' id='par_1_5' title="bbox 169 1198 1209 1392">
     <span class='ocr_line' id='line_1_11' title="bbox 170 1198 1209 1301; baseline -0.007 -19"><span class='ocrx_word' id='word_1_74' title='bbox 170 1218 328 1282; x_wconf 89' lang='lat' dir='ltr'>senatoris</span> <span class='ocrx_word' id='word_1_75' title='bbox 348 1216 437 1280; x_wconf 86' lang='lat' dir='ltr'>filius</span> <span class='ocrx_word' id='word_1_76' title='bbox 457 1216 683 1300; x_wconf 73' lang='lat' dir='ltr'>intellegatur,</span> <span class='ocrx_word' id='word_1_77' title='bbox 706 1219 836 1298; x_wconf 86' lang='lat' dir='ltr'>tempus</span> <span class='ocrx_word' id='word_1_78' title='bbox 856 1217 943 1280; x_wconf 91' lang='lat' dir='ltr'>enim</span> <span class='ocrx_word' id='word_1_79' title='bbox 963 1213 1160 1301; x_wconf 79' lang='lat' dir='ltr'>conceptionis</span> <span class='ocrx_word' id='word_1_80' title='bbox 1207 1198 1209 1267; x_wconf 77' lang='lat' dir='ltr'>l</span> 
     </span>
     <span class='ocr_line' id='line_1_12' title="bbox 169 1305 716 1392; baseline -0.007 -21"><span class='ocrx_word' id='word_1_81' title='bbox 169 1306 379 1392; x_wconf 85' lang='lat' dir='ltr'>spectandum</span> <span class='ocrx_word' id='word_1_82' title='bbox 401 1305 564 1390; x_wconf 86' lang='lat' dir='ltr'>plerisque</span> <span class='ocrx_word' id='word_1_83' title='bbox 587 1305 716 1388; x_wconf 88' lang='lat' dir='ltr'>placuit.</span> 
     </span>
    </p>

    <p class='ocr_par' dir='ltr' id='par_1_6' title="bbox 169 1392 1209 1745">
     <span class='ocr_line' id='line_1_13' title="bbox 259 1392 1209 1476; baseline -0.008 -18"><span class='ocrx_word' id='word_1_84' title='bbox 259 1395 309 1459; x_wconf 82' lang='grc'>67.</span> <span class='ocrx_word' id='word_1_85' title='bbox 334 1392 403 1458; x_wconf 81' lang='lat' dir='ltr'>Gai.</span> <span class='ocrx_word' id='word_1_86' title='bbox 421 1396 449 1476; x_wconf 90' lang='lat'>1,</span> <span class='ocrx_word' id='word_1_87' title='bbox 463 1393 514 1458; x_wconf 88' lang='grc'>90.</span> <span class='ocrx_word' id='word_1_88' title='bbox 539 1430 581 1438; x_wconf 87' lang='grc'><strong>-</strong></span> <span class='ocrx_word' id='word_1_89' title='bbox 603 1393 681 1458; x_wconf 92' lang='lat' dir='ltr'>..si</span> <span class='ocrx_word' id='word_1_90' title='bbox 703 1392 755 1456; x_wconf 87' lang='lat' dir='ltr'>cui</span> <span class='ocrx_word' id='word_1_91' title='bbox 779 1392 908 1457; x_wconf 87' lang='lat' dir='ltr'>mulieri</span> <span class='ocrx_word' id='word_1_92' title='bbox 932 1394 995 1458; x_wconf 85' lang='lat' dir='ltr'>civi</span> <span class='ocrx_word' id='word_1_93' title='bbox 1019 1393 1162 1459; x_wconf 87' lang='lat' dir='ltr'>Romanae</span> <span class='ocrx_word' id='word_1_94' title='bbox 1207 1406 1209 1451; x_wconf 75' lang='lat'>5</span> 
     </span>
     <span class='ocr_line' id='line_1_14' title="bbox 169 1478 1209 1567; baseline -0.006 -20"><span class='ocrx_word' id='word_1_95' title='bbox 169 1483 340 1567; x_wconf 82' lang='lat' dir='ltr'>praegnati</span> <span class='ocrx_word' id='word_1_96' title='bbox 364 1503 447 1566; x_wconf 89' lang='lat' dir='ltr'>aqua</span> <span class='ocrx_word' id='word_1_97' title='bbox 471 1486 504 1546; x_wconf 89' lang='lat' dir='ltr'>et</span> <span class='ocrx_word' id='word_1_98' title='bbox 524 1481 594 1566; x_wconf 83' lang='lat' dir='ltr'>igni</span> <span class='ocrx_word' id='word_1_99' title='bbox 611 1480 822 1546; x_wconf 88' lang='lat' dir='ltr'>interdictum</span> <span class='ocrx_word' id='word_1_100' title='bbox 840 1479 950 1565; x_wconf 83' lang='lat' dir='ltr'>fuerit,</span> <span class='ocrx_word' id='word_1_101' title='bbox 968 1478 1163 1567; x_wconf 81' lang='lat' dir='ltr'>ecquomodo</span> <span class='ocrx_word' id='word_1_102' title='bbox 1206 1486 1209 1565; x_wconf 69' lang='lat' dir='ltr'>l</span> 
     </span>
     <span class='ocr_line' id='line_1_15' title="bbox 169 1569 1209 1656; baseline -0.007 -21"><span class='ocrx_word' id='word_1_103' title='bbox 169 1571 341 1656; x_wconf 87' lang='lat' dir='ltr'>peregrina</span> <span class='ocrx_word' id='word_1_104' title='bbox 363 1570 450 1635; x_wconf 85' lang='lat' dir='ltr'>facta</span> <span class='ocrx_word' id='word_1_105' title='bbox 472 1575 549 1635; x_wconf 88' lang='lat' dir='ltr'>tuno</span> <span class='ocrx_word' id='word_1_106' title='bbox 571 1570 693 1654; x_wconf 88' lang='lat' dir='ltr'>pariat,</span> <span class='ocrx_word' id='word_1_107' title='bbox 715 1570 898 1654; x_wconf 86' lang='lat' dir='ltr'>complures</span> <span class='ocrx_word' id='word_1_108' title='bbox 922 1570 1121 1656; x_wconf 87' lang='lat' dir='ltr'>distinguunt</span> <span class='ocrx_word' id='word_1_109' title='bbox 1141 1569 1165 1630; x_wconf 92' lang='lat' dir='ltr'>et</span> <span class='ocrx_word' id='word_1_110' title='bbox 1207 1584 1209 1603; x_wconf 82' lang='lat'><strong>¹</strong></span> 
     </span>
     <span class='ocr_line' id='line_1_16' title="bbox 169 1658 1164 1745; baseline -0.004 -22"><span class='ocrx_word' id='word_1_111' title='bbox 169 1663 299 1743; x_wconf 84' lang='lat' dir='ltr'>putant,</span> <span class='ocrx_word' id='word_1_112' title='bbox 328 1659 486 1743; x_wconf 84' lang='lat' dir='ltr'>siquidem</span> <span class='ocrx_word' id='word_1_113' title='bbox 514 1681 553 1722; x_wconf 88' lang='lat' dir='ltr'>ex</span> <span class='ocrx_word' id='word_1_114' title='bbox 584 1660 680 1723; x_wconf 89' lang='lat' dir='ltr'>iustis</span> <span class='ocrx_word' id='word_1_115' title='bbox 707 1658 830 1742; x_wconf 88' lang='lat' dir='ltr'>nuptiis</span> <span class='ocrx_word' id='word_1_116' title='bbox 858 1660 1056 1745; x_wconf 82' lang='lat' dir='ltr'>conceperit,</span> <span class='ocrx_word' id='word_1_117' title='bbox 1082 1659 1164 1725; x_wconf 84' lang='lat' dir='ltr'>cireu</span> 
     </span>
    </p>

    <p class='ocr_par' dir='ltr' id='par_1_7' title="bbox 37 1747 1165 1921">
     <span class='ocr_line' id='line_1_17' title="bbox 37 1747 1165 1833; baseline -0.005 -19"><span class='ocrx_word' id='word_1_118' title='bbox 37 1820 39 1823; x_wconf 59' lang='grc'><strong>,</strong></span> <span class='ocrx_word' id='word_1_119' title='bbox 169 1748 352 1814; x_wconf 91' lang='lat' dir='ltr'>Romanum</span> <span class='ocrx_word' id='word_1_120' title='bbox 376 1770 414 1812; x_wconf 87' lang='lat' dir='ltr'>ex</span> <span class='ocrx_word' id='word_1_121' title='bbox 438 1770 476 1812; x_wconf 91' lang='lat' dir='ltr'>ea</span> <span class='ocrx_word' id='word_1_122' title='bbox 498 1747 597 1831; x_wconf 87' lang='lat' dir='ltr'>nasci,</span> <span class='ocrx_word' id='word_1_123' title='bbox 621 1748 743 1812; x_wconf 86' lang='lat' dir='ltr'>sivero</span> <span class='ocrx_word' id='word_1_124' title='bbox 762 1747 862 1831; x_wconf 87' lang='lat' dir='ltr'>vulgo</span> <span class='ocrx_word' id='word_1_125' title='bbox 882 1749 1076 1833; x_wconf 80' lang='lat' dir='ltr'>conceperit,</span> <span class='ocrx_word' id='word_1_126' title='bbox 1095 1766 1165 1832; x_wconf 87' lang='lat' dir='ltr'>pere</span> 
     </span>
     <span class='ocr_line' id='line_1_18' title="bbox 171 1837 580 1921; baseline 0 -21"><span class='ocrx_word' id='word_1_127' title='bbox 171 1837 301 1921; x_wconf 90' lang='lat' dir='ltr'>grinum</span> <span class='ocrx_word' id='word_1_128' title='bbox 324 1858 364 1900; x_wconf 87' lang='lat' dir='ltr'>ex</span> <span class='ocrx_word' id='word_1_129' title='bbox 386 1837 546 1902; x_wconf 78' lang='lat' dir='ltr'>eanasci.</span> <span class='ocrx_word' id='word_1_130' title='bbox 578 1856 580 1862; x_wconf 83' lang='grc'><strong>’</strong></span> 
     </span>
    </p>

    <p class='ocr_par' dir='ltr' id='par_1_8' title="bbox 170 1923 1167 2522">
     <span class='ocr_line' id='line_1_19' title="bbox 261 1923 1167 2009; baseline -0.009 -17"><span class='ocrx_word' id='word_1_131' title='bbox 261 1925 312 1992; x_wconf 88' lang='grc'>68.</span> <span class='ocrx_word' id='word_1_132' title='bbox 335 1924 404 1990; x_wconf 83' lang='lat' dir='ltr'>Gai.</span> <span class='ocrx_word' id='word_1_133' title='bbox 422 1928 449 2009; x_wconf 93' lang='lat' dir='ltr'>l,</span> <span class='ocrx_word' id='word_1_134' title='bbox 464 1926 515 1991; x_wconf 84' lang='lat'>91.</span> <span class='ocrx_word' id='word_1_135' title='bbox 538 1962 576 1971; x_wconf 97' lang='lat'>—</span> <span class='ocrx_word' id='word_1_136' title='bbox 596 1924 679 1988; x_wconf 89' lang='lat' dir='ltr'>Item</span> <span class='ocrx_word' id='word_1_137' title='bbox 695 1925 723 1989; x_wconf 88' lang='lat' dir='ltr'>si</span> <span class='ocrx_word' id='word_1_138' title='bbox 737 1946 801 2008; x_wconf 84' lang='lat' dir='ltr'>qua</span> <span class='ocrx_word' id='word_1_139' title='bbox 814 1923 929 1990; x_wconf 89' lang='lat' dir='ltr'>mulier</span> <span class='ocrx_word' id='word_1_140' title='bbox 944 1925 1025 1991; x_wconf 88' lang='lat' dir='ltr'>civis</span> <span class='ocrx_word' id='word_1_141' title='bbox 1040 1925 1167 1992; x_wconf 89' lang='lat' dir='ltr'>Romana</span> 
     </span>
     <span class='ocr_line' id='line_1_20' title="bbox 170 2010 1166 2100; baseline -0.007 -22"><span class='ocrx_word' id='word_1_142' title='bbox 170 2036 328 2100; x_wconf 81' lang='lat' dir='ltr'>praegnas</span> <span class='ocrx_word' id='word_1_143' title='bbox 362 2036 401 2078; x_wconf 83' lang='lat' dir='ltr'>ex</span> <span class='ocrx_word' id='word_1_144' title='bbox 433 2014 715 2078; x_wconf 87' lang='lat' dir='ltr'>senatusconsulto</span> <span class='ocrx_word' id='word_1_145' title='bbox 747 2010 923 2078; x_wconf 85' lang='lat' dir='ltr'>Claudiano</span> <span class='ocrx_word' id='word_1_146' title='bbox 954 2016 1074 2079; x_wconf 87' lang='lat' dir='ltr'>ancilla</span> <span class='ocrx_word' id='word_1_147' title='bbox 1098 2014 1166 2076; x_wconf 86' lang='lat' dir='ltr'>faeta</span> 
     </span>
     <span class='ocr_line' id='line_1_21' title="bbox 172 2102 1165 2187; baseline -0.008 -20"><span class='ocrx_word' id='word_1_148' title='bbox 172 2105 216 2168; x_wconf 87' lang='lat' dir='ltr'>sit</span> <span class='ocrx_word' id='word_1_149' title='bbox 249 2104 290 2167; x_wconf 93' lang='lat' dir='ltr'>ob</span> <span class='ocrx_word' id='word_1_150' title='bbox 323 2102 357 2166; x_wconf 85' lang='lat' dir='ltr'>id</span> <span class='ocrx_word' id='word_1_151' title='bbox 390 2103 475 2187; x_wconf 89' lang='lat' dir='ltr'>quod</span> <span class='ocrx_word' id='word_1_152' title='bbox 509 2104 616 2166; x_wconf 90' lang='lat' dir='ltr'>alieno</span> <span class='ocrx_word' id='word_1_153' title='bbox 649 2124 741 2166; x_wconf 84' lang='lat' dir='ltr'>servo</span> <span class='ocrx_word' id='word_1_154' title='bbox 773 2102 876 2165; x_wconf 87' lang='lat' dir='ltr'>invito</span> <span class='ocrx_word' id='word_1_155' title='bbox 911 2106 944 2166; x_wconf 93' lang='lat' dir='ltr'>et</span> <span class='ocrx_word' id='word_1_156' title='bbox 978 2103 1165 2168; x_wconf 86' lang='lat' dir='ltr'>denuntiante</span> 
     </span>
     <span class='ocr_line' id='line_1_22' title="bbox 173 2187 1165 2276; baseline -0.007 -20"><span class='ocrx_word' id='word_1_157' title='bbox 173 2193 303 2256; x_wconf 90' lang='lat' dir='ltr'>domino</span> <span class='ocrx_word' id='word_1_158' title='bbox 327 2193 396 2254; x_wconf 91' lang='lat' dir='ltr'>eius</span> <span class='ocrx_word' id='word_1_159' title='bbox 415 2191 579 2276; x_wconf 84' lang='lat' dir='ltr'>&lt;coierit&gt;,</span> <span class='ocrx_word' id='word_1_160' title='bbox 604 2191 774 2274; x_wconf 90' lang='lat' dir='ltr'>conplures</span> <span class='ocrx_word' id='word_1_161' title='bbox 799 2191 1006 2275; x_wconf 85' lang='lat' dir='ltr'>distinguunt</span> <span class='ocrx_word' id='word_1_162' title='bbox 1026 2197 1058 2256; x_wconf 87' lang='lat' dir='ltr'>et</span> <span class='ocrx_word' id='word_1_163' title='bbox 1076 2187 1165 2256; x_wconf 87' lang='lat' dir='ltr'>existi-</span> 
     </span>
     <span class='ocr_line' id='line_1_23' title="bbox 172 2279 1165 2366; baseline -0.006 -22"><span class='ocrx_word' id='word_1_164' title='bbox 172 2284 272 2362; x_wconf 91' lang='lat' dir='ltr'>mant,</span> <span class='ocrx_word' id='word_1_165' title='bbox 297 2282 323 2343; x_wconf 90' lang='lat' dir='ltr'>si</span> <span class='ocrx_word' id='word_1_166' title='bbox 348 2280 477 2364; x_wconf 87' lang='lat' dir='ltr'>quidem</span> <span class='ocrx_word' id='word_1_167' title='bbox 501 2301 539 2344; x_wconf 90' lang='lat' dir='ltr'>ex</span> <span class='ocrx_word' id='word_1_168' title='bbox 558 2280 653 2344; x_wconf 89' lang='lat' dir='ltr'>iustis</span> <span class='ocrx_word' id='word_1_169' title='bbox 672 2279 793 2362; x_wconf 89' lang='lat' dir='ltr'>nuptiis</span> <span class='ocrx_word' id='word_1_170' title='bbox 813 2282 989 2363; x_wconf 86' lang='lat' dir='ltr'>conceptus</span> <span class='ocrx_word' id='word_1_171' title='bbox 1010 2282 1063 2366; x_wconf 91' lang='lat' dir='ltr'>sit,</span> <span class='ocrx_word' id='word_1_172' title='bbox 1084 2280 1165 2344; x_wconf 87' lang='lat' dir='ltr'>civem</span> 
     </span>
     <span class='ocr_line' id='line_1_24' title="bbox 171 2366 1165 2454; baseline -0.004 -22"><span class='ocrx_word' id='word_1_173' title='bbox 171 2369 354 2433; x_wconf 88' lang='lat' dir='ltr'>Romanum</span> <span class='ocrx_word' id='word_1_174' title='bbox 383 2390 421 2432; x_wconf 85' lang='lat' dir='ltr'>ex</span> <span class='ocrx_word' id='word_1_175' title='bbox 450 2390 488 2432; x_wconf 90' lang='lat' dir='ltr'>ea</span> <span class='ocrx_word' id='word_1_176' title='bbox 514 2369 618 2451; x_wconf 88' lang='lat' dir='ltr'>nasci,</span> <span class='ocrx_word' id='word_1_177' title='bbox 646 2368 674 2431; x_wconf 93' lang='lat' dir='ltr'>si</span> <span class='ocrx_word' id='word_1_178' title='bbox 701 2390 776 2431; x_wconf 91' lang='lat' dir='ltr'>vero</span> <span class='ocrx_word' id='word_1_179' title='bbox 800 2367 898 2451; x_wconf 82' lang='lat' dir='ltr'>vulgo</span> <span class='ocrx_word' id='word_1_180' title='bbox 927 2377 1101 2454; x_wconf 89' lang='lat' dir='ltr'>conceptus</span> <span class='ocrx_word' id='word_1_181' title='bbox 1126 2366 1165 2444; x_wconf 87' lang='lat' dir='ltr'>sit,</span> 
     </span>
     <span class='ocr_line' id='line_1_25' title="bbox 173 2457 1115 2522; baseline 0 -2"><span class='ocrx_word' id='word_1_182' title='bbox 173 2480 299 2521; x_wconf 89' lang='lat' dir='ltr'>servum</span> <span class='ocrx_word' id='word_1_183' title='bbox 324 2457 412 2521; x_wconf 89' lang='lat' dir='ltr'>nasci</span> <span class='ocrx_word' id='word_1_184' title='bbox 437 2458 505 2521; x_wconf 92' lang='lat' dir='ltr'>eius</span> <span class='ocrx_word' id='word_1_185' title='bbox 529 2457 619 2522; x_wconf 87' lang='lat' dir='ltr'>ouius</span> <span class='ocrx_word' id='word_1_186' title='bbox 643 2461 748 2520; x_wconf 87' lang='lat' dir='ltr'>mater</span> <span class='ocrx_word' id='word_1_187' title='bbox 771 2458 858 2520; x_wconf 87' lang='lat' dir='ltr'>facta</span> <span class='ocrx_word' id='word_1_188' title='bbox 881 2461 968 2521; x_wconf 89' lang='lat' dir='ltr'>esset</span> <span class='ocrx_word' id='word_1_189' title='bbox 992 2458 1115 2522; x_wconf 86' lang='lat' dir='ltr'>ancilla</span> 
     </span>
    </p>

    <p class='ocr_par' dir='ltr' id='par_1_9' title="bbox 171 2539 1164 2984">
     <span class='ocr_line' id='line_1_26' title="bbox 261 2539 1164 2629; baseline -0.006 -20"><span class='ocrx_word' id='word_1_190' title='bbox 261 2546 325 2609; x_wconf 71' lang='lat'>69?</span> <span class='ocrx_word' id='word_1_191' title='bbox 358 2545 396 2609; x_wconf 89' lang='lat' dir='ltr'>D.</span> <span class='ocrx_word' id='word_1_192' title='bbox 416 2546 471 2628; x_wconf 83' lang='lat'>50,</span> <span class='ocrx_word' id='word_1_193' title='bbox 495 2547 525 2628; x_wconf 89' lang='lat'>1,</span> <span class='ocrx_word' id='word_1_194' title='bbox 546 2548 579 2629; x_wconf 89' lang='lat' dir='ltr'>l,</span> <span class='ocrx_word' id='word_1_195' title='bbox 597 2547 627 2611; x_wconf 83' lang='lat'>2.</span> <span class='ocrx_word' id='word_1_196' title='bbox 673 2544 833 2629; x_wconf 89' lang='lat' dir='ltr'>Ulpianus</span> <span class='ocrx_word' id='word_1_197' title='bbox 861 2544 947 2610; x_wconf 90' lang='lat' dir='ltr'>libro</span> <span class='ocrx_word' id='word_1_198' title='bbox 977 2545 1112 2611; x_wconf 87' lang='lat' dir='ltr'>secundo</span> <span class='ocrx_word' id='word_1_199' title='bbox 1135 2539 1164 2604; x_wconf 87' lang='lat' dir='ltr'>ad</span> 
     </span>
     <span class='ocr_line' id='line_1_27' title="bbox 172 2629 1163 2699; baseline -0.007 -2"><span class='ocrx_word' id='word_1_200' title='bbox 172 2633 322 2698; x_wconf 92' lang='lat' dir='ltr'>edictum.</span> <span class='ocrx_word' id='word_1_201' title='bbox 351 2671 393 2680; x_wconf 89' lang='lat'>—</span> <span class='ocrx_word' id='word_1_202' title='bbox 428 2633 539 2698; x_wconf 79' lang='lat' dir='ltr'>Celsus</span> <span class='ocrx_word' id='word_1_203' title='bbox 569 2683 608 2699; x_wconf 86' lang='lat'>..</span> <span class='ocrx_word' id='word_1_204' title='bbox 635 2633 733 2698; x_wconf 87' lang='lat' dir='ltr'>refert</span> <span class='ocrx_word' id='word_1_205' title='bbox 770 2633 915 2698; x_wconf 91' lang='lat' dir='ltr'>Ponticis</span> <span class='ocrx_word' id='word_1_206' title='bbox 954 2656 994 2698; x_wconf 87' lang='lat' dir='ltr'>ex</span> <span class='ocrx_word' id='word_1_207' title='bbox 1032 2629 1163 2699; x_wconf 86' lang='lat' dir='ltr'>beneficio</span> 
     </span>
     <span class='ocr_line' id='line_1_28' title="bbox 171 2721 1163 2808; baseline -0.008 -23"><span class='ocrx_word' id='word_1_208' title='bbox 171 2721 304 2805; x_wconf 91' lang='lat' dir='ltr'>Pompei</span> <span class='ocrx_word' id='word_1_209' title='bbox 322 2721 435 2808; x_wconf 84' lang='lat' dir='ltr'>Magni</span> <span class='ocrx_word' id='word_1_210' title='bbox 459 2727 648 2805; x_wconf 89' lang='lat' dir='ltr'>competere,</span> <span class='ocrx_word' id='word_1_211' title='bbox 672 2729 709 2786; x_wconf 91' lang='lat' dir='ltr'>ut</span> <span class='ocrx_word' id='word_1_212' title='bbox 733 2723 788 2806; x_wconf 87' lang='lat' dir='ltr'>qui</span> <span class='ocrx_word' id='word_1_213' title='bbox 807 2722 942 2786; x_wconf 86' lang='lat' dir='ltr'>Pontica</span> <span class='ocrx_word' id='word_1_214' title='bbox 966 2729 1069 2787; x_wconf 90' lang='lat' dir='ltr'>matre</span> <span class='ocrx_word' id='word_1_215' title='bbox 1086 2725 1163 2785; x_wconf 88' lang='lat' dir='ltr'>natus</span> 
     </span>
     <span class='ocr_line' id='line_1_29' title="bbox 173 2809 1162 2895; baseline -0.002 -23"><span class='ocrx_word' id='word_1_216' title='bbox 173 2817 271 2894; x_wconf 89' lang='lat' dir='ltr'>esset,</span> <span class='ocrx_word' id='word_1_217' title='bbox 307 2810 462 2875; x_wconf 89' lang='lat' dir='ltr'>Ponticus</span> <span class='ocrx_word' id='word_1_218' title='bbox 501 2815 594 2877; x_wconf 89' lang='lat' dir='ltr'>esset.</span> <span class='ocrx_word' id='word_1_219' title='bbox 654 2810 740 2895; x_wconf 86' lang='lat' dir='ltr'>quod</span> <span class='ocrx_word' id='word_1_220' title='bbox 777 2810 971 2875; x_wconf 89' lang='lat' dir='ltr'>beneficium</span> <span class='ocrx_word' id='word_1_221' title='bbox 1008 2812 1047 2876; x_wconf 91' lang='lat' dir='ltr'>ad</span> <span class='ocrx_word' id='word_1_222' title='bbox 1086 2809 1162 2890; x_wconf 79' lang='lat' dir='ltr'>uulgo</span> 
     </span>
     <span class='ocr_line' id='line_1_30' title="bbox 173 2899 1064 2984; baseline 0.001 -22"><span class='ocrx_word' id='word_1_223' title='bbox 173 2899 338 2982; x_wconf 84' lang='lat' dir='ltr'>quaesitos</span> <span class='ocrx_word' id='word_1_224' title='bbox 363 2901 449 2965; x_wconf 90' lang='lat' dir='ltr'>solos</span> <span class='ocrx_word' id='word_1_225' title='bbox 473 2901 633 2984; x_wconf 88' lang='lat' dir='ltr'>pertinere</span> <span class='ocrx_word' id='word_1_226' title='bbox 657 2899 787 2982; x_wconf 88' lang='lat' dir='ltr'>quidam</span> <span class='ocrx_word' id='word_1_227' title='bbox 810 2902 935 2983; x_wconf 88' lang='lat' dir='ltr'>putant.</span> <span class='ocrx_word' id='word_1_228' title='bbox 1060 2948 1064 2956; x_wconf 89' lang='lat'><em>.</em></span> 
     </span>
    </p>
   </div>
   <div class='ocr_carea' id='block_1_6' title="bbox 470 3059 890 3244">
    <p class='ocr_par' dir='ltr' id='par_1_10' title="bbox 470 3059 890 3244">
     <span class='ocr_line' id='line_1_31' title="bbox 470 3059 890 3142; baseline -0.005 -18"><span class='ocrx_word' id='word_1_229' title='bbox 470 3060 520 3124; x_wconf 84' lang='lat' dir='ltr'>De</span> <span class='ocrx_word' id='word_1_230' title='bbox 542 3061 691 3142; x_wconf 75' lang='lat' dir='ltr'>emptione</span> <span class='ocrx_word' id='word_1_231' title='bbox 712 3059 890 3124; x_wconf 75' lang='lat' dir='ltr'>verditione.</span> 
     </span>
     <span class='ocr_line' id='line_1_32' title="bbox 528 3173 829 3244; baseline 0.003 -15"><span class='ocrx_word' id='word_1_232' title='bbox 528 3173 575 3230; x_wconf 86' lang='lat' dir='ltr'>Dc</span> <span class='ocrx_word' id='word_1_233' title='bbox 596 3173 686 3244; x_wconf 75' lang='lat' dir='ltr'>feodo</span> <span class='ocrx_word' id='word_1_234' title='bbox 709 3173 829 3230; x_wconf 82' lang='lat' dir='ltr'>oeodito.</span> 
     </span>
    </p>
   </div>
   <div class='ocr_carea' id='block_1_7' title="bbox 173 3268 1159 3623">
    <p class='ocr_par' dir='ltr' id='par_1_11' title="bbox 173 3268 1159 3623">
     <span class='ocr_line' id='line_1_33' title="bbox 264 3268 1159 3356; baseline -0.009 -18"><span class='ocrx_word' id='word_1_235' title='bbox 264 3275 314 3338; x_wconf 81' lang='lat'>70.</span> <span class='ocrx_word' id='word_1_236' title='bbox 329 3270 440 3336; x_wconf 79' lang='lat' dir='ltr'>Cicero</span> <span class='ocrx_word' id='word_1_237' title='bbox 457 3273 494 3335; x_wconf 87' lang='lat' dir='ltr'>dc</span> <span class='ocrx_word' id='word_1_238' title='bbox 510 3271 808 3356; x_wconf 81' lang='lat' dir='ltr'>offie.3,16,65.—</span> <span class='ocrx_word' id='word_1_239' title='bbox 823 3320 848 3337; x_wconf 89' lang='lat'>..</span> <span class='ocrx_word' id='word_1_240' title='bbox 863 3295 883 3336; x_wconf 90' lang='lat' dir='ltr'>a</span> <span class='ocrx_word' id='word_1_241' title='bbox 897 3272 977 3336; x_wconf 88' lang='lat' dir='ltr'>iuris</span> <span class='ocrx_word' id='word_1_242' title='bbox 993 3268 1159 3338; x_wconf 79' lang='lat' dir='ltr'>consultis..</span> 
     </span>
     <span class='ocr_line' id='line_1_34' title="bbox 173 3353 1159 3448; baseline -0.005 -24"><span class='ocrx_word' id='word_1_243' title='bbox 173 3361 360 3425; x_wconf 88' lang='lat' dir='ltr'>reticentiae</span> <span class='ocrx_word' id='word_1_244' title='bbox 388 3383 493 3444; x_wconf 90' lang='lat' dir='ltr'>poena</span> <span class='ocrx_word' id='word_1_245' title='bbox 521 3365 570 3425; x_wconf 88' lang='lat' dir='ltr'>est</span> <span class='ocrx_word' id='word_1_246' title='bbox 593 3362 783 3442; x_wconf 81' lang='lat' dir='ltr'>constituta3</span> <span class='ocrx_word' id='word_1_247' title='bbox 812 3361 968 3446; x_wconf 88' lang='lat' dir='ltr'>quidquid</span> <span class='ocrx_word' id='word_1_248' title='bbox 991 3361 1074 3426; x_wconf 89' lang='lat' dir='ltr'>enim</span> <span class='ocrx_word' id='word_1_249' title='bbox 1095 3353 1159 3448; x_wconf 60' lang='lat' dir='ltr'>esaei</span> 
     </span>
     <span class='ocr_line' id='line_1_35' title="bbox 173 3442 1158 3534; baseline -0.005 -22"><span class='ocrx_word' id='word_1_250' title='bbox 173 3450 208 3512; x_wconf 93' lang='lat' dir='ltr'>in</span> <span class='ocrx_word' id='word_1_251' title='bbox 230 3451 363 3534; x_wconf 89' lang='lat' dir='ltr'>praedio</span> <span class='ocrx_word' id='word_1_252' title='bbox 387 3450 467 3532; x_wconf 87' lang='lat' dir='ltr'>vitii,</span> <span class='ocrx_word' id='word_1_253' title='bbox 490 3449 522 3512; x_wconf 87' lang='lat' dir='ltr'>id</span> <span class='ocrx_word' id='word_1_254' title='bbox 547 3453 743 3534; x_wconf 88' lang='lat' dir='ltr'>statuerunt,</span> <span class='ocrx_word' id='word_1_255' title='bbox 767 3450 794 3513; x_wconf 93' lang='lat' dir='ltr'>si</span> <span class='ocrx_word' id='word_1_256' title='bbox 817 3450 967 3515; x_wconf 83' lang='lat' dir='ltr'>venditor</span> <span class='ocrx_word' id='word_1_257' title='bbox 990 3450 1094 3530; x_wconf 87' lang='lat' dir='ltr'>sciret,</span> <span class='ocrx_word' id='word_1_258' title='bbox 1111 3442 1158 3507; x_wconf 72' lang='lat' dir='ltr'>niel</span> 
     </span>
     <span class='ocr_line' id='line_1_36' title="bbox 173 3539 985 3623; baseline 0.004 -23"><span class='ocrx_word' id='word_1_259' title='bbox 173 3539 366 3603; x_wconf 90' lang='lat' dir='ltr'>nominatim</span> <span class='ocrx_word' id='word_1_260' title='bbox 389 3539 511 3603; x_wconf 87' lang='lat' dir='ltr'>dictum</span> <span class='ocrx_word' id='word_1_261' title='bbox 534 3544 619 3603; x_wconf 90' lang='lat' dir='ltr'>esset</span> <span class='ocrx_word' id='word_1_262' title='bbox 641 3539 801 3623; x_wconf 86' lang='lat' dir='ltr'>praestari</span> <span class='ocrx_word' id='word_1_263' title='bbox 824 3542 985 3623; x_wconf 90' lang='lat' dir='ltr'>oportere.</span> 
     </span>
    </p>
   </div>
   <div class='ocr_carea' id='block_1_8' title="bbox 0 0 1228 3944">
    <p class='ocr_par' dir='ltr' id='par_1_12' title="bbox 0 0 1228 3944">
     <span class='ocr_line' id='line_1_37' title="bbox 0 0 1228 3944; baseline 0 0"><span class='ocrx_word' id='word_1_264' title='bbox 0 0 1228 3944; x_wconf 95' lang='lat' dir='ltr'> </span> 
     </span>
    </p>
   </div>
  </div>
 </body>
</html>
