2430 3944
146 172 211 237 228
237 171 284 228 IV.
298 169 517 227 VESPASIANI
529 169 602 224 TITI
616 168 810 225 DOMITIANI
824 169 934 228 ΤΕΜΡ.
946 169 1046 226 Iulus
1060 168 1163 227 CONS.

237 335 300 400 16?
340 333 380 398 D.
407 334 569 416 7‚1‚47.
622 331 823 416 Pomponius
860 334 945 400 libro
978 334 1092 419 quinto
1125 357 1163 400 ex

144 424 275 489 Plautio
291 420 340 509 (P.
356 418 447 508 343).
461 459 504 469 —
519 420 698 508 (commatis
715 428 798 504 parti
817 447 835 488 a
849 428 1031 488 Triboniauo
1051 427 1162 489 allatae

144 519 219 578 haec
247 517 335 576 Pauli
366 516 459 576 verba
490 516 675 593 praecedunt
707 535 744 575 ex
770 516 847 577 libro
871 517 914 576 IX
941 517 980 576 ad
1007 517 1162 578 Plautium

146 607 319 682 desumpta:
343 597 391 665 ‘si
414 603 553 666 testator
579 599 720 683 iusserit,
743 603 780 664 ut
798 600 890 665 heres
908 601 1057 665 reficeret
1075 601 1162 667 insu-

145 692 220 773 lam,
241 689 331 754 ouius
354 711 458 766 usum
469 689 611 755 fructum
630 689 763 774 legavit,
779 692 889 773 potest
907 689 1106 755 fructuarius
1125 713 1163 756 ex

145 781 342 844 testamento
367 799 479 863 agere,
499 780 539 842 ut
560 777 655 842 heres
678 775 860 865 reficeret’.)
906 777 993 863 quod
1017 778 1046 843 si
1069 778 1162 844 heres

145 867 208 933 hoo
227 889 294 931 non
311 865 443 931 fecisset
462 869 495 931 et
514 868 556 930 oh
575 866 608 930 id
625 865 821 932 fructuarius
835 867 900 932 frui
913 889 979 932 non
992 867 1164 952 potuisset,

145 956 292 1021 heredem
315 955 415 1020 etism
438 954 608 1020 fructuarii
631 976 669 1019 eo
688 956 819 1020 nomine
837 951 975 1021 habere¹
993 956 1164 1042 actionem,

146 1044 260 1129 quanti
293 1043 464 1108 fructuarii
496 1043 697 1109 interfuisset
728 1066 795 1110 non
827 1065 970 1110 cessasse
1002 1044 1164 1129 heredem,

145 1135 223 1199 licet
245 1154 324 1197 usus
346 1132 471 1197 fructus
495 1135 597 1198 morte
622 1132 689 1197 eius
712 1131 885 1198 interisset

297 1316 344 1375 De
367 1333 398 1374 eo
420 1317 496 1389 quod
517 1316 606 1389 fundi
628 1317 796 1376 conductori
817 1316 943 1390 leuatum
965 1321 1014 1376 est.

239 1435 288 1498 11.
314 1432 353 1498 Ι).
369 1435 421 1519 34,
436 1435 466 1518 3,
482 1434 532 1500 16.
573 1432 694 1499 Paulus
718 1434 802 1499 libro
825 1456 912 1501 nono
937 1435 976 1499 sd
998 1434 1166 1502 Plautium

148 1521 197 1609 (P.
217 1519 342 1609 11722).
368 1560 406 1569 —
432 1522 473 1587 Ili
502 1523 554 1587 cui
582 1523 718 1588 fundum
743 1524 778 1587 in
802 1524 1057 1608 quinquennium
1081 1525 1166 1591 loca·

146 1633 258 1678 veram
285 1611 393 1696 legavi
422 1611 576 1696 quidquid
605 1632 679 1675 eum
701 1612 782 1676 mihi
806 1612 882 1676 dare
905 1611 1011 1678 facere
1035 1619 1166 1699 oportet

148 1699 353 1785 oportebitve
376 1704 413 1765 ut
432 1699 553 1765 sineret
570 1700 665 1765 heres
685 1701 747 1765 sibi
765 1700 895 1767 habere.
935 1699 968 1767 N
970 1723 1047 1768 erra
1065 1702 1164 1768 Atili·

148 1790 254 1871 cinus,
283 1789 311 1852 si
338 1788 433 1853 heres
458 1788 648 1872 prohiberet
671 1811 745 1855 eum
767 1789 845 1874 frui,
873 1811 912 1854 ex
936 1791 1110 1875 conducto,
1139 1793 1166 1856 si

147 1878 217 1942 iu're
241 1877 414 1942 locationis
439 1876 513 1962 quid
538 1878 701 1963 retineret,
724 1900 763 1943 ex
781 1882 976 1944 testamento
995 1878 1067 1945 fore
1087 1881 1167 1946 obli·

150 1969 263 2050 gatum
288 1967 391 2045 aiunt,
420 1966 496 2050 quia
518 1965 601 2030 nihil
624 1967 809 2050 interesset,
835 1963 1000 2052 peteretur
1024 1991 1067 2033 an
1089 1971 1166 2034 reti-

149 2057 254 2140 neret,
278 2057 385 2120 totam
409 2056 494 2119 enim
518 2055 713 2120 locationem
735 2056 881 2141 legatam
903 2056 1015 2122 videri.

241 2144 290 2208 18.
319 2142 359 2210 D.
376 2144 472 2228 34,3,
489 2144 539 2208 18.
585 2141 705 2209 Paulus
733 2144 809 2209 ibid.
832 2141 884 2231 (P.
905 2143 1030 2233 1172b).
1054 2183 1098 2193 —
1122 2147 1167 2212 Et

148 2237 316 2317 praeterea
339 2232 463 2315 placuit
487 2252 582 2317 agere
604 2253 702 2317 posse
725 2233 877 2298 colonum
897 2256 970 2298 eum
987 2234 1108 2301 herede
1128 2259 1167 2302 ex

149 2324 358 2400 testamento,
382 2325 419 2386 ut
441 2320 595 2386 liberetur
618 2320 839 2387 conductione.

473 2503 520 2562 De
542 2503 718 2563 habitatione
740 2506 843 2580 lesam

242 2622 305 2687 19?
338 2621 377 2688 D.
400 2621 479 2686 ibid.
501 2658 546 2669 -
569 2619 711 2688 Cassius.
756 2623 868 2688 Etiam
893 2625 920 2688 si
942 2625 1104 2693 habitatio
1130 2650 1167 2694 eo

152 2709 247 2775 modo
267 2711 379 2795 legata
397 2713 493 2794 esset,
513 2711 692 2794 gratuitam
710 2712 946 2777 habitationem
965 2714 1062 2781 heres
1075 2738 1169 2800 prae·

153 2803 239 2863 stare
263 2799 403 2865 deberet.

241 2893 324 2953 Haec
341 2892 491 2955 sententia
510 2911 528 2952 a
547 2893 642 2953 Paulo
662 2893 690 2953 ei
707 2895 872 2970 praemissa
891 2898 946 2974 est,
965 2915 1058 2974 quam
1077 2918 1169 2976 supra

152 2973 225 3064 (18)
245 2982 396 3058 proposui.

409 3083 460 3148 De
480 3085 717 3168 fideicommissa
738 3084 909 3151 heede'tate.

242 3209 295 3273 20.
318 3207 358 3272 D.
373 3207 425 3286 35,
441 3210 470 3286 1,
484 3209 527 3273 43
535 3232 583 3293 pr.
620 3207 739 3273 Paulus
762 3207 847 3274 libro
871 3214 986 3276 octavo
1011 3211 1052 3276 ad
1070 3211 1168 3278 Plau·

152 3297 235 3361 tium
268 3295 317 3383 (P.
339 3293 448 3384 1156).
482 3334 523 3345 -
556 3296 714 3361 Plautius.
759 3295 907 3382 Rogatus
941 3303 990 3364 est
1021 3300 1117 3367 heres
1150 3325 1168 3366 a

153 3385 272 3450 liberto
292 3388 460 3469 testatore,
478 3389 514 3450 ut
532 3387 692 3470 perceptis
711 3386 776 3450 sibi
795 3385 904 3451 decem
922 3391 1028 3455 totam
1046 3390 1167 3456 heredi·

227 3549 241 3596 1
263 3542 339 3597 Trib.
357 3542 437 3596 heres
452 3583 459 3596 .
474 3583 481 3598 .
496 3541 621 3599 habebit
