<?xml version="1.0" encoding="UTF-8"?>
<!DOCTYPE html PUBLIC "-//W3C//DTD XHTML 1.0 Transitional//EN"
    "http://www.w3.org/TR/xhtml1/DTD/xhtml1-transitional.dtd">
<html xmlns="http://www.w3.org/1999/xhtml" xml:lang="en" lang="en">
 <head>
  <title>
</title>
<meta http-equiv="Content-Type" content="text/html;charset=utf-8" />
  <meta name='ocr-system' content='tesseract 3.04.00' />
  <meta name='ocr-capabilities' content='ocr_page ocr_carea ocr_par ocr_line ocrx_word'/>
</head>
<body>
  <div class='ocr_page' id='page_1' title='image "./iurisprudentiae02bremgoog_0574.png"; bbox 0 0 2430 3944; ppageno 0'>
   <div class='ocr_carea' id='block_1_1' title="bbox 194 191 1067 256">
    <p class='ocr_par' dir='ltr' id='par_1_1' title="bbox 194 191 1067 256">
     <span class='ocr_line' id='line_1_1' title="bbox 194 191 1067 256; baseline 0 -9"><span class='ocrx_word' id='word_1_1' title='bbox 194 193 230 247; x_wconf 93' lang='lat' dir='ltr'><strong>ll.</strong></span> <span class='ocrx_word' id='word_1_2' title='bbox 248 191 491 249; x_wconf 79' lang='lat' dir='ltr'>INGERTORUM</span> <span class='ocrx_word' id='word_1_3' title='bbox 510 191 736 248; x_wconf 73' lang='lat' dir='ltr'>SENTENTIAE</span> <span class='ocrx_word' id='word_1_4' title='bbox 755 191 802 246; x_wconf 85' lang='grc' dir='ltr'><strong>ΕΤ</strong></span> <span class='ocrx_word' id='word_1_5' title='bbox 820 191 927 246; x_wconf 83' lang='lat' dir='ltr'><strong>LIBRI.</strong></span> <span class='ocrx_word' id='word_1_6' title='bbox 1003 192 1067 256; x_wconf 84' lang='lat'><strong>541</strong></span> 
     </span>
    </p>
   </div>
   <div class='ocr_carea' id='block_1_2' title="bbox 420 363 706 437">
    <p class='ocr_par' dir='ltr' id='par_1_2' title="bbox 420 363 706 437">
     <span class='ocr_line' id='line_1_2' title="bbox 420 363 706 437; baseline -0.003 -17"><span class='ocrx_word' id='word_1_7' title='bbox 420 363 467 421; x_wconf 86' lang='lat' dir='ltr'><strong>Dc</strong></span> <span class='ocrx_word' id='word_1_8' title='bbox 490 364 575 437; x_wconf 69' lang='lat' dir='ltr'><strong>aona</strong></span> <span class='ocrx_word' id='word_1_9' title='bbox 597 363 706 436; x_wconf 65' lang='lat' dir='ltr'><strong>tepulae.</strong></span> 
     </span>
    </p>
   </div>
   <div class='ocr_carea' id='block_1_3' title="bbox 49 469 1070 805">
    <p class='ocr_par' dir='ltr' id='par_1_3' title="bbox 49 469 1070 805">
     <span class='ocr_line' id='line_1_3' title="bbox 145 469 1069 556; baseline -0.003 -19"><span class='ocrx_word' id='word_1_10' title='bbox 145 472 198 538; x_wconf 84' lang='lat'><strong>50.</strong></span> <span class='ocrx_word' id='word_1_11' title='bbox 216 471 255 537; x_wconf 93' lang='lat' dir='ltr'><strong>D.</strong></span> <span class='ocrx_word' id='word_1_12' title='bbox 270 473 427 556; x_wconf 78' lang='lat' dir='ltr'><strong>32‚60pr.</strong></span> <span class='ocrx_word' id='word_1_13' title='bbox 450 471 588 536; x_wconf 87' lang='lat' dir='ltr'><strong>Alfenus</strong></span> <span class='ocrx_word' id='word_1_14' title='bbox 603 471 686 535; x_wconf 90' lang='lat' dir='ltr'><strong>libro</strong></span> <span class='ocrx_word' id='word_1_15' title='bbox 702 469 842 535; x_wconf 89' lang='lat' dir='ltr'><strong>secundo</strong></span> <span class='ocrx_word' id='word_1_16' title='bbox 857 469 1069 553; x_wconf 71' lang='lat' dir='ltr'>Digestorum</span> 
     </span>
     <span class='ocr_line' id='line_1_4' title="bbox 51 559 1070 644; baseline -0.004 -16"><span class='ocrx_word' id='word_1_17' title='bbox 51 586 73 628; x_wconf 88' lang='lat' dir='ltr'><strong>a</strong></span> <span class='ocrx_word' id='word_1_18' title='bbox 83 561 189 626; x_wconf 92' lang='lat' dir='ltr'><strong>Paulo</strong></span> <span class='ocrx_word' id='word_1_19' title='bbox 205 562 464 644; x_wconf 90' lang='lat' dir='ltr'><strong>epitomatorum.</strong></span> <span class='ocrx_word' id='word_1_20' title='bbox 477 598 515 607; x_wconf 97' lang='lat'>—</span> <span class='ocrx_word' id='word_1_21' title='bbox 529 559 609 625; x_wconf 85' lang='lat' dir='ltr'><strong>(lum</strong></span> <span class='ocrx_word' id='word_1_22' title='bbox 620 562 835 644; x_wconf 75' lang='lat' dir='ltr'><strong>quaereretur,</strong></span> <span class='ocrx_word' id='word_1_23' title='bbox 850 561 943 642; x_wconf 81' lang='lat' dir='ltr'>agnis</span> <span class='ocrx_word' id='word_1_24' title='bbox 952 559 1070 644; x_wconf 82' lang='lat' dir='ltr'><strong>legatis</strong></span> 
     </span>
     <span class='ocr_line' id='line_1_5' title="bbox 49 647 1070 735; baseline -0.004 -20"><span class='ocrx_word' id='word_1_25' title='bbox 49 650 179 735; x_wconf 76' lang='lat' dir='ltr'><strong>(agni)</strong></span> <span class='ocrx_word' id='word_1_26' title='bbox 207 652 364 733; x_wconf 88' lang='lat' dir='ltr'><strong>quatenus</strong></span> <span class='ocrx_word' id='word_1_27' title='bbox 392 649 592 732; x_wconf 89' lang='lat' dir='ltr'><strong>viderentur,</strong></span> <span class='ocrx_word' id='word_1_28' title='bbox 620 647 751 732; x_wconf 89' lang='lat' dir='ltr'><strong>quidam</strong></span> <span class='ocrx_word' id='word_1_29' title='bbox 780 647 920 732; x_wconf 86' lang='lat' dir='ltr'><strong>aiebant,</strong></span> <span class='ocrx_word' id='word_1_30' title='bbox 948 668 1070 733; x_wconf 90' lang='lat' dir='ltr'><strong>agnum</strong></span> 
     </span>
     <span class='ocr_line' id='line_1_6' title="bbox 50 741 578 805; baseline -0.004 -1"><span class='ocrx_word' id='word_1_31' title='bbox 50 741 226 805; x_wconf 72' lang='lat' dir='ltr'><strong>dumtaxat</strong></span> <span class='ocrx_word' id='word_1_32' title='bbox 250 760 306 803; x_wconf 86' lang='lat' dir='ltr'><strong>sex</strong></span> <span class='ocrx_word' id='word_1_33' title='bbox 328 760 475 802; x_wconf 86' lang='lat' dir='ltr'><strong>mensum</strong></span> <span class='ocrx_word' id='word_1_34' title='bbox 500 759 578 802; x_wconf 88' lang='lat' dir='ltr'><strong>esse.</strong></span> 
     </span>
    </p>
   </div>
   <div class='ocr_carea' id='block_1_4' title="bbox 52 893 1071 1345">
    <p class='ocr_par' dir='ltr' id='par_1_4' title="bbox 52 893 1071 1345">
     <span class='ocr_line' id='line_1_7' title="bbox 393 893 732 968; baseline -0.003 -17"><span class='ocrx_word' id='word_1_35' title='bbox 393 893 440 952; x_wconf 85' lang='lat' dir='ltr'><strong>Dc</strong></span> <span class='ocrx_word' id='word_1_36' title='bbox 462 893 606 966; x_wconf 68' lang='lat' dir='ltr'><strong>quadrina</strong></span> <span class='ocrx_word' id='word_1_37' title='bbox 629 893 732 968; x_wconf 73' lang='lat' dir='ltr'><strong>legata</strong></span> 
     </span>
     <span class='ocr_line' id='line_1_8' title="bbox 145 990 1071 1078; baseline -0.004 -18"><span class='ocrx_word' id='word_1_38' title='bbox 145 995 198 1060; x_wconf 88' lang='lat'><strong>51.</strong></span> <span class='ocrx_word' id='word_1_39' title='bbox 221 993 261 1059; x_wconf 90' lang='lat' dir='ltr'><strong>D.</strong></span> <span class='ocrx_word' id='word_1_40' title='bbox 276 994 329 1077; x_wconf 85' lang='lat'><strong>31,</strong></span> <span class='ocrx_word' id='word_1_41' title='bbox 342 993 395 1076; x_wconf 81' lang='lat'><strong>65,</strong></span> <span class='ocrx_word' id='word_1_42' title='bbox 408 995 436 1058; x_wconf 91' lang='grc'><strong>1.</strong></span> <span class='ocrx_word' id='word_1_43' title='bbox 468 993 558 1058; x_wconf 89' lang='lat' dir='ltr'><strong>Idem</strong></span> <span class='ocrx_word' id='word_1_44' title='bbox 573 990 629 1078; x_wconf 89' lang='lat' dir='ltr'><strong>(sc.</strong></span> <span class='ocrx_word' id='word_1_45' title='bbox 644 991 856 1078; x_wconf 84' lang='lat' dir='ltr'><strong>Papinianus)</strong></span> <span class='ocrx_word' id='word_1_46' title='bbox 874 993 958 1057; x_wconf 92' lang='lat' dir='ltr'><strong>libro</strong></span> <span class='ocrx_word' id='word_1_47' title='bbox 979 995 1071 1056; x_wconf 84' lang='lat' dir='ltr'><strong>sexto</strong></span> 
     </span>
     <span class='ocr_line' id='line_1_9' title="bbox 54 1080 1070 1167; baseline -0.004 -17"><span class='ocrx_word' id='word_1_48' title='bbox 54 1083 181 1150; x_wconf 86' lang='lat' dir='ltr'><strong>decimo</strong></span> <span class='ocrx_word' id='word_1_49' title='bbox 219 1081 462 1157; x_wconf 84' lang='lat' dir='ltr'><strong>Quaestionum.</strong></span> <span class='ocrx_word' id='word_1_50' title='bbox 494 1118 536 1128; x_wconf 90' lang='lat'>—</span> <span class='ocrx_word' id='word_1_51' title='bbox 575 1080 759 1167; x_wconf 82' lang='lat' dir='ltr'><strong>Quadrigae</strong></span> <span class='ocrx_word' id='word_1_52' title='bbox 800 1081 944 1165; x_wconf 87' lang='lat' dir='ltr'><strong>legatum</strong></span> <span class='ocrx_word' id='word_1_53' title='bbox 987 1101 1070 1165; x_wconf 87' lang='lat' dir='ltr'><strong>equo</strong></span> 
     </span>
     <span class='ocr_line' id='line_1_10' title="bbox 52 1169 1070 1259; baseline -0.006 -21"><span class='ocrx_word' id='word_1_54' title='bbox 52 1177 173 1259; x_wconf 88' lang='lat' dir='ltr'><strong>postea</strong></span> <span class='ocrx_word' id='word_1_55' title='bbox 195 1176 323 1236; x_wconf 78' lang='lat' dir='ltr'><strong>mortuo</strong></span> <span class='ocrx_word' id='word_1_56' title='bbox 344 1171 449 1254; x_wconf 88' lang='lat' dir='ltr'><strong>perire</strong></span> <span class='ocrx_word' id='word_1_57' title='bbox 468 1169 599 1254; x_wconf 89' lang='lat' dir='ltr'><strong>quidam</strong></span> <span class='ocrx_word' id='word_1_58' title='bbox 618 1171 665 1234; x_wconf 89' lang='lat' dir='ltr'><strong>ita</strong></span> <span class='ocrx_word' id='word_1_59' title='bbox 684 1170 827 1253; x_wconf 89' lang='lat' dir='ltr'><strong>credunt,</strong></span> <span class='ocrx_word' id='word_1_60' title='bbox 845 1170 873 1234; x_wconf 90' lang='lat' dir='ltr'><strong>si</strong></span> <span class='ocrx_word' id='word_1_61' title='bbox 893 1191 994 1254; x_wconf 87' lang='lat' dir='ltr'><strong>equus</strong></span> <span class='ocrx_word' id='word_1_62' title='bbox 1015 1170 1070 1233; x_wconf 89' lang='lat' dir='ltr'><strong>ille</strong></span> 
     </span>
     <span class='ocr_line' id='line_1_11' title="bbox 53 1259 776 1345; baseline -0.003 -18"><span class='ocrx_word' id='word_1_63' title='bbox 53 1261 211 1343; x_wconf 75' lang='lat' dir='ltr'><strong>decessit,</strong></span> <span class='ocrx_word' id='word_1_64' title='bbox 234 1261 290 1345; x_wconf 91' lang='lat' dir='ltr'><strong>qui</strong></span> <span class='ocrx_word' id='word_1_65' title='bbox 313 1259 555 1324; x_wconf 87' lang='lat' dir='ltr'><strong>demonstrabat</strong></span> <span class='ocrx_word' id='word_1_66' title='bbox 577 1259 776 1344; x_wconf 80' lang='lat' dir='ltr'><strong>quadrigam.</strong></span> 
     </span>
    </p>
   </div>
   <div class='ocr_carea' id='block_1_5' title="bbox 420 1416 710 1490">
    <p class='ocr_par' dir='ltr' id='par_1_5' title="bbox 420 1416 710 1490">
     <span class='ocr_line' id='line_1_12' title="bbox 420 1416 710 1490; baseline 0.003 -17"><span class='ocrx_word' id='word_1_67' title='bbox 420 1416 467 1474; x_wconf 86' lang='lat' dir='ltr'><strong>Dc</strong></span> <span class='ocrx_word' id='word_1_68' title='bbox 489 1418 580 1475; x_wconf 78' lang='lat' dir='ltr'><strong>servis</strong></span> <span class='ocrx_word' id='word_1_69' title='bbox 602 1417 710 1490; x_wconf 70' lang='lat' dir='ltr'><strong>lopatia</strong></span> 
     </span>
    </p>
   </div>
   <div class='ocr_carea' id='block_1_6' title="bbox 54 1514 1072 2045">
    <p class='ocr_par' dir='ltr' id='par_1_6' title="bbox 54 1514 1072 1867">
     <span class='ocr_line' id='line_1_13' title="bbox 146 1514 1072 1600; baseline -0.003 -18"><span class='ocrx_word' id='word_1_70' title='bbox 146 1517 198 1582; x_wconf 78' lang='lat'><strong>52.</strong></span> <span class='ocrx_word' id='word_1_71' title='bbox 222 1517 261 1582; x_wconf 94' lang='lat' dir='ltr'><strong>D.</strong></span> <span class='ocrx_word' id='word_1_72' title='bbox 275 1517 329 1599; x_wconf 83' lang='lat'><strong>32,</strong></span> <span class='ocrx_word' id='word_1_73' title='bbox 343 1516 384 1583; x_wconf 89' lang='lat'><strong>81</strong></span> <span class='ocrx_word' id='word_1_74' title='bbox 394 1539 444 1600; x_wconf 91' lang='lat' dir='ltr'><strong>pr.</strong></span> <span class='ocrx_word' id='word_1_75' title='bbox 463 1547 504 1569; x_wconf 85' lang='lat'><em>=</em></span> <span class='ocrx_word' id='word_1_76' title='bbox 523 1516 563 1582; x_wconf 95' lang='lat' dir='ltr'><strong>D.</strong></span> <span class='ocrx_word' id='word_1_77' title='bbox 577 1516 630 1599; x_wconf 82' lang='lat'><strong>50,</strong></span> <span class='ocrx_word' id='word_1_78' title='bbox 646 1518 697 1595; x_wconf 88' lang='grc'><strong>16,</strong></span> <span class='ocrx_word' id='word_1_79' title='bbox 713 1516 787 1600; x_wconf 88' lang='grc'><strong>101,</strong></span> <span class='ocrx_word' id='word_1_80' title='bbox 801 1517 830 1582; x_wconf 88' lang='grc'><strong>3.</strong></span> <span class='ocrx_word' id='word_1_81' title='bbox 872 1514 1072 1580; x_wconf 87' lang='lat' dir='ltr'><strong>Modestinus</strong></span> 
     </span>
     <span class='ocr_line' id='line_1_14' title="bbox 54 1603 1072 1689; baseline -0.002 -19"><span class='ocrx_word' id='word_1_82' title='bbox 54 1607 141 1671; x_wconf 91' lang='lat' dir='ltr'><strong>libro</strong></span> <span class='ocrx_word' id='word_1_83' title='bbox 179 1628 265 1670; x_wconf 92' lang='lat' dir='ltr'><strong>nono</strong></span> <span class='ocrx_word' id='word_1_84' title='bbox 297 1605 571 1670; x_wconf 87' lang='lat' dir='ltr'><strong>Differentiarum.</strong></span> <span class='ocrx_word' id='word_1_85' title='bbox 599 1642 641 1650; x_wconf 90' lang='lat'>-</span> <span class='ocrx_word' id='word_1_86' title='bbox 670 1603 779 1669; x_wconf 84' lang='lat' dir='ltr'><strong>Servis</strong></span> <span class='ocrx_word' id='word_1_87' title='bbox 816 1604 935 1689; x_wconf 86' lang='lat' dir='ltr'><strong>legatis</strong></span> <span class='ocrx_word' id='word_1_88' title='bbox 972 1605 1072 1669; x_wconf 89' lang='lat' dir='ltr'><strong>etiam</strong></span> 
     </span>
     <span class='ocr_line' id='line_1_15' title="bbox 57 1693 1072 1778; baseline -0.004 -18"><span class='ocrx_word' id='word_1_89' title='bbox 57 1694 193 1760; x_wconf 82' lang='lat' dir='ltr'><strong>ancillas</strong></span> <span class='ocrx_word' id='word_1_90' title='bbox 209 1693 319 1758; x_wconf 91' lang='lat' dir='ltr'><strong>deberi</strong></span> <span class='ocrx_word' id='word_1_91' title='bbox 333 1695 463 1778; x_wconf 89' lang='lat' dir='ltr'><strong>quidam</strong></span> <span class='ocrx_word' id='word_1_92' title='bbox 478 1744 503 1759; x_wconf 88' lang='lat'><strong>..</strong></span> <span class='ocrx_word' id='word_1_93' title='bbox 517 1697 645 1778; x_wconf 88' lang='lat' dir='ltr'><strong>putant,</strong></span> <span class='ocrx_word' id='word_1_94' title='bbox 664 1693 757 1778; x_wconf 89' lang='lat' dir='ltr'><strong>quasi</strong></span> <span class='ocrx_word' id='word_1_95' title='bbox 771 1715 940 1760; x_wconf 86' lang='lat' dir='ltr'><strong>commune</strong></span> <span class='ocrx_word' id='word_1_96' title='bbox 954 1714 1072 1758; x_wconf 89' lang='lat' dir='ltr'><strong>nomen</strong></span> 
     </span>
     <span class='ocr_line' id='line_1_16' title="bbox 56 1782 565 1867; baseline -0.004 -19"><span class='ocrx_word' id='word_1_97' title='bbox 56 1788 232 1867; x_wconf 85' lang='lat' dir='ltr'><strong>utrumque</strong></span> <span class='ocrx_word' id='word_1_98' title='bbox 255 1803 366 1847; x_wconf 84' lang='lat' dir='ltr'><strong>sexum</strong></span> <span class='ocrx_word' id='word_1_99' title='bbox 390 1782 565 1848; x_wconf 88' lang='lat' dir='ltr'><strong>contineat.</strong></span> 
     </span>
    </p>

    <p class='ocr_par' dir='ltr' id='par_1_7' title="bbox 57 1866 1072 2045">
     <span class='ocr_line' id='line_1_17' title="bbox 147 1866 1072 1957; baseline -0.005 -20"><span class='ocrx_word' id='word_1_100' title='bbox 147 1873 199 1937; x_wconf 85' lang='lat'><strong>53.</strong></span> <span class='ocrx_word' id='word_1_101' title='bbox 222 1870 262 1936; x_wconf 93' lang='lat' dir='ltr'><strong>D.</strong></span> <span class='ocrx_word' id='word_1_102' title='bbox 276 1872 328 1952; x_wconf 84' lang='lat'><strong>32,</strong></span> <span class='ocrx_word' id='word_1_103' title='bbox 343 1871 385 1936; x_wconf 83' lang='lat'><strong>99</strong></span> <span class='ocrx_word' id='word_1_104' title='bbox 395 1894 443 1956; x_wconf 91' lang='lat' dir='ltr'><strong>pr.</strong></span> <span class='ocrx_word' id='word_1_105' title='bbox 475 1870 565 1934; x_wconf 87' lang='lat' dir='ltr'><strong>Idem</strong></span> <span class='ocrx_word' id='word_1_106' title='bbox 584 1868 642 1957; x_wconf 88' lang='lat' dir='ltr'><strong>(sc.</strong></span> <span class='ocrx_word' id='word_1_107' title='bbox 655 1866 792 1955; x_wconf 89' lang='lat' dir='ltr'><strong>Paulus)</strong></span> <span class='ocrx_word' id='word_1_108' title='bbox 810 1870 895 1933; x_wconf 91' lang='lat' dir='ltr'><strong>libro</strong></span> <span class='ocrx_word' id='word_1_109' title='bbox 915 1869 1072 1954; x_wconf 78' lang='lat' dir='ltr'><strong>singulari</strong></span> 
     </span>
     <span class='ocr_line' id='line_1_18' title="bbox 57 1957 1071 2045; baseline -0.007 -18"><span class='ocrx_word' id='word_1_110' title='bbox 57 1962 96 2027; x_wconf 89' lang='lat' dir='ltr'><strong>de</strong></span> <span class='ocrx_word' id='word_1_111' title='bbox 119 1961 328 2025; x_wconf 89' lang='lat' dir='ltr'><strong>instrumenti</strong></span> <span class='ocrx_word' id='word_1_112' title='bbox 351 1959 597 2045; x_wconf 86' lang='lat' dir='ltr'><strong>significatione.</strong></span> <span class='ocrx_word' id='word_1_113' title='bbox 615 1995 653 2006; x_wconf 95' lang='lat'><em>-</em></span> <span class='ocrx_word' id='word_1_114' title='bbox 669 1957 777 2024; x_wconf 83' lang='lat' dir='ltr'><strong>Servis</strong></span> <span class='ocrx_word' id='word_1_115' title='bbox 801 1958 934 2023; x_wconf 86' lang='lat' dir='ltr'><strong>urbanis</strong></span> <span class='ocrx_word' id='word_1_116' title='bbox 953 1959 1071 2041; x_wconf 86' lang='lat' dir='ltr'><strong>legatis</strong></span> 
     </span>
    </p>
   </div>
   <div class='ocr_carea' id='block_1_7' title="bbox 56 2042 1072 2310">
    <p class='ocr_par' dir='ltr' id='par_1_8' title="bbox 56 2042 1072 2310">
     <span class='ocr_line' id='line_1_19' title="bbox 57 2042 1070 2135; baseline -0.008 -19"><span class='ocrx_word' id='word_1_117' title='bbox 57 2049 191 2135; x_wconf 87' lang='lat' dir='ltr'><strong>quidam</strong></span> <span class='ocrx_word' id='word_1_118' title='bbox 208 2049 334 2113; x_wconf 92' lang='lat' dir='ltr'><strong>urbana</strong></span> <span class='ocrx_word' id='word_1_119' title='bbox 352 2048 517 2131; x_wconf 85' lang='lat' dir='ltr'><strong>mancipia</strong></span> <span class='ocrx_word' id='word_1_120' title='bbox 535 2070 600 2113; x_wconf 90' lang='lat' dir='ltr'><strong>non</strong></span> <span class='ocrx_word' id='word_1_121' title='bbox 619 2042 699 2131; x_wconf 88' lang='lat' dir='ltr'><strong>loco,</strong></span> <span class='ocrx_word' id='word_1_122' title='bbox 719 2047 773 2111; x_wconf 90' lang='lat' dir='ltr'><strong>sed</strong></span> <span class='ocrx_word' id='word_1_123' title='bbox 793 2068 890 2131; x_wconf 89' lang='lat' dir='ltr'><strong>opere</strong></span> <span class='ocrx_word' id='word_1_124' title='bbox 909 2054 1070 2130; x_wconf 87' lang='lat' dir='ltr'><strong>separant,</strong></span> 
     </span>
     <span class='ocr_line' id='line_1_20' title="bbox 56 2134 1072 2221; baseline -0.007 -18"><span class='ocrx_word' id='word_1_125' title='bbox 56 2143 103 2218; x_wconf 90' lang='lat' dir='ltr'><strong>ut,</strong></span> <span class='ocrx_word' id='word_1_126' title='bbox 128 2139 205 2203; x_wconf 87' lang='lat' dir='ltr'><strong>licet</strong></span> <span class='ocrx_word' id='word_1_127' title='bbox 227 2138 261 2200; x_wconf 92' lang='lat' dir='ltr'><strong>in</strong></span> <span class='ocrx_word' id='word_1_128' title='bbox 283 2136 424 2221; x_wconf 88' lang='lat' dir='ltr'><strong>praediis</strong></span> <span class='ocrx_word' id='word_1_129' title='bbox 448 2138 576 2201; x_wconf 82' lang='lat' dir='ltr'><strong>rusticis</strong></span> <span class='ocrx_word' id='word_1_130' title='bbox 600 2137 676 2219; x_wconf 89' lang='lat' dir='ltr'><strong>sint,</strong></span> <span class='ocrx_word' id='word_1_131' title='bbox 698 2141 808 2200; x_wconf 89' lang='lat' dir='ltr'><strong>tamen</strong></span> <span class='ocrx_word' id='word_1_132' title='bbox 827 2136 855 2200; x_wconf 85' lang='lat' dir='ltr'><strong>si</strong></span> <span class='ocrx_word' id='word_1_133' title='bbox 874 2157 954 2218; x_wconf 91' lang='lat' dir='ltr'><strong>opus</strong></span> <span class='ocrx_word' id='word_1_134' title='bbox 973 2134 1072 2197; x_wconf 91' lang='lat' dir='ltr'><strong>rusti-</strong></span> 
     </span>
     <span class='ocr_line' id='line_1_21' title="bbox 57 2225 699 2310; baseline -0.005 -18"><span class='ocrx_word' id='word_1_135' title='bbox 57 2249 132 2292; x_wconf 90' lang='lat' dir='ltr'><strong>cum</strong></span> <span class='ocrx_word' id='word_1_136' title='bbox 155 2248 221 2291; x_wconf 91' lang='lat' dir='ltr'><strong>nou</strong></span> <span class='ocrx_word' id='word_1_137' title='bbox 243 2225 381 2310; x_wconf 85' lang='lat' dir='ltr'><strong>faciant,</strong></span> <span class='ocrx_word' id='word_1_138' title='bbox 403 2225 519 2289; x_wconf 90' lang='lat' dir='ltr'><strong>urbani</strong></span> <span class='ocrx_word' id='word_1_139' title='bbox 542 2225 699 2290; x_wconf 88' lang='lat' dir='ltr'><strong>videntur.</strong></span> 
     </span>
    </p>
   </div>
   <div class='ocr_carea' id='block_1_8' title="bbox 369 2382 762 2455">
    <p class='ocr_par' dir='ltr' id='par_1_9' title="bbox 369 2382 762 2455">
     <span class='ocr_line' id='line_1_22' title="bbox 369 2382 762 2455; baseline 0.003 -16"><span class='ocrx_word' id='word_1_140' title='bbox 369 2382 416 2440; x_wconf 85' lang='lat' dir='ltr'><strong>Dc</strong></span> <span class='ocrx_word' id='word_1_141' title='bbox 438 2383 631 2441; x_wconf 76' lang='lat' dir='ltr'><strong>ornatricibas</strong></span> <span class='ocrx_word' id='word_1_142' title='bbox 653 2383 762 2455; x_wconf 74' lang='lat' dir='ltr'><strong>lepatia</strong></span> 
     </span>
    </p>
   </div>
   <div class='ocr_carea' id='block_1_9' title="bbox 57 2479 1075 2835">
    <p class='ocr_par' dir='ltr' id='par_1_10' title="bbox 57 2479 1075 2835">
     <span class='ocr_line' id='line_1_23' title="bbox 149 2479 1073 2565; baseline -0.003 -18"><span class='ocrx_word' id='word_1_143' title='bbox 149 2481 214 2547; x_wconf 80' lang='lat'><strong>54?</strong></span> <span class='ocrx_word' id='word_1_144' title='bbox 241 2480 282 2545; x_wconf 95' lang='lat' dir='ltr'><strong>D.</strong></span> <span class='ocrx_word' id='word_1_145' title='bbox 296 2483 349 2564; x_wconf 78' lang='lat'><strong>32,</strong></span> <span class='ocrx_word' id='word_1_146' title='bbox 363 2481 416 2563; x_wconf 84' lang='lat'><strong>65,</strong></span> <span class='ocrx_word' id='word_1_147' title='bbox 430 2482 460 2546; x_wconf 88' lang='grc'><strong>3.</strong></span> <span class='ocrx_word' id='word_1_148' title='bbox 501 2482 685 2546; x_wconf 89' lang='lat' dir='ltr'><strong>Marcianus</strong></span> <span class='ocrx_word' id='word_1_149' title='bbox 708 2482 791 2546; x_wconf 92' lang='lat' dir='ltr'><strong>libro</strong></span> <span class='ocrx_word' id='word_1_150' title='bbox 816 2480 954 2565; x_wconf 90' lang='lat' dir='ltr'><strong>septimo</strong></span> <span class='ocrx_word' id='word_1_151' title='bbox 972 2479 1073 2544; x_wconf 89' lang='lat' dir='ltr'><strong>Iusti-</strong></span> 
     </span>
     <span class='ocr_line' id='line_1_24' title="bbox 57 2568 1075 2655; baseline -0.005 -18"><span class='ocrx_word' id='word_1_152' title='bbox 57 2571 231 2638; x_wconf 89' lang='lat' dir='ltr'><strong>tutionum.</strong></span> <span class='ocrx_word' id='word_1_153' title='bbox 250 2607 292 2616; x_wconf 95' lang='lat'>-</span> <span class='ocrx_word' id='word_1_154' title='bbox 318 2569 540 2635; x_wconf 89' lang='lat' dir='ltr'><strong>Ornatrieibus</strong></span> <span class='ocrx_word' id='word_1_155' title='bbox 569 2571 687 2655; x_wconf 85' lang='lat' dir='ltr'><strong>legatis</strong></span> <span class='ocrx_word' id='word_1_156' title='bbox 711 2569 824 2635; x_wconf 83' lang='lat' dir='ltr'><strong>Celsus</strong></span> <span class='ocrx_word' id='word_1_157' title='bbox 853 2568 984 2654; x_wconf 87' lang='lat' dir='ltr'><strong>scripsit</strong></span> <span class='ocrx_word' id='word_1_158' title='bbox 1009 2590 1075 2651; x_wconf 89' lang='lat' dir='ltr'><strong>eas,</strong></span> 
     </span>
     <span class='ocr_line' id='line_1_25' title="bbox 58 2658 1073 2745; baseline -0.005 -20"><span class='ocrx_word' id='word_1_159' title='bbox 58 2682 142 2745; x_wconf 84' lang='lat' dir='ltr'><strong>quae</strong></span> <span class='ocrx_word' id='word_1_160' title='bbox 176 2659 255 2724; x_wconf 91' lang='lat' dir='ltr'><strong>duos</strong></span> <span class='ocrx_word' id='word_1_161' title='bbox 285 2662 414 2722; x_wconf 89' lang='lat' dir='ltr'><strong>tantum</strong></span> <span class='ocrx_word' id='word_1_162' title='bbox 443 2681 570 2724; x_wconf 90' lang='lat' dir='ltr'><strong>menses</strong></span> <span class='ocrx_word' id='word_1_163' title='bbox 599 2659 683 2743; x_wconf 91' lang='lat' dir='ltr'><strong>apud</strong></span> <span class='ocrx_word' id='word_1_164' title='bbox 711 2658 905 2742; x_wconf 84' lang='lat' dir='ltr'><strong>magistrum</strong></span> <span class='ocrx_word' id='word_1_165' title='bbox 932 2658 1073 2735; x_wconf 89' lang='lat' dir='ltr'><strong>fuerunt,</strong></span> 
     </span>
     <span class='ocr_line' id='line_1_26' title="bbox 57 2747 1074 2835; baseline -0.005 -21"><span class='ocrx_word' id='word_1_166' title='bbox 57 2751 170 2835; x_wconf 90' lang='lat' dir='ltr'><strong>legato</strong></span> <span class='ocrx_word' id='word_1_167' title='bbox 193 2769 258 2812; x_wconf 91' lang='lat' dir='ltr'><strong>non</strong></span> <span class='ocrx_word' id='word_1_168' title='bbox 281 2748 401 2832; x_wconf 87' lang='lat' dir='ltr'><strong>cedere,</strong></span> <span class='ocrx_word' id='word_1_169' title='bbox 425 2749 479 2812; x_wconf 89' lang='lat' dir='ltr'><strong>alii</strong></span> <span class='ocrx_word' id='word_1_170' title='bbox 503 2753 535 2812; x_wconf 90' lang='lat' dir='ltr'><strong>et</strong></span> <span class='ocrx_word' id='word_1_171' title='bbox 558 2748 618 2812; x_wconf 88' lang='lat' dir='ltr'><strong>has</strong></span> <span class='ocrx_word' id='word_1_172' title='bbox 643 2747 761 2812; x_wconf 89' lang='lat' dir='ltr'><strong>cedere.</strong></span> <span class='ocrx_word' id='word_1_173' title='bbox 776 2796 807 2811; x_wconf 94' lang='lat'><strong>..</strong></span> <span class='ocrx_word' id='word_1_174' title='bbox 1071 2766 1074 2773; x_wconf 56' lang='lat'>¹</span> 
     </span>
    </p>
   </div>
   <div class='ocr_carea' id='block_1_10' title="bbox 406 2898 727 2981">
    <p class='ocr_par' dir='ltr' id='par_1_11' title="bbox 406 2898 727 2981">
     <span class='ocr_line' id='line_1_27' title="bbox 406 2898 727 2981; baseline -0.003 -19"><span class='ocrx_word' id='word_1_175' title='bbox 406 2898 456 2962; x_wconf 89' lang='lat' dir='ltr'><strong>De</strong></span> <span class='ocrx_word' id='word_1_176' title='bbox 478 2899 727 2981; x_wconf 69' lang='lat' dir='ltr'><strong>fideicommissis</strong></span> 
     </span>
    </p>
   </div>
   <div class='ocr_carea' id='block_1_11' title="bbox 58 3011 1089 3631">
    <p class='ocr_par' dir='ltr' id='par_1_12' title="bbox 58 3011 1089 3631">
     <span class='ocr_line' id='line_1_28' title="bbox 151 3011 1072 3099; baseline -0.004 -21"><span class='ocrx_word' id='word_1_177' title='bbox 151 3011 204 3078; x_wconf 82' lang='lat'><strong>55.</strong></span> <span class='ocrx_word' id='word_1_178' title='bbox 235 3012 275 3078; x_wconf 94' lang='lat' dir='ltr'><strong>D.</strong></span> <span class='ocrx_word' id='word_1_179' title='bbox 294 3015 350 3097; x_wconf 82' lang='lat'><strong>28,</strong></span> <span class='ocrx_word' id='word_1_180' title='bbox 370 3015 404 3097; x_wconf 93' lang='grc'><strong>6,</strong></span> <span class='ocrx_word' id='word_1_181' title='bbox 423 3015 479 3099; x_wconf 90' lang='grc'><strong>38,</strong></span> <span class='ocrx_word' id='word_1_182' title='bbox 499 3014 529 3079; x_wconf 89' lang='grc'><strong>3.</strong></span> <span class='ocrx_word' id='word_1_183' title='bbox 571 3013 691 3077; x_wconf 89' lang='lat' dir='ltr'><strong>Paulus</strong></span> <span class='ocrx_word' id='word_1_184' title='bbox 724 3013 807 3077; x_wconf 90' lang='lat' dir='ltr'><strong>libro</strong></span> <span class='ocrx_word' id='word_1_185' title='bbox 841 3012 1000 3099; x_wconf 80' lang='lat' dir='ltr'><strong>singulari</strong></span> <span class='ocrx_word' id='word_1_186' title='bbox 1033 3011 1072 3075; x_wconf 90' lang='lat' dir='ltr'><strong>de</strong></span> 
     </span>
     <span class='ocr_line' id='line_1_29' title="bbox 59 3101 1073 3187; baseline -0.005 -20"><span class='ocrx_word' id='word_1_187' title='bbox 59 3103 211 3167; x_wconf 88' lang='lat' dir='ltr'><strong>secundis</strong></span> <span class='ocrx_word' id='word_1_188' title='bbox 238 3104 368 3168; x_wconf 88' lang='lat' dir='ltr'><strong>tabulis.</strong></span> <span class='ocrx_word' id='word_1_189' title='bbox 395 3140 433 3149; x_wconf 97' lang='lat'>—</span> <span class='ocrx_word' id='word_1_190' title='bbox 461 3101 494 3167; x_wconf 86' lang='lat' dir='ltr'><strong>Si</strong></span> <span class='ocrx_word' id='word_1_191' title='bbox 526 3125 546 3166; x_wconf 87' lang='lat' dir='ltr'><strong>a</strong></span> <span class='ocrx_word' id='word_1_192' title='bbox 568 3105 660 3185; x_wconf 88' lang='lat' dir='ltr'><strong>patro</strong></span> <span class='ocrx_word' id='word_1_193' title='bbox 683 3102 851 3166; x_wconf 85' lang='lat' dir='ltr'><strong>institutus</strong></span> <span class='ocrx_word' id='word_1_194' title='bbox 875 3107 1073 3187; x_wconf 79' lang='lat' dir='ltr'><strong>rogatusque</strong></span> 
     </span>
     <span class='ocr_line' id='line_1_30' title="bbox 58 3188 1075 3277; baseline -0.004 -22"><span class='ocrx_word' id='word_1_195' title='bbox 58 3190 275 3256; x_wconf 90' lang='lat' dir='ltr'><strong>hereditatem</strong></span> <span class='ocrx_word' id='word_1_196' title='bbox 297 3192 465 3256; x_wconf 86' lang='lat' dir='ltr'><strong>restituere</strong></span> <span class='ocrx_word' id='word_1_197' title='bbox 490 3196 621 3256; x_wconf 86' lang='lat' dir='ltr'><strong>coaetus</strong></span> <span class='ocrx_word' id='word_1_198' title='bbox 641 3213 680 3255; x_wconf 90' lang='lat' dir='ltr'><strong>ex</strong></span> <span class='ocrx_word' id='word_1_199' title='bbox 701 3189 904 3277; x_wconf 84' lang='lat' dir='ltr'><strong>&lt;Pegasiano</strong></span> <span class='ocrx_word' id='word_1_200' title='bbox 925 3190 965 3272; x_wconf 89' lang='lat' dir='ltr'><strong>a&gt;</strong></span> <span class='ocrx_word' id='word_1_201' title='bbox 987 3188 1075 3252; x_wconf 88' lang='lat' dir='ltr'><strong>fidei-</strong></span> 
     </span>
     <span class='ocr_line' id='line_1_31' title="bbox 60 3277 1074 3363; baseline -0.005 -19"><span class='ocrx_word' id='word_1_202' title='bbox 60 3280 284 3345; x_wconf 87' lang='lat' dir='ltr'><strong>commissario</strong></span> <span class='ocrx_word' id='word_1_203' title='bbox 308 3280 438 3363; x_wconf 88' lang='lat' dir='ltr'><strong>adierit,</strong></span> <span class='ocrx_word' id='word_1_204' title='bbox 471 3280 618 3363; x_wconf 83' lang='lat' dir='ltr'><strong>quamvis</strong></span> <span class='ocrx_word' id='word_1_205' title='bbox 648 3283 766 3362; x_wconf 88' lang='lat' dir='ltr'><strong>cetera,</strong></span> <span class='ocrx_word' id='word_1_206' title='bbox 798 3278 937 3363; x_wconf 87' lang='lat' dir='ltr'><strong>quaein</strong></span> <span class='ocrx_word' id='word_1_207' title='bbox 961 3277 1074 3340; x_wconf 88' lang='lat' dir='ltr'><strong>eodem</strong></span> 
     </span>
     <span class='ocr_line' id='line_1_32' title="bbox 59 3367 1074 3452; baseline -0.004 -20"><span class='ocrx_word' id='word_1_208' title='bbox 59 3372 257 3433; x_wconf 87' lang='lat' dir='ltr'><strong>testamento</strong></span> <span class='ocrx_word' id='word_1_209' title='bbox 271 3370 382 3434; x_wconf 88' lang='lat' dir='ltr'><strong>relicta</strong></span> <span class='ocrx_word' id='word_1_210' title='bbox 398 3373 481 3447; x_wconf 91' lang='lat' dir='ltr'><strong>sunt,</strong></span> <span class='ocrx_word' id='word_1_211' title='bbox 495 3390 553 3452; x_wconf 90' lang='lat' dir='ltr'><strong>per</strong></span> <span class='ocrx_word' id='word_1_212' title='bbox 568 3390 638 3432; x_wconf 91' lang='lat' dir='ltr'><strong>eam</strong></span> <span class='ocrx_word' id='word_1_213' title='bbox 653 3368 827 3433; x_wconf 88' lang='lat' dir='ltr'><strong>aditionem</strong></span> <span class='ocrx_word' id='word_1_214' title='bbox 837 3367 1074 3448; x_wconf 87' lang='lat' dir='ltr'><strong>confirmentur,</strong></span> 
     </span>
     <span class='ocr_line' id='line_1_33' title="bbox 59 3455 1073 3541; baseline -0.006 -19"><span class='ocrx_word' id='word_1_215' title='bbox 59 3461 98 3522; x_wconf 89' lang='lat' dir='ltr'><strong>ut</strong></span> <span class='ocrx_word' id='word_1_216' title='bbox 121 3458 230 3541; x_wconf 87' lang='lat' dir='ltr'><strong>legata</strong></span> <span class='ocrx_word' id='word_1_217' title='bbox 254 3461 287 3522; x_wconf 87' lang='lat' dir='ltr'><strong>et</strong></span> <span class='ocrx_word' id='word_1_218' title='bbox 316 3457 501 3539; x_wconf 87' lang='lat' dir='ltr'><strong>libertates,</strong></span> <span class='ocrx_word' id='word_1_219' title='bbox 528 3457 685 3521; x_wconf 88' lang='lat' dir='ltr'><strong>secundas</strong></span> <span class='ocrx_word' id='word_1_220' title='bbox 713 3462 821 3520; x_wconf 85' lang='lat' dir='ltr'><strong>tamen</strong></span> <span class='ocrx_word' id='word_1_221' title='bbox 849 3455 978 3518; x_wconf 89' lang='lat' dir='ltr'><strong>tabulas</strong></span> <span class='ocrx_word' id='word_1_222' title='bbox 1007 3476 1073 3517; x_wconf 92' lang='lat' dir='ltr'><strong>non</strong></span> 
     </span>
     <span class='ocr_line' id='line_1_34' title="bbox 60 3543 1089 3631; baseline -0.01 -20"><span class='ocrx_word' id='word_1_223' title='bbox 60 3550 211 3631; x_wconf 86' lang='lat' dir='ltr'><strong>oportere</strong></span> <span class='ocrx_word' id='word_1_224' title='bbox 247 3547 432 3611; x_wconf 84' lang='lat' dir='ltr'><strong>resuscitari</strong></span> <span class='ocrx_word' id='word_1_225' title='bbox 470 3546 624 3610; x_wconf 81' lang='lat' dir='ltr'><strong>destituto</strong></span> <span class='ocrx_word' id='word_1_226' title='bbox 660 3546 727 3610; x_wconf 90' lang='lat' dir='ltr'><strong>iam</strong></span> <span class='ocrx_word' id='word_1_227' title='bbox 756 3546 826 3608; x_wconf 88' lang='lat' dir='ltr'><strong>iure</strong></span> <span class='ocrx_word' id='word_1_228' title='bbox 858 3543 953 3608; x_wconf 72' lang='lat' dir='ltr'><strong>ciuili</strong></span> <span class='ocrx_word' id='word_1_229' title='bbox 979 3546 1089 3604; x_wconf 69' lang='lat' dir='ltr'><strong>testa-</strong></span> 
     </span>
    </p>
   </div>
   <div class='ocr_carea' id='block_1_12' title="bbox 0 0 1228 3944">
    <p class='ocr_par' dir='ltr' id='par_1_13' title="bbox 0 0 1228 3944">
     <span class='ocr_line' id='line_1_35' title="bbox 0 0 1228 3944; baseline 0 0"><span class='ocrx_word' id='word_1_230' title='bbox 0 0 1228 3944; x_wconf 95' lang='lat' dir='ltr'><strong> </strong></span> 
     </span>
    </p>
   </div>
  </div>
 </body>
</html>
