2430 3944
352 184 378 233 6.
400 174 609 232 IAVOLENUS
627 175 775 232 PRISGUS
1002 176 1070 242 435

56 344 138 408 tiam
155 346 184 408 et
198 339 409 407 Maecenatem
424 340 587 423 respondit,
605 341 635 405 si
652 361 759 406 oerum
773 341 942 406 diuortium
952 338 1072 422 fuisset,

56 436 165 498 ratam
183 450 245 496 esse
262 429 466 510 donationem,
484 430 513 494 si
529 430 721 513 simulatum,
738 434 853 494 contra.
898 431 1073 495 sedunum

56 526 114 605 cst,
142 520 226 604 quod
247 517 396 584 Proculus
418 523 448 583 et
469 516 621 584 Caecilius
637 522 766 601 putant,
791 523 863 583 tunc
884 539 990 583 verum
1012 537 1074 584 esse

57 611 226 677 diuortium
253 611 282 672 et
307 607 406 672 calere
427 608 622 672 donaticmm
645 606 789 690 [divortii
810 627 906 672 causa
926 605 1073 691 fmtamJ,

58 700 88 766 si
100 698 186 764 aliae
198 697 326 779 nuptiae
338 697 491 761 inscanter
503 700 577 762 sunt
588 700 645 761 aut
657 700 722 762 tarn
735 697 825 780 leupo
837 701 968 778 tempore
978 696 1075 761 uidm

57 786 178 870 fuisset,
200 791 237 850 ut
257 785 386 850 dubium
406 805 470 850 non
489 785 572 866 foret
591 785 724 850 alterum
743 805 806 851 esse
822 785 1073 863 matrimonium

57 877 143 942 allas
164 895 219 940 nec
240 874 436 939 donationem
458 874 555 939 ullius
577 894 639 939 csse
660 875 806 939 momenti
825 873 979 954 futuram.

154 964 226 1030 139.
249 961 287 1029 D.
302 962 354 1046 24,
371 963 399 1046 1,
414 959 466 1027 65.
507 962 616 1027 Labeo
640 962 724 1028 libro
749 967 840 1028 sexto
859 961 1074 1046 posteriorum

60 1077 81 1119 a
98 1052 254 1118 Iavoleno
273 1053 534 1136 epitomatorem.
554 1088 596 1097 -
616 1051 704 1133 Quod
719 1053 769 1117 cir
787 1053 823 1136 ei,
842 1073 921 1134 qnae
937 1051 1076 1116 nandum

58 1143 229 1226 viripotens
257 1141 408 1225 nupserit,
435 1141 606 1225 mnavcrit,
633 1145 738 1205 ratum
759 1140 904 1221 futurum
925 1140 1075 1205 existimo.

154 1229 227 1295 140.
251 1228 289 1294 D.
304 1229 356 1312 24,
370 1227 400 1312 3,
415 1228 458 1294 66
472 1251 519 1313 pr.
555 1228 728 1294 Iavolenus
745 1228 830 1296 libro
850 1232 942 1295 sexto
961 1251 999 1293 ex
1019 1251 1075 1313 po·

61 1318 255 1385 sterioribus
268 1317 439 1382 Labeonis.
460 1354 499 1364 -
519 1318 563 1382 In
576 1318 625 1384 bis
637 1319 735 1402 rebus,
747 1338 826 1400 quas
834 1322 958 1400 praeter
970 1337 1076 1383 nume·

59 1414 167 1474 ratam
184 1408 351 1490 pecuniam
372 1407 436 1472 dati
458 1408 507 1472 cir
528 1406 624 1491 babet,
646 1408 752 1473 dolum
771 1408 891 1473 malum
908 1411 937 1472 et
952 1408 1077 1488 urlpam

59 1516 131 1563 ecem
154 1499 315 1578 praestare
336 1501 470 1577 oportere
492 1494 618 1562 Seruius
639 1499 694 1561 ait.
739 1517 777 1561 ea
797 1498 946 1562 sententia
969 1495 1077 1561 Publii

59 1586 166 1652 Mucii
188 1589 246 1662 est;
272 1605 348 1648 nam
369 1585 399 1650 is
421 1586 455 1648 in
477 1584 627 1650 Licinnia
650 1585 783 1650 Gracchi
804 1605 900 1650 uaore
922 1583 1077 1670 [statuit],

61 1675 219 1757 quadres
244 1673 359 1738 dotales
387 1676 421 1738 in
448 1694 485 1738 ea
510 1675 669 1758 seditione,
696 1695 759 1755 qua
782 1673 941 1740 Graeebm
963 1674 1077 1739 cccims

61 1768 143 1847 erat,
164 1761 329 1845 perissent,
356 1763 411 1841 ait,
434 1763 509 1845 quia
535 1761 670 1827 Gracclu
690 1763 782 1845 culpa
803 1784 841 1828 ea
862 1765 969 1828 seditio
990 1764 1076 1844 facta

61 1857 149 1931 esset,
171 1851 336 1916 Licinniae
352 1852 512 1934 praestari
534 1856 675 1932 (putere.

154 1939 228 2005 141.
252 1938 290 2003 D.
303 1938 379 2004 ibid.
397 1941 417 2020 ξ
435 1942 462 2007 1.
489 1976 526 1986 -
554 1938 657 2006 Sava
679 1942 786 2006 uraris
808 1941 857 2005 uir
878 1959 1020 2005 nummos
1042 1941 1078 2003 in

63 2030 243 2095 vestiarium
269 2029 403 2112 dederat,
431 2049 490 2110 quo
513 2034 627 2110 parato
653 2030 761 2094 deinde
786 2029 871 2093 iutra
893 2049 1011 2094 cunum
1032 2029 1078 2092 di-

62 2119 196 2184 ocrtiam
222 2118 438 2183 intercesserat.
478 2119 601 2200 placuit
623 2118 763 2183 Labeoni
787 2118 942 2190 Trebatio,
969 2116 1078 2197 qualia

61 2208 242 2273 unanima
257 2211 332 2288 post
352 2208 517 2272 diuortium
541 2212 650 2290 esseut,
679 2208 758 2272 talia
779 2209 845 2272 uiro
867 2207 969 2282 reddi;
999 2206 1078 2269 idern

60 2297 144 2361 iuris
169 2294 314 2375 fullerum
338 2294 449 2378 fuisse,
475 2297 505 2361 si
531 2297 601 2377 ipsa
627 2298 805 2362 vestimenta
830 2297 880 2361 uir
906 2295 1025 2360 mansel
1050 2297 1080 2357 et

60 2385 159 2450 serres
180 2384 310 2449 dedisset
330 2381 479 2467 [quodsi
500 2385 679 2450 uestimenta
699 2406 763 2450 non
785 2384 989 2461 redderentur,
1012 2387 1078 2448 nrm

61 2475 168 2538 virum
186 2473 322 2554 pretium
344 2474 379 2537 in
402 2474 468 2538 dote
490 2473 785 2557 compensaturum]

157 2562 229 2625 142.
253 2559 291 2626 D.
310 2561 387 2625 ibid.
405 2562 469 2642 §2-
496 2600 531 2610 -
558 2563 650 2628 Filia
674 2563 817 2644 familias
843 2561 974 2626 divortio
994 2559 1077 2640 facta

62 2653 163 2716 dotem
184 2651 276 2732 patri
301 2651 389 2715 reddi
411 2652 558 2728 iusserat·
585 2653 693 2717 deinde
709 2655 801 2734 parte
823 2652 902 2716 doto
919 2650 1078 2732 persoluta

59 2744 154 2823 pater
179 2740 349 2804 decesserat.
396 2739 549 2821 reliquam
568 2745 705 2824 partem,
731 2742 761 2806 si
787 2761 840 2806 nec
867 2740 1002 2822 delepata
1016 2745 1080 2803 ‘nec

59 2828 219 2911 promum
250 2825 405 2911 [remandi
436 2828 561 2913 animo]
586 2831 675 2912 patri
697 2829 821 2911 fuisset,
852 2829 978 2893 mrelieri
1003 2827 1080 2892 solui

62 2917 168 2982 debem
190 2915 291 2981 Labeo
317 2916 477 2983 Trebatius
494 2921 622 3001 putant,
645 2919 735 2999 idqrre
757 2938 861 2983 verum
883 2922 934 2983 eet.

159 3004 229 3070 143.
253 3003 291 3068 D.
305 3005 383 3070 ibid.
396 3008 417 3087 ᾗ
431 3007 459 3069 3.
485 3044 526 3053 —
551 3008 716 3089 Mancupia
738 3008 773 3072 in
795 3009 893 3072 dotem
916 3006 1080 3072 aestimata

63 3095 214 3176 accepisti.
261 3099 388 3176 pactum
414 3101 592 3160 mouentum
619 3097 726 3161 deiude
746 3097 864 3176 factum
887 3100 946 3177 est,
978 3101 1013 3159 ut
1035 3095 1079 3157 di-

63 3184 161 3248 oortia
190 3181 273 3262 facto
305 3185 452 3248 tantidem
484 3186 648 3249 aestimata
677 3187 815 3251 redderes
841 3205 896 3250 nec
922 3185 958 3248 de
982 3187 1079 3264 partu

63 3272 218 3339 dotalium
244 3273 432 3338 ancillarum
458 3274 570 3338 mentio
595 3273 681 3354 facta
707 3280 758 3340 est.
803 3273 950 3351 manebit,
978 3271 1080 3352 iuquit

63 3361 182 3446 Labeo,
202 3365 318 3442 partus
345 3367 429 3444 tuus,
456 3363 533 3444 quia
558 3363 587 3427 is
608 3384 670 3447 pra
695 3364 830 3445 pericmo
852 3363 1080 3442 mancipiorum

57 3471 156 3535 penes
178 3453 205 3513 te
227 3469 289 3515 esse
309 3450 431 3516 deberet.

159 3539 230 3603 144.
261 3537 297 3603 D.
316 3538 392 3604 ibid.
411 3542 431 3621 ξ
449 3541 479 3605 4.
509 3578 548 3587 -
578 3541 713 3628 Mulier,
744 3563 825 3626 quae
857 3546 983 3608 conium
1015 3543 1102 3603 bobis

827 3645 889 3702 ⁴28*
