2430 3944
365 212 390 262 6.
413 203 620 259 IAVOLENUS
638 201 787 259 Pulscus
1014 205 1079 270 419

67 367 212 434 Seruium
243 369 432 451 respondisse
462 367 579 452 sonbit,
610 367 685 449 qnia
716 367 859 432 dominns
885 388 968 433 servo
999 367 1080 434 nitii

66 457 171 523 dobere
197 459 353 539 potuisset.
397 477 448 540 epo
475 461 552 538 puio
583 457 748 521 seeundum
771 460 899 527 mentem
927 457 1080 523 testatoris

66 546 334 701 ppiptppeieurtpppp'p
356 567 449 629 quom
472 545 560 610 rioilo
581 544 715 610 debiturn
736 546 933 627 speriondnm
955 566 1028 630 osse,
1051 549 1081 611 et

108 797 177 858 'Do
200 817 231 859 eo
254 801 301 860 oni
322 801 447 874 fundum
470 801 590 860 vendor
612 803 686 859 oerio
702 800 799 873 pretio
821 799 946 859 domnos
969 802 1017 858 esi.

157 909 210 974 66.
231 907 271 976 D.
286 911 338 993 32,
352 910 405 995 30,
419 910 449 975 3.
486 909 593 975 Labeo
608 909 691 974 libro
707 907 846 974 seeundo
861 907 1078 991 posteriorum

65 1019 87 1062 r.
110 996 265 1063 Iauoleno
291 999 550 1082 epitomatorum.
574 1034 617 1044 -
640 997 678 1062 Si
697 997 832 1079 fundum
854 997 933 1062 oniti
954 998 1080 1063 vendor
1177 987 1194 1011 ’

64 1091 145 1152 oerio
168 1087 269 1168 pretio
297 1087 500 1172 domno[in]s
522 1107 563 1171 es,
584 1087 707 1152 nudum
726 1086 865 1168 frueinrn
886 1087 952 1151 eins
974 1087 1020 1151 rei
1041 1108 1079 1152 eo

64 1176 237 1240 venditione
258 1177 392 1258 erupere
414 1177 469 1242 tibi
491 1176 619 1242 liberum
642 1176 708 1258 orii,
730 1175 806 1258 quio
828 1175 863 1240 id
878 1176 1015 1258 pretinm
1037 1176 1081 1240 ad

63 1269 163 1329 iotam
184 1284 312 1330 eunom
331 1265 427 1347 fundi
442 1268 586 1349 pertinet.

200 1448 377 1522 Lepoiornrn
398 1449 609 1508 servandorum
631 1465 722 1508 conso
744 1451 777 1506 nt
799 1450 944 1507 oooeonn.

156 1557 208 1622 67.
234 1555 275 1621 D.
289 1555 342 1640 36,
355 1558 386 1641 4,
401 1558 450 1622 14.
487 1556 595 1622 Labeo
609 1557 694 1621 libro
709 1556 848 1622 secundo
862 1557 1076 1640 posteriorum

64 1667 85 1710 a
113 1645 266 1710 Iauoleno
300 1647 559 1729 epitomatorum.
585 1681 623 1692 -
650 1645 735 1726 Qnoe
762 1646 929 1728 iepoiornrn
954 1665 1078 1712 sneun-

63 1735 178 1800 dornrn
203 1754 300 1800 conso
326 1735 361 1799 in
388 1735 475 1800 bonis
502 1739 558 1816 osi,
587 1735 622 1798 in
643 1754 738 1799 conso
760 1735 895 1799 onoendi
916 1736 1078 1813 deminuet,

63 1824 94 1888 si
119 1823 190 1907 filio
216 1824 495 1907 neptispronepiis
520 1827 733 1888 rexnonesset
758 1843 812 1888 noo
838 1827 937 1905 nupto
962 1825 1004 1888 sii
1025 1844 1078 1888 neo

65 1930 157 1976 mum
179 1913 341 1995 qnioqnorn
362 1912 478 1978 boboni.

323 2095 370 2154 De
392 2096 483 2169 iepoto
506 2096 696 2154 condicionali
718 2095 823 2154 reticio.

153 2204 206 2269 68.
228 2202 269 2270 Ι).
283 2203 336 2288 35,
356 2211 384 2290 1,
398 2206 441 2270 40
448 2227 494 2290 pr.
536 2205 624 2270 Idem
643 2201 702 2292 (so.
719 2199 906 2290 Iavolenus)
925 2202 1008 2267 libro
1028 2225 1076 2267 se·

62 2292 169 2358 cundo
207 2315 245 2357 ex
280 2294 513 2379 posterioribus
546 2292 715 2359 Labeonis.
749 2329 791 2340 -
826 2291 943 2372 Quibus
971 2291 1076 2357 diebus

61 2381 185 2446 uicinus
208 2386 278 2446 tons
301 2383 397 2447 teoio
410 2383 544 2464 pobiioo,
567 2403 638 2448 oum
655 2384 698 2447 od
711 2383 887 2464 parendum
904 2381 1076 2446 condicioni

61 2471 109 2534 ire
136 2470 236 2552 odies,
263 2472 308 2536 ire
325 2471 519 2554 prohibuerit
538 2474 609 2551 [neo
625 2492 684 2554 per
707 2477 735 2535 io
756 2474 862 2547 sionei,
888 2490 948 2552 qno
971 2470 1076 2535 minos

60 2560 191 2642 spendo
202 2559 238 2624 ob
257 2560 432 2625 coinrnnios
448 2581 517 2626 enm
535 2561 749 2642 summoooosJ,
771 2559 805 2623 bi
822 2560 887 2624 dies
904 2559 1077 2624 condicioni

58 2668 126 2713 non
148 2648 390 2730 imputabuntur.

152 2739 272 2802 Ineluso
293 2742 386 2803 verbs
405 2761 423 2802 e
442 2741 622 2803 Triboniuno
642 2742 745 2802 addita
762 2760 829 2801 esse
848 2741 970 2801 Pernioe
988 2742 1074 2803 vidit.
1168 2730 1175 2743 ⁹

559 2914 577 2979 2

152 3029 204 3095 69.
234 3030 272 3095 D.
287 3029 340 3113 50,
356 3030 406 3113 16,
420 3031 494 3114 242,
509 3032 539 3096 3.
581 3026 754 3095 Iavolenus
772 3029 855 3094 libro
876 3028 1014 3094 seeundo
1034 3052 1073 3092 ex

58 3119 299 3203 posterioribus
327 3119 495 3185 Labeonis.
526 3155 564 3166 -
595 3117 759 3185 ‘deorn'
786 3138 849 3184 non
873 3119 973 3183 solnm
996 3138 1072 3201 eom,

58 3229 140 3290 quoe
162 3207 331 3290 aliquando
352 3213 451 3291 nupto
471 3209 589 3291 fnisset,
611 3209 665 3273 sed
685 3228 753 3272 eom
771 3227 887 3290 qnoque
904 3206 1072 3284 mulierem,

57 3317 139 3380 quoe
170 3297 272 3361 uirum
302 3317 366 3362 non
397 3297 561 3381 intonso,
592 3297 761 3380 oppdiori.
776 3297 824 3362 aii
848 3295 962 3380 Labeo,
997 3295 1072 3376 poio

57 3387 155 3452 uidero
177 3387 222 3450 sio
243 3386 326 3451 dicio
348 3391 392 3451 est
412 3387 504 3469 qnasi
525 3405 638 3465 vecors,
660 3405 798 3469 vesanus,
820 3384 963 3467 quisine
984 3384 1073 3448 eorde

56 3479 117 3540 ont
145 3476 280 3540 sonitore
310 3480 400 3552 essen
437 3475 581 3540 similiter
612 3476 738 3541 viduam
769 3475 882 3540 dioiorn
913 3492 975 3538 esso
1005 3473 1072 3538 sine

55 3565 183 3629 dnitoie.

804 3663 858 3720 ru*
