2430 3944
345 188 373 238 4.
394 183 426 237 L.
444 181 626 238 NERATIUS
645 181 792 238 Priscus
1010 182 1075 248 349

57 336 191 413 curator
214 367 268 412 eos
286 366 352 410 non
373 345 441 410 eius
460 345 590 410 nomine
609 345 742 430 accepit,
765 346 855 411 cuius
874 367 929 411 eos
948 345 1077 412 debitor

56 434 130 500 fieri
166 435 250 516 vult,
288 437 320 498 et
356 432 460 499 invito
493 434 624 499 domino
657 455 712 499 eos
745 434 974 500 contrectando
1007 436 1076 500 sine

57 524 159 589 dubio
177 523 300 589 furtum
319 522 408 587 facit
445 522 531 608 quod
551 523 579 588 si
597 523 643 588 ita
661 522 717 587 det
735 523 873 606 debitor,
897 526 934 589 ut
951 524 1076 589 nummi

55 612 278 698 procuratoris
301 611 397 695 fiant,
421 612 512 677 nullo
536 611 633 679 modo
657 633 730 677 eum
753 611 876 678 furtum
900 612 1007 678 facere
1030 613 1077 678 ait

56 702 228 768 voluntate
252 699 374 766 domini
398 722 453 765 eos
477 699 671 785 accipiendo.

422 876 473 942 Dc
495 878 556 961 lege
576 878 718 961 Aquila.

148 1004 203 1070 48.
231 1001 270 1067 D.
284 1003 314 1082 9,
328 1002 359 1083 2,
373 1003 416 1068 23
425 1024 473 1087 pr.
517 1000 680 1086 Ulpianus
707 1003 790 1068 libro
814 1011 929 1069 octavo
953 1003 1076 1070 decimo

58 1092 100 1158 ad
124 1091 267 1158 edictum
289 1086 340 1176 (P.
354 1091 445 1178 616).
470 1126 509 1138 -
534 1091 740 1157 ..Neratius
763 1092 890 1172 scribit,
913 1091 940 1158 si
964 1114 1077 1158 servus

56 1182 154 1247 bores
187 1179 358 1245 institutus
391 1180 515 1245 occisus
549 1180 606 1264 sit,
638 1181 736 1245 etiarn
762 1179 953 1246 hereditatis
980 1182 1077 1247 aesti-

57 1269 240 1335 mationem
261 1267 380 1334 venue.

151 1363 188 1423 cf.
203 1361 268 1423 Gai.
283 1364 313 1440 3,
329 1364 402 1421 212.
440 1355 514 1422 ‘Nec
538 1363 637 1422 solum
660 1381 769 1440 corpus
791 1362 824 1423 iu
846 1362 964 1424 actione
986 1364 1077 1424 huius

58 1451 138 1531 legis
168 1451 359 1528 aestimatur;
388 1451 441 1511 sed
469 1468 539 1511 sane
567 1450 594 1510 si
617 1469 704 1512 servo
727 1452 824 1512 occiso
847 1452 917 1529 plus
939 1453 1077 1512 dominus

58 1541 162 1616 capiat
189 1539 291 1600 damni
318 1558 408 1617 quam
435 1540 568 1616 pretium
595 1541 676 1600 servi
702 1541 756 1617 sit,
783 1541 815 1600 id
842 1560 960 1619 quoque
986 1541 1087 1602 sesti-¹

58 1632 177 1705 matur,
206 1628 300 1688 veluti
328 1628 354 1687 si
381 1647 486 1689 servus
514 1646 600 1688 meus
623 1628 660 1688 ab
684 1630 785 1707 aliquo
809 1630 896 1690 hores
919 1630 1078 1690 institutus

59 1720 225 1794 antequam
246 1717 331 1776 iussu
354 1735 420 1777 meo
444 1717 643 1777 hereditatem
665 1720 810 1797 cerneret,
833 1718 948 1779 occisus
972 1719 1078 1797 fuerit,

58 1826 122 1867 non
145 1806 226 1865 enim
249 1808 369 1866 tantum
391 1806 486 1882 ipsius
508 1807 641 1882 pretium
663 1806 850 1884 aestimatur,
872 1807 923 1867 sed
943 1809 975 1867 et
992 1809 1078 1868 here·

59 1894 167 1955 ditatis
189 1893 317 1955 amissae
340 1888 515 1972 quantitas'.

151 1996 204 2062 49.
238 1993 275 2061 D.
295 1995 325 2075 9,
340 1996 369 2074 2,
385 1995 416 2077 9,
429 1996 459 2060 2.
509 1994 671 2079 Ulpianus
698 1994 783 2061 libro
811 2001 925 2063 octavo
954 1997 1077 2062 decimo

60 2084 102 2150 ad
131 2084 274 2150 edictum
297 2082 346 2166 (P.
361 2081 465 2167 6141').
493 2120 531 2131 —
558 2083 591 2148 Si
620 2083 691 2168 quis
718 2083 884 2150 hominem
911 2086 996 2150 fame
1024 2108 1077 2151 ne·

61 2172 199 2251 caverit,
223 2172 258 2237 in
280 2172 402 2237 factum
425 2173 550 2239 actione
573 2173 679 2237 teneri
701 2172 857 2239 Neratius
880 2174 935 2239 ait

152 2267 189 2326 of.
205 2265 269 2326 Gai.
286 2269 315 2344 3,
330 2268 403 2327 219.
446 2260 599 2326 ‘Ceterum
622 2267 738 2343 placuit
760 2268 805 2327 ita
827 2269 946 2328 demum
965 2268 1079 2328 exista

60 2357 129 2433 lege
153 2355 301 2415 actionem
325 2374 397 2432 esse,
421 2356 447 2414 si
470 2356 538 2433 quis
561 2374 684 2431 corpore
707 2375 761 2415 suo
785 2356 928 2416 damnum
947 2356 1077 2434 dederit3

60 2445 191 2522 ideoque
223 2444 284 2503 alio
316 2445 404 2503 modo
436 2444 544 2504 damno
577 2444 648 2504 dato
680 2445 771 2505 utiles
798 2445 931 2505 actiones
959 2446 1078 2522 dantur,

60 2533 160 2593 veluti
185 2533 212 2593 ei
239 2533 306 2610 quis
333 2533 468 2593 alienum
495 2532 645 2592 bominem
761 2533 918 2595 incluserit
944 2536 976 2594 et
997 2529 1078 2594 fame

60 2623 217 2683 necaverit
239 2615 303 2680 ...⁹

153 2721 220 2788 50⁸.
252 2721 368 2788 Collat
390 2723 439 2804 12,
461 2723 489 2805 7,
510 2724 539 2787 7.
589 2722 750 2807 Ulpianus
777 2723 863 2789 libro
891 2723 1006 2790 XVIII
1038 2725 1079 2790 ad

62 2812 205 2877 edictum
309 2847 353 2857 -
381 2809 416 2876 Si
442 2811 526 2876 forte
555 2833 681 2896 servus,
708 2812 764 2897 qui
790 2812 874 2877 idem
902 2814 1079 2879 conductor

63 2904 129 2982 est,
162 2899 269 2965 coloni
302 2900 341 2964 ad
374 2899 539 2965 fornacem
572 2900 787 2966 obdormisset
814 2904 846 2966 et
873 2901 953 2966 villa
978 2901 1079 2968 fuerit

63 2992 189 3072 exusta,
210 2986 365 3053 Neratius
385 2988 499 3053 scribit
517 3011 555 3054 ex
574 2989 680 3054 locato
700 2993 894 3055 conventum
912 2995 1078 3077 praestare

65 3077 197 3159 debere,
220 3078 248 3141 si
271 3077 447 3162 neglegens
471 3077 505 3141 in
529 3077 693 3163 elegendis
717 3078 907 3144 ministeriis
931 3080 1001 3144 fuit.

154 3180 224 3250 50¹&
249 3181 289 3250 D.
304 3183 334 3265 9,
348 3185 379 3266 2,
393 3184 446 3266 27,
460 3184 490 3249 9.
531 3183 692 3268 Ulpianus
712 3184 797 3250 libro
821 3189 936 3251 octavo
955 3186 1078 3251 decimo

65 3272 106 3339 ad
134 3272 274 3337 edictum
298 3268 347 3359 (P.
362 3270 449 3359 623).
476 3309 514 3318 —
543 3271 578 3339 Si
604 3273 805 3339 iornooarius
835 3295 945 3339 servus
972 3274 1079 3339 coloni

67 3362 106 3427 ad
122 3361 287 3427 fornacem
302 3360 519 3427 obdormisset
533 3365 566 3426 et
579 3361 658 3427 villa
671 3361 770 3427 fuerit
784 3367 906 3447 exusta,
925 3362 1076 3430 Neratius

66 3449 181 3515 scribit
200 3471 239 3514 ex
256 3450 364 3516 locato
384 3454 579 3517 conventum
598 3455 761 3536 praestare
781 3450 905 3536 debere,
924 3452 952 3516 si
970 3451 1078 3535 negle-

66 3560 146 3624 gens
170 3539 205 3604 iu
229 3539 388 3625 eligendis
411 3539 599 3605 ministeriis
622 3540 692 3607 fuit.
