2430 3944
95 201 160 266 558
466 195 744 252 mamercum.

188 362 260 428 145.
306 360 344 425 D.
372 361 403 439 2,
432 360 483 442 14,
512 360 563 444 17,
592 359 620 425 6.
669 357 792 423 Paulus
825 357 910 423 libro
943 359 1042 424 tertio
1070 358 1104 423 ad

98 452 247 517 edictum.
273 487 312 496 -
337 447 419 516 Cum
442 469 612 532 possessor
635 447 759 511 alienae
781 447 977 513 hereditatis
999 453 1105 532 pactus

98 543 158 614 est,
187 537 309 621 heredi,
336 538 366 602 si
393 537 534 621 evicerit,
561 557 665 621 neque
691 557 809 600 nocere
832 558 938 621 neque
961 536 1105 622 prodesse

98 629 245 714 plerique
268 630 394 711 putant.

429 749 479 815 De
496 751 532 814 ia
553 751 604 814 tus
626 750 769 814 vocanda

190 867 261 931 146.
306 864 345 931 D.
369 866 399 943 2,
426 864 457 946 4,
484 866 514 943 4,
539 865 569 929 2.
613 861 774 948 Ulpianus
806 864 890 930 libro
924 864 1040 948 quinto
1069 862 1104 926 ad

97 957 247 1020 edictum.
270 989 310 1001 -
338 952 488 1040 (Praetor
520 955 579 1018 ait:
612 957 780 1037 parentem
894 952 932 1017 'in
964 954 1017 1018 ius
1044 951 1104 1017 sine

96 1044 255 1129 permissu
279 1063 414 1107 meone
438 1042 510 1126 quis
532 1039 651 1128 vocet.)
683 1044 848 1125 parentem
872 1041 927 1106 hic
946 1043 1103 1125 utriusque

98 1153 194 1198 sexus
223 1132 345 1215 accipe,
373 1131 428 1195 sed
457 1153 499 1195 an
521 1129 555 1195 in
578 1130 741 1194 infinitum
764 1131 942 1214 quaeritur.
985 1129 1102 1216 quidam

97 1224 262 1305 parentem
284 1241 385 1304 usque
405 1217 445 1282 ad
461 1219 616 1284 tritavum
631 1219 789 1303 appellari
808 1219 911 1304 aiunt,
931 1219 1102 1302 superiores

100 1309 239 1373 maiores
263 1308 332 1373 dici.

187 1403 223 1462 cf.
245 1423 275 1479 p.
300 1403 351 1462 72.

189 1494 262 1559 147.
307 1493 346 1558 D.
370 1494 401 1577 2,
423 1493 453 1575 4,
479 1493 529 1560 18.
575 1491 675 1558 Gaius
703 1493 787 1557 libro
817 1493 923 1578 primo
949 1493 990 1558 ad
1009 1493 1101 1577 legem

98 1581 266 1647 duodecim
293 1581 488 1647 tabularum.
519 1619 557 1628 -
587 1580 738 1668 Plerique
766 1585 967 1666 putaverunt
989 1581 1100 1646 nullum

98 1670 252 1735 dedomo
276 1692 335 1734 sua
358 1668 461 1734 iuius
489 1671 598 1736 vocari
620 1671 725 1751 licere,
749 1671 826 1754 quia
849 1670 966 1735 domus
989 1668 1100 1735 tutissi-

97 1781 186 1823 mum
206 1760 319 1843 cuique
337 1759 499 1844 refugium
522 1764 619 1844 atque
642 1760 881 1842 receptaculum
900 1760 954 1844 sit,
977 1776 1101 1843 eumque

100 1848 156 1932 qui
178 1847 252 1912 inde
275 1848 310 1912 in
333 1847 383 1912 ius
408 1853 551 1927 vocaret,
574 1847 640 1912 rim
664 1847 778 1912 inferri
800 1847 913 1912 videri.

471 1998 522 2063 De
543 1999 738 2063 vadimoniis.

188 2116 260 2180 148.
306 2113 345 2179 D.
369 2116 399 2197 2,
425 2114 476 2198 10,
500 2115 528 2194 1,
551 2114 581 2177 2.
627 2112 786 2196 Ulpianus
800 2113 887 2177 libro
908 2115 1044 2198 septimo
1065 2110 1097 2174 ad

98 2203 247 2268 edietum.
280 2240 322 2250 -
355 2201 529 2267 Dolum..
559 2204 680 2265 malum
713 2202 760 2266 sic
792 2202 988 2286 accepimus,
1019 2206 1053 2265 ut
1075 2199 1096 2261 si

99 2293 171 2376 quis
213 2292 355 2356 venienti
396 2293 432 2355 tre
463 2288 531 2356 tus²
564 2290 686 2374 aliquid
718 2292 979 2374 pronuntiaverit
1009 2290 1096 2367 triste,

98 2385 231 2464 propter
262 2381 347 2466 quod
375 2380 403 2443 is
436 2401 566 2444 necesse
593 2378 709 2443 habuit
737 2381 773 2443 r'a
801 2379 871 2444 ius¹
898 2402 965 2445 non
994 2378 1095 2454 venire,

97 2475 247 2532 teneatur
275 2491 314 2533 ex
340 2468 402 2533 hoc
431 2468 548 2551 edicto,
579 2468 726 2552 quamvis
751 2467 882 2552 quidam
910 2472 1024 2551 putent
1045 2463 1094 2529 sibi

98 2577 171 2620 eum
195 2555 356 2640 imputare
380 2558 434 2642 qui
458 2557 605 2621 credulus
628 2556 699 2621 fuit.

164 2705 214 2770 De
236 2708 439 2790 repetitoribus
461 2713 490 2771 et
506 2707 759 2789 prosecutoribus
781 2711 810 2771 et
831 2708 1043 2787 defensaretur.

189 2822 261 2887 149.
295 2821 333 2887 D.
352 2824 382 2904 3,
403 2825 432 2905 3,
452 2825 504 2888 61.
549 2821 637 2886 Idem
661 2819 720 2908 (so.
738 2820 874 2909 Paulus)
897 2822 981 2886 libro
1004 2820 1091 2905 primo

99 2908 139 2972 ad
170 2909 344 2977 Plautium.
368 2947 407 2957 —
433 2910 580 2976 Plautius
609 2912 667 2975 ait:
697 2907 899 2994 coquerem*
922 2911 1090 2975 damnatum

96 3020 161 3062 non
194 2999 310 3063 debere
341 3000 520 3084 conveniri,
551 3001 614 3064 nisi
643 3002 700 3064 aut
731 3000 766 3063 in
794 3021 862 3063 rem
894 3021 987 3064 suam
1014 2998 1089 3062 datur

98 3090 184 3151 esset
212 3091 268 3151 aut
296 3089 467 3171 optulisset
490 3111 538 3173 se,
566 3111 638 3152 cum
664 3087 760 3151 sciret
789 3093 920 3153 cautum
943 3102 1090 3162 nonense,

96 3175 246 3240 omnibus
269 3176 398 3261 placuit.

187 3264 259 3330 150.
283 3264 352 3330 Gai.
367 3266 397 3348 4,
407 3264 458 3330 84.
469 3301 512 3312 —
527 3265 722 3331 Procurator
737 3315 761 3330 ..
777 3265 877 3331 nullis
892 3266 988 3332 certis
1001 3259 1088 3329 verbis

96 3353 129 3415 in
154 3353 246 3416 litem
270 3353 487 3433 substituitur,
511 3354 625 3420 seder
649 3355 716 3419 solo
741 3355 894 3420 mandato
920 3359 952 3419 et
975 3353 1088 3418 absente

168 3497 182 3543 1
205 3492 280 3548 Yrib.
299 3493 335 3546 ad
353 3491 494 3546 iudicium.

168 3567 184 3614 2
205 3562 281 3619 Trib.
299 3564 516 3633 procuratorem.
