2438 3930
1037 145 1089 202 XV

62 308 158 384 1542,
174 305 251 366 dum
270 305 445 366 Florentiae
465 309 608 384 moratur,
626 326 645 367 a
663 307 770 370 Cosmo
783 310 906 389 Medios,
921 312 1088 376 Tuscorum

63 397 150 470 duee,
173 394 414 474 impetraverat,
442 397 479 455 ut
501 395 602 456 codiee
625 397 801 458 Florentino
824 400 870 458 uti
894 401 952 462 sibi
974 402 1087 485 liceret,

62 483 261 552 adiutoribus
288 483 401 544 Ioanne
430 485 553 545 Metello
586 488 618 545 et
644 485 747 547 Laelio
776 488 931 564 Taurello,
963 495 1087 570 propter

62 573 199 694 legendi1
224 572 437 633 difficultatem
474 574 566 633 etiam
602 574 714 654 Angeli
745 575 888 636 Politiani
919 579 1005 641 libris
1037 584 1088 642 ad·

63 664 179 724 hibitis.

154 752 247 811 Anno
275 753 362 812 1574
389 751 572 812 Iohannes
594 751 836 832 wolfgangus
859 754 1086 821 Ilreimonius

64 843 203 902 Bavarus
232 832 494 922 (1546-1610)
523 861 542 901 a
574 841 715 918 Donello,
743 837 908 905 Valentino
936 846 1086 926 Fontem,

65 931 193 991 Nioolao
219 928 355 1004 Oisnero,
379 929 511 989 Iohanne
535 930 682 991 Fiohardo
711 932 833 992 adiutus
857 927 1087 1010 ‘Symphoniam

66 1020 142 1080 iuris
166 1019 328 1095 utriusque
351 1012 604 1096 chronologieom'
628 1019 735 1094 edidit,
759 1040 830 1098 qua,
858 1024 894 1081 ut
916 1023 978 1083 alia
1000 1043 1086 1099 prae·

67 1113 191 1183 teneam,
216 1126 285 1167 oum
307 1108 505 1183 imperatores
528 1108 598 1167 inde
622 1127 641 1167 a
664 1106 790 1170 Caesare
813 1128 910 1189 usquo
934 1110 972 1171 ad
994 1113 1085 1174 Iusti·

67 1198 192 1259 nianum
213 1215 375 1274 eorumque
395 1196 635 1273 constitutiones,
644 1199 710 1256 tum
724 1198 953 1260 iurisconsultos
967 1221 1084 1262 eorum-

67 1307 125 1369 que
171 1287 270 1347 libros
306 1286 415 1346 aetatis
451 1285 568 1345 ratione
609 1287 715 1345 habita
757 1289 903 1362 separatis
943 1309 1086 1351 versuum

67 1377 216 1441 solumuis
240 1379 272 1436 et
293 1374 442 1451 disposuit
464 1376 496 1434 et
518 1375 714 1451 comparavit,
736 1375 884 1438 librorum
906 1378 1085 1454 fragmentis

67 1487 142 1546 qnae
169 1467 203 1525 in
226 1465 360 1543 Digestis
386 1467 508 1524 servata
534 1467 606 1524 sunt
632 1458 800 1524 indicatis.²
852 1484 914 1542 qno
938 1485 975 1526 ex
997 1485 1085 1544 opere

68 1553 298 1634 diligentissime
321 1552 487 1629 composito
510 1552 549 1611 ad
569 1552 647 1611 hano
666 1552 834 1613 doctrinam
851 1557 983 1615 multum
1002 1557 1085 1616 utili·

68 1646 138 1706 tatis
162 1642 348 1704 redundasse
372 1644 500 1712 constat.
576 1631 582 1642 ’

152 1731 321 1810 Augustini
334 1733 426 1806 atque
441 1729 554 1790 Ouiaoii
570 1732 773 1807 praesepton's
791 1732 928 1808 vestigiis
941 1733 1085 1793 insistens

66 1822 219 1884 Iaeobus
245 1819 395 1879 Laetius
423 1811 683 1899 (1560-1611)
712 1838 738 1881 a.
763 1822 847 1880 1592
876 1822 913 1880 ad
942 1821 1084 1882 Modesti·

67 1931 139 1971 num
155 1912 193 1971 de
216 1909 330 1986 poenis,
354 1908 459 1968 deinde
478 1927 505 1969 a.
526 1909 609 1968 1601
632 1908 669 1968 de
687 1908 752 1968 vita
771 1912 802 1968 et
821 1909 941 1986 seriptis
959 1911 1085 1971 Domitii

67 2001 187 2076 Ulpiani
196 2000 364 2059 tractatum
375 1997 504 2072 scripsit.
520 1996 550 2056 in
561 1996 663 2056 eodem
675 1997 844 2057 studiorum
853 2018 963 2073 genere
973 2000 1085 2058 versati

67 2093 137 2148 sunt
153 2090 268 2165 plures,
287 2087 319 2145 in
333 2086 380 2146 his
394 2086 602 2146 Edmundus
623 2086 807 2145 Merillius
822 2081 1084 2167 (1579-1647),

66 2178 116 2254 qui
148 2179 186 2237 de
217 2176 308 2235 Pauli
339 2176 425 2235 libris
456 2175 643 2234 Manualium
676 2179 706 2233 et
738 2175 773 2233 ds
803 2174 971 2234 Callistrati
997 2176 1083 2235 libris

67 2266 284 2336 Quaestionum
308 2264 481 2340 disputavit.
856 2318 860 2329 ,

152 2354 331 2430 Insequenti
350 2353 468 2412 saeoulo
486 2353 590 2412 XVIII
608 2352 788 2411 Abraham
807 2353 966 2431 Wieling
980 2347 1082 2436 (1693

68 2436 214 2523 —1746)
233 2443 399 2518 pleniorem
416 2442 545 2501 indioem
565 2461 591 2501 a.
613 2444 697 2501 1727
719 2443 811 2501 edidit
830 2443 873 2502 sio
891 2443 1082 2518 inscriptum:

67 2527 320 2608 ‘Iurisprudentia
337 2531 489 2609 restituta,
508 2532 571 2590 sive
590 2530 679 2589 index
696 2532 924 2609 chronologicus
939 2532 970 2590 in
985 2536 1083 2592 totum

66 2621 139 2681 iuris
174 2620 352 2680 Iustinianei
385 2638 505 2695 corpus,
544 2619 582 2678 ad
620 2619 740 2679 modum
768 2620 827 2679 Iao.
855 2620 983 2696 Lebitti,
1012 2623 1084 2684 Ant.

67 2710 234 2786 Augustini
261 2712 293 2768 et
314 2708 427 2786 Wolfg.
450 2708 638 2786 Freymonii,
665 2728 744 2769 nova
770 2713 872 2768 tamen
895 2713 926 2768 et
949 2710 1084 2769 faciliore

67 2798 209 2858 methodo
233 2792 395 2858 collectus’.
439 2797 545 2856 deinde
569 2801 728 2874 postquam
750 2797 928 2857 Henrieus
952 2799 1084 2857 Breue-

67 2906 170 2946 mann
199 2887 462 2946 Roterodamensis
487 2877 758 2968 (1686--1736)3
785 2891 875 2962 atque
903 2887 1083 2946 Iohannes

68 2975 211 3035 Salomo
234 2975 436 3051 Brunquell
460 2966 723 3056 (1693-1735),
741 2995 869 3052 quorum
887 2976 938 3033 ille
958 2976 994 3034 de
1013 2974 1083 3034 erisi

68 3064 96 3121 in
114 3063 251 3141 Digestis
272 3064 442 3135 exercenda,
461 3064 510 3123 hio
529 3065 564 3123 ds
584 3065 712 3124 historia
730 3065 804 3123 iuris
823 3065 934 3140 optime
957 3065 1083 3123 meritus

69 3157 119 3227 est,
143 3153 195 3215 vel
218 3152 254 3211 de
278 3152 473 3212 restituendis
491 3157 627 3212 veterum
652 3154 846 3229 prudentium
864 3154 950 3212 libris
970 3154 1082 3230 eogita-

137 3383 163 3432 1.
183 3375 236 3431 Th.
254 3375 410 3431 Mommsen
428 3377 516 3445 praei.
536 3377 572 3430 ad
591 3376 709 3445 Digesta
726 3395 753 3445 p.
773 3377 844 3432 XVI.

137 3454 163 3502 2.
185 3447 340 3517 Stintzing,
360 3447 458 3503 Gesoh.
479 3447 491 3499 l
510 3466 538 3516 p.
558 3451 609 3500 512
619 3465 658 3515 sq.

136 3524 162 3575 8.
182 3520 338 3574 Mommsen
356 3518 444 3589 praet.
463 3537 491 3588 p.
509 3518 608 3573 XVIII.
