2430 3944
352 213 376 261 o.
400 203 609 261 nvomnous
628 205 777 262 PRISOUS
1005 202 1072 272 4'4'5

327 422 378 488 De
400 427 575 488 testamento
597 424 806 488 manumissis.

148 545 201 610 26.
219 545 258 611 D.
268 546 321 630 40,
332 546 361 629 7,
375 547 418 612 28
426 569 474 630 pr.
505 546 677 611 Iavolenus
691 546 775 612 libro
790 550 880 611 sexto
895 568 934 610 ex
949 544 1072 612 Cassio.
1107 539 1110 546 ’

58 672 99 682 -
130 633 169 701 Si
199 633 351 700 noredinus
381 637 460 719 eins,
491 637 547 718 qni
576 656 708 716 seronm,
741 636 827 700 intro
853 636 918 701 dies
944 636 1074 718 trininio

55 724 167 790 monn
189 743 263 790 snae
284 725 314 790 si
335 725 470 789 rationes
491 725 678 809 reddidisset,
702 724 830 790 innon
852 744 916 789 esse
933 726 1075 809 iusserat,

49 817 126 898 posi
142 814 208 878 dies
226 813 354 896 trininio
372 814 460 878 odito
479 818 531 893 est,
553 814 621 878 inre
637 814 758 895 qnidem
776 813 879 879 stricto
898 814 945 877 ito
962 832 1074 878 mann·

55 903 173 968 missns
191 902 267 967 iiber
284 921 348 967 esse
364 923 428 967 non
440 907 549 985 potest,
567 904 714 984 qnoniam
730 903 904 968 sordidioris
917 903 1073 985 definitum

55 992 112 1057 sed
131 990 223 1071 favor
238 991 394 1061 ‚inerrans
416 1012 449 1055 eo
470 1012 536 1055 rem
556 992 709 1073 perduxit,
731 997 766 1055 ni
787 992 1007 1072 respondeatur
1025 1011 1074 1056 en·

48 1081 173 1164 pleiom
191 1081 405 1158 condicionem,
424 1081 524 1162 siper
542 1101 620 1159 enm,
638 1081 690 1144 eni
707 1082 782 1145 doto
799 1085 882 1162 esset,
899 1099 962 1144 non
980 1084 1076 1145 sionei

55 1189 119 1253 qno
141 1169 246 1250 minus
268 1168 446 1252 enpieretnr.

424 1363 474 1429 De
495 1368 578 1429 sinin
601 1363 711 1429 inieris.

151 1489 203 1553 27.
230 1487 270 1553 Ι).
290 1488 367 1552 ibid.
386 1490 406 1569 ξ
423 1490 450 1554 1.
474 1524 515 1535 -
544 1486 720 1568 Sininiiber,
747 1493 914 1571 onieqnom
940 1489 1075 1573 condicio
1136 1571 1138 1575 .

57 1577 210 1644 enotatis
227 1578 375 1660 opineris,
392 1578 422 1641 si
439 1577 516 1658 qnid
531 1581 744 1659 comparasset,
758 1577 878 1659 peenlio
897 1577 995 1661 innato
1012 1597 1076 1643 non

55 1686 217 1733 oessnrnm
243 1668 278 1730 in
306 1666 394 1731 libris
418 1664 497 1731 Gaii
519 1664 622 1730 Cassii
642 1667 791 1748 seriptum
814 1671 870 1750 est,
896 1667 960 1731 nisi
981 1667 1017 1731 id
1038 1666 1077 1732 le·

53 1761 168 1841 qainm
190 1756 224 1819 in
248 1760 364 1838 tempus
387 1755 535 1820 libertatis
556 1754 700 1819 eododem
717 1760 800 1820 esset.
840 1756 1008 1840 rideamus,
1029 1775 1076 1833 ne,

58 1866 130 1910 enm
147 1844 304 1926 pemolinm
327 1849 355 1909 ei
376 1844 576 1909 aooessionem
598 1847 627 1907 ei
648 1844 845 1909 decessionem
864 1843 981 1927 nabent,
1004 1865 1076 1927 ony-

60 1938 199 1999 mentnm
226 1953 344 2015 qnoqne
370 1935 435 1998 eins
457 1932 586 2015 pernisi,
611 1932 641 1996 si
667 1933 756 1998 modo
782 1931 821 1998 ob
848 1931 954 1997 nerem
975 1933 1004 1996 ei
1025 1932 1078 1997 od

62 2023 160 2087 iotnm
188 2042 251 2087 non
278 2023 330 2101 sn,
360 2022 456 2104 denoto
482 2040 638 2086 oessnrnm
664 2021 721 2099 sin
749 2025 778 2085 ei
803 2022 904 2104 monis
929 2020 983 2086 hoo
1009 2022 1077 2085 inre

59 2112 190 2176 niimnr.

383 2233 432 2299 De
456 2235 554 2317 operis
578 2234 761 2299 isindorum.

154 2360 206 2423 23.
228 2357 268 2424 Ι).
284 2359 336 2441 38,
352 2358 381 2442 1,
395 2359 447 2423 21.
488 2357 658 2423 Iavolenus
681 2358 766 2423 libro
786 2361 876 2421 sexto
896 2354 1077 2423 excussio.

60 2487 102 2497 —
132 2447 248 2530 Operae
269 2449 351 2512 enim
374 2448 473 2527 [loeo]
495 2448 543 2512 edi
564 2447 670 2512 debent
691 2447 745 2512 nbi
758 2450 1078 2530 potronns'morotnn

55 2543 189 2620 snmpin
210 2537 322 2602 scilieet
343 2540 372 2600 ei
393 2542 516 2602 oeotnro
531 2537 670 2619 patroni.

153 2626 205 2689 29.
229 2624 268 2689 D.
282 2625 334 2704 38,
350 2627 379 2707 l,
393 2625 445 2690 33.
486 2625 657 2690 lavolenus
678 2624 761 2689 libro
781 2627 872 2688 sexto
891 2644 932 2687 ex
954 2621 1077 2689 Cassio.

60 2753 103 2764 —
120 2715 250 2796 Imponi
266 2735 373 2796 operae
390 2715 444 2796 ito,
462 2718 497 2778 ni
514 2715 579 2796 ipse
592 2714 717 2779 dibertns
729 2733 762 2778 se
774 2713 848 2792 odoi,
866 2732 929 2778 non
938 2716 1077 2795 possunt.

563 2909 580 2973 ‘i

156 3034 207 3099 30.
230 3033 271 3099 D.
285 3034 338 3115 50,
351 3035 383 3119 4,
400 3036 449 3099 12.
490 3033 661 3099 Iavolenus
681 3033 765 3097 libro
785 3034 877 3097 sexto
897 3053 935 3098 ex
955 3029 1079 3097 Cassio.

63 3161 104 3172 -
132 3121 193 3188 Oni
214 3125 352 3189 mnneris
372 3124 488 3205 nolin·
509 3123 629 3187 roratio
650 3123 753 3204 dninr,
775 3141 839 3186 non
858 3121 1025 3186 remittitor
1042 3121 1079 3197 ei,

60 3235 102 3278 ne
124 3213 328 3295 monisirotns
350 3213 416 3295 fiat,
439 3212 514 3294 qnia
536 3212 571 3276 id
586 3212 631 3275 ad
645 3210 789 3276 honorem
806 3211 908 3294 monis
925 3229 1019 3290 qnam
1038 3209 1081 3273 od

61 3321 196 3367 munero
220 3303 359 3382 pertinet.
405 3307 503 3366 cetera
529 3301 649 3378 omnio,
676 3321 754 3381 qnae
780 3300 824 3364 nd
849 3305 966 3379 tempus
991 3301 1081 3360 entra

63 3391 205 3456 ordinem
227 3391 400 3474 eniqnninr,
422 3390 514 3455 oelnti
535 3389 668 3453 mnniiio
689 3390 824 3465 niornm,
847 3386 886 3451 ob
904 3385 1081 3450 ioninsmodi

58 3500 198 3563 persono
220 3480 368 3563 enioendo
389 3500 452 3544 non
472 3483 555 3543 sioni.
