2430 3944
420 183 653 243 irruemus
980 192 1045 258 143

64 347 256 431 saulceuse
279 351 378 434 atque
402 348 431 414 si
452 350 598 434 legatum
620 372 688 417 non
706 356 800 418 esset.
838 351 949 420 Nerva
967 377 1045 420 vcro

64 435 239 504 tProculus
349 459 417 503 non
440 438 537 503 aliter
558 443 678 525 putant
700 462 769 506 rem
791 443 941 528 legatarii
963 442 1044 527 fieri,

65 548 129 610 luam
150 526 178 592 si
200 526 343 593 voluerit
366 549 438 592 eam
462 527 503 592 ad
526 549 560 592 se
583 530 755 612 pertinere.

120 637 182 699 (lai.
209 637 307 699 addit:
339 632 405 698 ‘sed
436 639 525 699 hodie
557 659 593 700 ex
625 640 688 702 divi
718 640 766 701 Pii
797 641 943 702 Antonini
974 662 1043 704 con·

65 727 183 788 latione
200 727 259 787 hoc
274 727 373 806 magis
386 727 452 788 inre
465 727 514 788 uti
526 727 664 790 videmur
679 731 760 808 quod
773 730 901 791 Proculo
915 732 1043 810 placuit3

65 810 247 893 &aas

310 933 356 989 Dc
373 933 461 1006 opaco
474 949 528 1005 per
544 935 755 991 damnationem.

119 1041 169 1107 15.
195 1039 370 1125 D.30,12,
386 1043 415 1107 1.
460 1041 661 1129 Pomponius
689 1043 773 1110 libro
799 1045 896 1110 tertio
920 1046 960 1110 ad
984 1043 1043 1111 Sa·

65 1129 137 1195 unm
161 1127 211 1218 (P.
224 1126 317 1219 420).
342 1167 380 1178 -
406 1130 564 1198 Proculus
591 1134 651 1217 ait,
679 1133 803 1217 siquis
827 1155 937 1199 servos
961 1156 1042 1218 quos

65 1214 173 1284 'adibus
195 1219 334 1285 haberet
356 1242 394 1285 eo
417 1225 623 1306 testamento,
646 1220 733 1306 quod
753 1222 877 1288 Romae
900 1223 1042 1288 moriens

65 1306 153 1393 serit,
174 1307 284 1374 triduo
307 1331 372 1394 quo
395 1313 544 1376 mortuus
566 1310 666 1376 fuerit
687 1310 840 1377 heredem
863 1310 939 1376 dare
961 1310 1043 1376 mihi

64 1397 239 1480 innovarit,
261 1403 371 1463 ratum
390 1419 460 1464 esse
478 1398 626 1486 legatum
645 1404 679 1465 et
697 1400 865 1487 angustias
885 1399 1042 1484 temporis

65 1482 108 1549 lril
127 1485 236 1571 legato
259 1508 383 1552 nocere.

113 1596 199 1658 ero.
214 1599 267 1677 aa,
282 1601 346 1678 ‘ue
370 1597 440 1675 mp.
462 1598 502 1659 aa
525 1598 594 1661 sab.

304 1766 349 1824 Dc
366 1769 454 1839 aare
468 1785 521 1839 per
533 1769 759 1839 perceptionem.

117 1877 165 1944 16.
199 1876 271 1942 Gai.
285 1879 317 1962 2,
329 1879 405 1944 221.
435 1915 473 1925 -
504 1926 535 1943 ..
562 1877 708 1944 diversae
736 1879 866 1945 scholae
895 1884 1040 1946 auctores

66 1968 143 2030 utsnt
165 1967 266 2032 etiam
291 1971 444 2033 extraneo
467 1989 526 2051 per
545 1968 806 2054 praeceptionem
824 1969 927 2053 legari
944 1990 1040 2054 posse

66 2053 160 2120 minda
183 2078 222 2121 ac
246 2055 275 2121 si
297 2057 346 2121 ita
368 2056 541 2122 scribatur:
565 2054 682 2121 ‘Titius
705 2057 870 2122 hominem
894 2056 1041 2123 Stichum

66 2143 154 2227 spito',
178 2166 381 2230 supervacua
399 2144 526 2210 adiecta
544 2143 643 2228 ‘prae’
665 2146 805 2230 syllaba,
828 2146 964 2229 ideoque
982 2169 1040 2232 per

66 2230 277 2299 indicationem
300 2254 372 2297 cam
394 2255 462 2298 rem
485 2235 630 2318 legatam
654 2236 764 2300 videri.

311 2451 359 2511 Dc
380 2454 519 2512 bonoram
536 2456 626 2526 parte
648 2453 752 2527 kasta

115 2571 177 2636 17⁸.
215 2569 255 2636 D.
273 2570 328 2655 28,
345 2568 377 2654 5,
395 2571 426 2655 9,
444 2572 475 2638 3.
528 2569 690 2656 Ulpianus
726 2572 810 2638 libro
848 2572 962 2657 quinto
999 2572 1040 2636 ad

67 2656 178 2724 cliuum
208 2657 257 2744 (P.
280 2657 407 2745 24600).
437 2696 482 2706 -
508 2709 543 2724 ..
573 2661 601 2724 si
628 2661 786 2725 maiorem
814 2656 872 2747 (so.
896 2658 1039 2747 partem)

67 2743 232 2832 lsoripserit
250 2749 512 2813 testamentarius
526 2749 588 2832 vel,
607 2748 692 2833 quod
712 2748 875 2814 difficilius
895 2754 946 2815 est
963 2771 1040 2835 pro-

67 2836 169 2921 stione,
200 2838 271 2922 ipsa
303 2840 454 2923 testator,
488 2840 527 2901 ut
558 2859 617 2922 pro
651 2837 829 2922 quadrante
861 2839 1040 2918 semissem,

67 2929 176 2992 roculus
200 2929 295 3010 putat
322 2947 362 2992 ex
389 2927 567 3010 quadrante
595 2926 665 2991 fore
692 2926 856 3009 heredem,
885 2929 1038 3010 quoniam

67 3020 109 3079 est
130 3016 292 3101 quadrans
315 3016 350 3079 in
374 3016 515 3080 semisse.

114 3103 178 3169 lib.
204 3103 244 3171 D.
254 3104 305 3187 30,
318 3103 414 3188 15pr.
453 3102 574 3168 Paulus
597 3105 682 3169 libro
702 3104 800 3169 tertio
820 3104 861 3169 ad
880 3103 1038 3170 Sabinum

67 3188 202 3280 ’.1638).
232 3228 269 3240 -
302 3190 364 3268 Qui
397 3195 546 3276 quartam
578 3196 705 3276 partem
736 3194 896 3259 bonorum
927 3195 1038 3280 legare

67 3279 139 3366 luit,
167 3281 336 3347 dimidiam
364 3281 503 3365 scripsit.
549 3279 704 3346 Proculus
732 3329 763 3348 ..
792 3283 839 3347 ait
863 3305 960 3367 posse
984 3283 1038 3347 de·

67 3369 110 3434 odi
133 3374 283 3456 quartam
306 3372 463 3455 legatam,
486 3369 563 3454 quia
585 3371 707 3434 inesset
729 3371 890 3435 dimidiae.

114 3461 162 3526 18.
185 3459 224 3525 D.
240 3459 293 3541 30,
307 3459 360 3543 26,
374 3459 404 3524 2.
449 3458 649 3541 Pomponius
672 3459 755 3525 libro
780 3461 892 3543 quinto
917 3459 956 3522 ad
981 3458 1035 3524 Sa·

68 3567 133 3612 num
151 3547 200 3633 (P.
210 3545 303 3632 448).
320 3585 364 3595 -
384 3545 466 3613 (lum
484 3548 644 3613 bonorum
664 3553 756 3631 parte
774 3549 883 3633 legata
903 3547 1037 3612 dubium
