2430 3944
155 178 219 243 352
256 177 289 234 V.
308 175 459 233 NERVAE
478 177 526 232 ET
545 177 698 233 TRAIANI
716 175 824 234 ΤΕΜΡ.
841 177 938 232 IURIS
957 177 1141 235 CONSULTI

153 363 305 408 nummos
329 341 509 407 debitorem
531 341 682 407 iusserim
701 342 759 407 alii
777 340 862 407 dare.
898 363 964 407 non
983 341 1068 407 esse¹
1086 343 1173 407 enim

155 452 290 516 corpore
323 434 355 495 et
383 432 475 495 taetu
501 451 631 495 neeesse
659 430 897 515 adprehendere
924 431 1175 514 possessionem,

155 520 333 586 sedetiam
360 520 462 585 oeulis
486 523 518 584 et
542 518 669 584 affeetu.
719 522 910 604 argumento
934 541 1004 584 esse
1029 542 1084 585 eas
1112 542 1174 603 res,

157 630 238 694 quae
250 610 384 692 propter
393 608 649 693 magnitudinem
658 607 807 692 ponderis
817 609 941 673 moveri
950 630 1015 672 non
1025 615 1174 694 possunt,

153 701 190 762 ut
208 698 389 780 columnas3
408 718 485 761 nam
503 718 563 782 pro
582 696 713 763 traditis
729 718 782 761 eas
796 697 916 779 haberi,
935 696 963 761 si
982 697 1016 761 in
1030 719 1066 762 re
1081 720 1172 782 prae·

156 787 243 851 senti
266 785 503 869 consenserint,
530 789 563 850 et
585 785 661 850 vine
682 785 805 851 tradita
827 785 943 871 videri,
966 807 1040 851 oum
1064 787 1172 852 claves

154 875 254 941 cellae
277 875 422 940 vinariae
445 874 585 959 emptori
608 874 747 939 traditae
769 874 899 939 fuerint.

241 981 295 1048 59.
327 981 367 1046 D.
390 981 444 1063 41,
467 981 498 1063 2,
523 982 551 1046 7.
603 979 724 1045 Paulus
756 980 841 1046 libro
875 981 1170 1067 quinquagensimo

153 1074 269 1156 quarto
300 1070 341 1135 ad
372 1069 513 1134 edietum
543 1068 591 1152 (P.
615 1065 704 1158 660).
733 1105 776 1116 -
800 1068 854 1154 (D.
873 1071 927 1155 41,
945 1071 975 1154 2,
997 1070 1067 1152 6,1
1097 1070 1171 1155 Ulp.

152 1160 174 1225 l.
193 1157 281 1224 LXX
309 1158 349 1223 ad
378 1156 425 1222 ed.
471 1155 547 1234 ‘Qui
570 1158 610 1222 ad
632 1156 795 1223 nundinas
817 1159 985 1242 profectus
1008 1159 1171 1224 neminem

152 1247 322 1332 reliquerit
346 1250 391 1330 et,
418 1245 494 1311 dum
518 1247 573 1311 ille
597 1269 616 1310 a
637 1246 789 1312 nundinis
813 1246 911 1332 redit,
937 1246 1055 1334 aliquis
1080 1270 1172 1314 oeeu·

152 1336 279 1420 paverit
297 1333 545 1421 possessionem,
563 1335 665 1401 videri
684 1357 756 1400 eum
776 1335 861 1400 elam
878 1334 1043 1419 possidere
1062 1335 1171 1402 Labeo

154 1424 280 1509 seribit3
307 1424 426 1489 retinet
450 1444 528 1509 ergo
550 1425 789 1508 possessionem
812 1424 840 1489 is
864 1425 920 1511 qui
943 1423 984 1489 ad
1006 1425 1169 1490 nundinas

153 1513 244 1578 abiit.
280 1534 393 1577 verum
417 1513 445 1577 si
467 1515 682 1578 revertentem
704 1512 869 1577 domiuum
888 1534 954 1578 non
974 1511 1171 1596 admiserit²,

152 1602 186 1666 vi
213 1602 318 1685 magis
346 1601 494 1685 intellegi
521 1601 700 1686 possidere,
731 1622 798 1666 non
826 1598 946 1687 olam')
999 1601 1055 1666 sed
1084 1608 1118 1669 et
1145 1603 1172 1667 si

153 1689 238 1754 nolit
264 1691 300 1754 in
322 1690 458 1755 fundum
480 1689 612 1774 reverti,
635 1690 721 1775 quod
745 1690 810 1755 vim
835 1691 989 1755 maiorem
1013 1696 1174 1776 vereatur,

155 1778 304 1844 amisisse
313 1779 554 1864 possessionem
564 1778 842 1860 videbitur30tita
851 1777 1171 1846 Neratius..seribit.

536 1979 583 2038 De
604 1981 789 2054 usucapione.

243 2097 308 2164 6οῬ
336 2097 375 2162 D.
389 2098 443 2182 41,
455 2099 487 2173 4,
503 2100 533 2180 2,
548 2098 578 2162 6.
623 2096 743 2163 Paulus
766 2099 850 2163 libro
879 2099 1170 2185 quinquagensimo

154 2191 267 2269 quarto
292 2187 331 2252 ed
354 2187 494 2252 edietum
513 2184 563 2273 (P.
574 2185 664 2272 664).
682 2223 724 2232 -
745 2185 825 2251 Cum
845 2185 993 2253 Stichum
1012 2188 1171 2267 emissem,

152 2274 259 2341 Dama
272 2297 332 2359 per
346 2276 564 2361 ignorantiam
579 2275 658 2340 mihi
671 2297 731 2359 pro
747 2297 784 2340 eo
798 2274 938 2341 traditus
949 2279 1007 2340 est.
1041 2276 1171 2342 Priscus

154 2365 200 2429 ait
223 2387 283 2428 usu
306 2386 358 2428 me
382 2386 454 2429 eum
476 2385 542 2428 non
560 2370 739 2449 capturum,
762 2363 839 2450 quia
856 2364 898 2443 id,
922 2366 1007 2449 quod
1025 2369 1170 2448 emptum

153 2474 218 2517 non
238 2455 290 2535 sit,
310 2473 368 2535 pro
388 2456 534 2536 emptore
552 2453 686 2537 usueapi
704 2475 771 2518 non
789 2455 914 2538 potest3
934 2452 989 2517 sed
1009 2453 1037 2517 si
1051 2454 1170 2519 fundus

153 2546 280 2625 emptus
302 2544 346 2606 sit
364 2543 397 2604 et
415 2541 589 2625 ampliores
608 2542 689 2605 fines
708 2542 850 2625 possessi
870 2543 945 2625 sint,
967 2545 1075 2607 totum
1094 2541 1171 2608 usu³

154 2629 238 2713 capi,
266 2629 420 2714 quoniam
448 2631 643 2694 universitas
671 2630 738 2694 eius
766 2630 983 2715 possideatur,
1010 2652 1091 2696 non·
1106 2633 1169 2696 sin·

154 2718 249 2804 gulae
272 2722 390 2802 partes.

243 2826 295 2890 61.
322 2824 430 2907 D.41,
446 2825 496 2907 10,
511 2826 540 2891 3.
585 2824 782 2908 Pomponius
810 2825 896 2890 libro
925 2826 1101 2892 vicensimo
1125 2850 1170 2892 se-

154 2913 259 2978 eundo
286 2913 326 2978 ad
350 2911 505 2977 Sabinum
529 2911 579 3001 (P.
593 2910 698 2997 6961’).
724 2950 762 2960 -
793 2913 981 2998 Hominem,
1009 2938 1104 3000 quem
1133 2939 1169 2980 ex

154 3001 366 3085 stipulatione
385 3005 418 3066 te
437 3002 518 3067 mihi
537 3003 652 3067 debere
671 3002 753 3067 falso
769 3002 988 3087 existimabas,
1006 3004 1169 3070 tradidisti

153 3090 242 3155 mihi.
271 3092 299 3155 si
316 3091 448 3156 scissem
462 3091 543 3156 mihi
556 3089 638 3156 nihil
652 3091 772 3173 deberi,
789 3113 848 3156 usu
863 3113 935 3156 eum
950 3114 1015 3156 non
1031 3095 1169 3178 capiam;

154 3178 252 3263 quod
268 3179 297 3244 si
324 3180 446 3262 neseio,
473 3180 581 3246 verius
605 3184 667 3262 est,
696 3184 732 3245 ut
755 3181 973 3265 usucapiam[,
1002 3183 1078 3266 quia
1100 3183 1169 3267 ipsa

225 3335 403 3476 dlldlielsdbi
417 3407 494 3476 apud
508 3408 604 3462 Nerat.
618 3406 704 3478 legit:
719 3407 828 3462 ‘verum
843 3406 867 3462 si
883 3410 1025 3464 revertens
1040 3410 1167 3465 dominus

153 3493 211 3532 non
229 3477 367 3532 admissus
386 3477 444 3546 sit',
463 3478 539 3547 apud
557 3479 635 3534 Paul.
655 3478 760 3534 tradita
779 3479 865 3533 verba
883 3479 1005 3534 exhibet.

226 3555 242 3603 3
264 3549 338 3604 Tris.
357 3548 442 3619 longo
461 3553 596 3621 tempore.
