2430 3944
156 204 225 269 448
262 205 295 260 V.
314 201 466 258 NERVAE
483 202 532 258 ΕΤ
551 202 704 258 TRAIANI
722 199 830 258 ΤΕΜΡ.
847 201 944 257 IURIS
963 201 1142 260 consum

155 388 211 435 suo
239 368 363 432 interim
383 372 491 451 partes
517 371 598 432 emat
624 371 664 449 et,
695 367 760 432 nisi
781 371 877 431 totum
899 367 1014 449 emerit,
1037 367 1164 450 inpratis

155 478 210 523 cas
236 458 373 522 retineat.
422 477 498 520 nam
519 455 651 539 propius
678 460 733 534 est,
761 460 797 519 ut
822 475 892 519 eum
918 454 1100 521 huiusmodi
1124 457 1166 521 in·

154 547 322 612 commodis
343 546 528 610 mandatnm
549 544 666 625 suscipi
683 544 785 625 possit
799 545 1015 626 praestarique
1035 545 1168 629 officium

153 639 186 700 et
212 635 246 699 in
268 634 413 716 partibus
439 634 572 698 emendis
592 633 722 715 perinde
748 637 837 715 atque
863 633 899 697 in
925 636 984 699 toto
1006 633 1114 698 debeat
1134 632 1168 699 ab

154 744 204 803 eo,
226 724 280 806 qni
303 723 363 788 tote
384 723 566 787 mandatum
588 741 648 786 sna
669 727 775 804 sponte
795 721 934 803 suscepit.

246 811 300 876 40.
328 810 365 877 D.
384 811 462 875 ibid.
479 812 500 891 ᾗ
519 811 549 876 3.
575 846 619 857 -
649 809 738 890 Quod
762 811 792 875 si
819 811 1016 876 mandassem
1043 811 1113 895 tobi,
1138 815 1170 877 ut

154 900 291 984 fundam
313 899 533 982 mittendos,
555 919 619 964 non
640 899 745 964 addito
767 919 809 983 eo,
831 904 952 965 utnon
977 900 1072 965 aliter
1088 921 1169 966 utcu

157 991 229 1055 dato
261 994 376 1072 tenear,
407 1009 501 1090 quam
530 989 560 1052 si
586 992 682 1052 totum
709 1008 832 1071 emeres,
864 992 893 1053 et
920 993 955 1053 tu
976 993 1105 1072 partem
1129 989 1169 1054 od

155 1079 309 1162 quasdam
332 1082 439 1163 portes
465 1078 531 1142 eius
556 1077 677 1160 emais,
705 1081 771 1141 tum
792 1076 969 1143 babebimus
990 1077 1061 1143 sine
1083 1078 1168 1143 durbia

157 1168 287 1232 invicem
304 1167 447 1231 mandati
464 1166 623 1248 actionem,
645 1166 786 1247 quamvis
804 1166 940 1295 retmuos
953 1171 1062 1249 partes
1080 1187 1169 1232 ιιιιιι

159 1276 223 1321 non
243 1256 400 1338 potuisses.

504 1357 551 1416 Dc
574 1358 694 1417 aedibus
717 1359 826 1431 emptis.

248 1468 301 1532 41.
333 1465 372 1531 D.
389 1466 443 1549 19,
460 1469 492 1546 1,
508 1467 548 1531 18
564 1489 611 1549 pr.
656 1464 828 1532 Iavolenus
855 1465 939 1532 libro
963 1467 1106 1551 septimo
1133 1488 1166 1532 ex

157 1554 281 1621 Cassio.
307 1592 345 1602 —
372 1555 550 1634 Granaria,
582 1577 660 1639 quae
686 1575 724 1620 ea
750 1556 862 1622 tabidis
887 1556 958 1638 fieri
986 1557 1099 1636 solent,
1128 1557 1169 1621 tn

157 1645 281 1710 aedium
308 1649 393 1724 sunt,
424 1644 454 1708 si
480 1645 597 1726 stipites
624 1665 729 1709 eornm
758 1647 793 1710 in
823 1649 907 1710 arra
937 1644 1052 1726 defossi
1084 1649 1166 1722 suut·

155 1734 239 1817 quod
259 1734 289 1799 si
309 1752 407 1815 snpra
429 1737 544 1799 terram
565 1738 651 1811 sunt,
673 1735 754 1798 rutis
775 1737 805 1799 et
825 1734 920 1800 caesis
942 1735 1063 1799 cedunt.

248 1823 301 1887 42.
330 1821 367 1887 D.
381 1822 459 1886 ibid.
474 1824 494 1902 ἕ
510 1822 540 1888 1.
555 1858 594 1868 -
613 1822 753 1907 Tepulae,
771 1843 849 1906 ortae
866 1823 1005 1888 nondum
1022 1822 1166 1907 aedificiis

146 1911 320 1994 ‘impositae
346 1915 433 1994 ιιιι,
459 1912 602 1992 quamuis
624 1912 742 1994 tependi
760 1913 866 1994 pratia
888 1911 1005 1978 altatae
1026 1917 1114 1995 ιιιιι,
1139 1912 1168 1977 ιι

155 2001 239 2065 vrutis
269 2005 298 2064 ιι
328 2000 425 2065 caesis
451 1999 606 2065 habentur.
644 2000 733 2065 atiud
758 2001 839 2066 iuris
870 2001 974 2066 estin
1002 1999 1066 2082 ιιι,
1099 2019 1168 2083 arrae

155 2090 308 2154 detractae
333 2093 407 2154 sunt
432 2093 469 2153 ut
494 2093 726 2170 reponerentur‚·
754 2089 880 2155 aedibus
906 2090 990 2154 euim
1018 2092 1164 2156 ameduut.

526 2271 574 2330 De
596 2288 677 2330 seruo
701 2275 799 2346 empto.

248 2382 301 2446 43.
338 2380 377 2446 D
401 2381 458 2461 18,
482 2381 516 2463 6,
542 2382 591 2445 17.
642 2381 813 2446 Iavolenus
845 2382 928 2447 libro
961 2383 1114 2467 septimo
1133 2403 1166 2446 ex

158 2466 343 2534 Cassia-
364 2469 453 2534 Serri
470 2431 586 2551 emptor
605 2470 634 2535 si
651 2491 720 2534 eum
738 2471 919 2536 conductum
935 2473 1066 2554 ropaoit,
1084 2473 1166 2538 donet

154 2559 292 2659 pretinm
314 2559 447 2642 solveret,
469 2558 550 2623 nihii
566 2580 625 2641 per
646 2580 717 2623 eum
737 2579 859 2624 sanum
876 2560 1040 2642 adqmmm
1055 2560 1167 2663 poterit,

160 2647 309 2728 qnoniam
341 2668 402 2711 non
435 2648 554 2712 uidetur
585 2648 682 2713 tradit
670 2654 718 2713 tus
749 2649 792 2731 ιι,
822 2649 911 2713 cuius
937 2652 1093 2731 possessio
1118 2667 1167 2735 per

101 2761 103 2763 ’
159 2735 340 2800 locationem
371 2736 518 2800 retinetur
551 2757 572 2800 a
598 2738 758 2801 conditore.
807 2737 977 2819 portarium
1004 2739 1071 2804 eius
1097 2736 1168 2804 scri

158 2826 391 2977 adteremptorgm
413 2826 559 2909 pertinet,
587 2827 669 2907 quod
696 2831 797 2891 tamen
823 2827 891 2891 sine
917 2826 985 2891 doto
1009 2825 1165 2893 venatoris

163 2933 198 2976 m
243 2933 365 2978 ιιιινι.

559 3060 666 3121 Liber
689 3060 774 3121 VIII.

443 3179 493 3244 De
515 3180 662 3245 locatione
683 3182 887 3246 conductione.

248 3294 301 3358 44.
328 3293 367 3358 D.
384 3295 434 3376 19,
449 3296 479 3371 2,
494 3296 545 3359 37.
581 3294 751 3360 Iavolenus
767 3296 851 3360 libro
866 3299 982 3362 octavo
998 3318 1038 3361 ex
1052 3295 1162 3363 Cassia

161 3419 199 3428 -
231 3381 281 3466 st,
306 3384 493 3465 priusquam
522 3384 647 3448 tocatori
674 3405 750 3467 opus
772 3385 969 3470 probaretur,
1003 3387 1034 3451 oi
1067 3387 1161 3467 atum

156 3477 372 3553 consumptum
399 3476 454 3549 est,
482 3473 695 3537 detrimentum
718 3475 761 3538 ad
783 3475 944 3539 locatorem
965 3476 1014 3540 ita
1030 3475 1159 3559 pertinet,

152 3561 188 3624 st
209 3560 270 3626 tate
292 3581 368 3646 opus
388 3561 465 3645 fad,
487 3566 521 3627 ut
540 3562 668 3643 probari
691 3563 811 3627 deberet.
