2430 3944
427 200 452 247 3.
472 191 687 248 OCTAVENUS
999 194 1064 258 217

419 373 470 439 Dc
491 374 696 440 servitutibus.

132 481 188 547 22.
215 480 258 546 D.
275 481 304 558 8,
319 481 350 560 6,
365 480 394 543 2.
435 479 555 545 Paulus
579 479 663 544 libro
691 481 867 546 vicensimo
896 481 1001 564 primo
1025 482 1066 547 ad

49 569 188 634 edictum
220 567 272 656 (P.
295 566 386 655 355).
422 605 459 614 —
495 569 557 645 Qui
592 569 655 632 iter
687 572 720 632 et
752 573 860 634 ectum
892 569 1005 655 hebet,
1038 571 1066 635 si
1158 648 1162 658 Ι

50 655 187 724 bimrrio¹
209 661 340 723 tentum
362 658 451 735 ierit,
474 679 541 722 non
564 657 687 740 perisse
710 661 832 739 actum,
855 658 911 723 sed
934 681 1066 725 manere

51 745 185 812 Sabinus
206 744 340 812 Cassius
360 745 543 811 Octauenus
567 746 673 830 ciunt3
696 767 772 810 nam
794 747 842 811 irc
863 768 991 831 quoque
1008 770 1066 832 per

52 857 81 900 se
103 858 179 900 eum
202 856 300 920 posse
324 835 379 918 qui
403 838 510 899 actum
532 834 678 900 heberet.

329 1038 359 1095 2.
391 1036 443 1095 Ad
466 1036 523 1095 ius
546 1036 787 1096 honorarium.

398 1153 450 1220 Dc
471 1155 541 1220 albo
563 1159 713 1237 corrupto.

135 1262 189 1328 23.
222 1260 263 1326 D.
281 1263 313 1346 2,
332 1264 361 1338 1,
380 1261 410 1326 9.
460 1261 580 1326 Paulus
612 1262 697 1326 libro
728 1261 826 1326 tertio
855 1260 896 1325 cd
924 1260 1066 1326 edictum

57 1344 99 1435 (P.
114 1347 204 1436 108).
223 1387 265 1398 -
285 1349 321 1415 si
342 1349 470 1414 familia
493 1350 630 1415 alicuius
653 1350 765 1414 album
788 1349 979 1435 corruperit,
1000 1371 1067 1414 non

57 1438 200 1504 similiter
222 1439 276 1503 hic
300 1438 436 1503 edicitur
459 1442 496 1502 ut
519 1439 553 1503 in
575 1439 673 1523 furt0,
696 1461 737 1503 ne
760 1439 796 1503 in
816 1439 961 1524 reliquos
981 1439 1066 1503 actio

57 1525 149 1609 detur,
172 1527 202 1592 si
224 1531 354 1592 tantum
375 1527 533 1610 dominus,
556 1549 630 1592 cum
648 1527 817 1592 defendere
836 1527 949 1610 voluit,
971 1528 1067 1592 unius

57 1617 176 1680 nomine
200 1616 411 1700 praestiterit,
434 1622 590 1700 quantum
608 1616 692 1680 liber
709 1619 892 1701 praestaret
972 1615 1066 1682 Octa·

57 1726 147 1769 venus
170 1705 226 1769 hic
248 1726 376 1788 quoque
400 1704 530 1769 domino
554 1705 804 1769 succurrendum
829 1707 886 1770 uit.

129 1815 250 1876 ‚Paulus
282 1814 379 1874 addit:
413 1810 477 1874 ‘scd
510 1816 566 1874 hoc
597 1818 699 1891 potest
732 1815 803 1893 dici,
836 1817 862 1875 si
890 1816 959 1876 dolo
986 1817 1066 1877 melo

57 1904 232 1980 curaverint,
262 1906 298 1962 ut
325 1903 363 1962 ab
391 1904 450 1963 elio
479 1902 582 1963 elbum
610 1907 868 1982 corrumperetur,
896 1906 968 1981 quie
995 1909 1067 1964 tunc

57 2011 138 2050 uuum
166 1992 326 2052 consilium
354 1993 407 2070 sit,
434 2010 495 2052 non
521 1993 612 2069 pluro
639 1993 728 2053 fecte.
773 1993 852 2052 idem
881 1992 1066 2069 Pomponius

57 2079 123 2140 libro
147 2082 263 2140 decimo
286 2075 394 2140 notat?

136 2171 173 2230 cf.
188 2169 284 2229 Lenel
296 2169 397 2229 Edict.
411 2190 438 2245 p.
455 2171 497 2229 46
522 2173 554 2228 et
578 2172 641 2229 267
645 2217 651 2230 .

322 2322 372 2387 De
394 2325 570 2389 vadimonio
589 2326 796 2408 ·coucipicndo.

134 2384 191 2494 24.
224 2429 263 2493 D.
282 2430 311 2508 6,
332 2430 361 2505 1,
381 2430 410 2493 6.
464 2431 584 2495 Paulus
616 2430 699 2495 libro
731 2434 823 2495 sexto
856 2431 896 2495 ud
929 2429 1068 2495 edictum

62 2512 101 2601 (P.
116 2516 203 2605 152).
229 2555 268 2564 -
295 2517 330 2582 si
356 2519 389 2581 in
417 2540 486 2582 rem
515 2519 632 2604 aliquis
661 2523 751 2603 agat,
778 2519 875 2583 debet
897 2519 1068 2604 designare

61 2625 133 2692 rem,
163 2611 197 2671 et
228 2611 338 2670 utrum
369 2611 475 2671 totum
508 2630 550 2672 un
581 2612 708 2691 partem
742 2612 775 2672 et
802 2611 936 2693 quotam
962 2612 1068 2692 petut;

64 2697 235 2848 butte
251 2695 1068 2851 ubetem.t⁹ttrf5.tt.⁸p⁹ttt⁸tbttt

64 2804 184 2953 pindus,
208 2874 357 2957 signatae
377 2808 652 2957 verduirmerum,
674 2808 782 2939 fectaii
799 2879 908 2939 eutem
928 2876 1068 2959 speciem

65 2957 117 3024 dici
138 2966 277 3046 oportet.

138 3073 251 3132 Paulus
275 3073 373 3132 addit:
398 3067 462 3132 ‘sed
486 3078 517 3133 et
537 3092 679 3133 mensure
698 3073 824 3134 dicende
843 3074 909 3148 crit,
934 3093 1002 3134 cum
1020 3093 1068 3134 res

10 3178 12 3209 ε
65 3175 190 3220 mensure
213 3155 436 3221 continebitur.'

141 3251 176 3309 cf.
190 3252 242 3324 47,
259 3253 288 3327 2,
305 3253 355 3326 19,
371 3252 390 3308 2
412 3251 480 3325 Ulp.
499 3250 538 3307 ad
558 3248 624 3309 Sub.
663 3244 760 3320 ‘Quod
779 3250 806 3310 si
825 3252 890 3326 quis
910 3253 1069 3326 argentum

10 3362 12 3369 v
66 3330 192 3396 infectum
219 3343 317 3416 petet,
346 3342 377 3398 et
403 3356 535 3397 messem
564 3342 739 3416 argenteam
766 3334 866 3398 dicere
894 3342 926 3398 et
951 3338 1068 3415 pondus

68 3419 172 3485 debebit
184 3445 303 3503 ponere.
336 3427 449 3504 signati
463 3427 581 3504 argenti
591 3447 750 3487 numerum
760 3427 881 3486 debebit
891 3418 1067 3529 complecti?

10 3564 12 3610 i
126 3563 139 3610 1
160 3559 234 3616 Tnb.
253 3561 361 3615 statuto
380 3563 516 3629 tempore.
