2430 3944
146 190 214 256 258,
233 189 280 245 ΙΙΙ.
294 188 509 246 VESPASIANI
523 188 597 242 ΤΙΤΙ
610 187 805 244 DOMITIANI
817 186 925 243 ΙΙΕΙΙΡ.
938 185 1036 244 IURIS
1050 186 1153 244 CONS.

147 359 233 420 esaei
261 354 294 418 in
322 353 456 418 oonsilio
484 352 609 416 Duceni
630 351 710 416 Veri
738 351 893 434 consulis,
924 353 1008 416 itum
1034 351 1069 415 in
1097 372 1157 415 sen

145 445 283 507 tentiam
305 463 409 525 suam,
430 446 481 525 ut,
504 463 577 505 curn
595 439 751 507 Otacilius
770 437 911 506 Catulus
928 440 996 504 filia
1019 461 1058 504 ex
1082 461 1156 504 asse

146 532 263 596 herede
292 530 446 594 instituta
471 530 588 595 liberto
621 529 759 594 ducenta
785 529 929 614 legasset
954 529 1158 612 petissetque

147 621 188 685 ab
212 641 265 704 eo,
286 623 324 684 ut
345 641 383 683 ea
406 618 604 684 concubinae
625 618 727 702 ipsius
746 617 849 700 daret,
872 621 906 682 et
923 616 1061 682 libertus
1080 618 1159 682 vivo

146 712 302 773 testatore
334 707 524 772 decessisset
553 710 586 770 et
617 706 701 791 quod
734 706 764 770 ci
793 706 942 771 relictum
970 709 1040 770 erat
1069 704 1158 790 apud

146 798 246 861 filiam
274 796 498 878 remansisset,
526 798 695 880 cogeretur
721 795 789 858 filia
817 793 850 858 id
873 793 1157 859 fideicommissum

147 885 344 951 concubinae
367 883 509 948 reddere.

236 994 322 1066 Quod
336 993 440 1054 Celsus
457 988 638 1073 ‘referebatss
657 1013 724 1053 eum
743 1013 801 1053 non
820 993 906 1072 libro,
925 994 979 1052 sed
996 993 1066 1054 viva
1084 1012 1158 1054 voce

147 1084 253 1144 fecIsse
267 1085 401 1159 apparet.
432 1102 492 1143 non
505 1085 592 1143 caute
603 1082 740 1160 Krueger
752 1103 781 1159 p.
793 1084 855 1143 1-56
871 1082 907 1141 de
922 1081 1003 1141 Celsi
1016 1082 1158 1158 operibus

147 1173 232 1234 nobis
254 1191 314 1232 non
335 1171 457 1230 traditis
480 1171 532 1233 ait.
1162 1188 1172 1197 ·'

479 1342 529 1408 De
552 1343 687 1408 libertate
708 1343 821 1408 relicto.

237 1467 266 1531 3.
290 1466 329 1534 Ι).
348 1467 398 1548 12,
412 1467 442 1551 4,
457 1467 487 1546 3,
502 1468 532 1531 Ι.
571 1465 733 1551 Ulpianus
755 1466 839 1531 libro
863 1466 1039 1535 vicensimo
1063 1470 1159 1532 sexto

149 1555 190 1621 ad
213 1555 352 1621 edictum
376 1552 425 1641 (P.
446 1552 550 1642 7721’).
573 1591 615 1601 -
638 1554 712 1621 ..si
735 1575 859 1639 servus,
882 1555 937 1638 qui
960 1557 1160 1623 testamento

148 1642 259 1709 heredi
282 1643 388 1708 iussus
413 1648 484 1708 erat
506 1644 616 1713 decem
640 1643 715 1710 dare
740 1648 772 1709 et
794 1643 975 1725 liberasse,
998 1643 1159 1711 codicillis

148 1753 228 1816 pure
253 1731 438 1801 libertatem
462 1733 586 1817 accepit
609 1735 641 1797 et
663 1732 698 1797 id
720 1733 875 1819 ignorans
899 1730 1024 1797 dederit
1045 1731 1161 1796 heredi

148 1820 271 1904 decem,
290 1824 345 1885 ‘an
376 1823 520 1906 repetere
549 1820 675 1905 possit?
720 1827 753 1885 et
780 1819 880 1889 refout
905 1824 1032 1904 patrem
1063 1842 1161 1887 suum

150 1907 279 1976 Celsum
303 1909 501 1973 existimasse
524 1913 669 1993 repetere
692 1930 766 1975 eum
789 1929 854 1975 nou
876 1929 981 1993 posse.

440 2083 491 2153 De
512 2087 642 2172 deposito
664 2090 694 2151 et
713 2086 867 2153 mancae.

236 2211 268 2275 4.
294 2208 331 2274 D.
348 2210 399 2290 17,
414 2210 442 2293 1,
457 2209 507 2273 39.
552 2207 707 2273 Neratius
729 2209 815 2274 libro
838 2209 976 2292 septimo
998 2208 1162 2275 Membra·

150 2319 265 2362 nerum
289 2295 336 2382 (P.
356 2294 422 2382 52).
447 2333 487 2344 -
512 2297 557 2362 Et
579 2297 727 2362 Aristoni
750 2303 783 2361 et
806 2294 900 2362 Celso
923 2297 1011 2381 patri
1032 2298 1161 2382 placuit

151 2407 245 2469 posse
271 2407 339 2449 rem
362 2385 423 2450 hac
446 2385 633 2451 condicione
657 2385 772 2469 deponi
795 2385 1045 2469 mandatumque
1069 2383 1162 2472 (con-

150 2472 275 2538 dicione
302 2473 438 2538 fiduciae
467 2473 599 2558 causal)
629 2474 761 2558 suscipi,
788 2478 825 2537 ut
847 2495 898 2537 res
921 2475 1064 2559 periculo
1090 2476 1160 2540 eius

152 2563 194 2625 sit
217 2563 271 2645 qui
290 2561 472 2646 depositum
491 2563 541 2626 vel
560 2563 749 2627 mandatum
769 2559 922 2648 (depositi
940 2562 992 2628 vel
1011 2564 1161 2628 mandati

150 2646 284 2735 eeuse‘l)
307 2650 456 2733 suscepit

237 2760 360 2821 Pernice
383 2761 444 2838 ΙΙΙ,
469 2764 531 2822 139
555 2764 626 2821 n.·2.

239 2972 307 3033 Non
320 2975 408 3049 plane
421 2977 656 3050 praetereundus
670 2975 789 3037 videtur
802 2976 990 3053 Pompeius
1005 2977 1161 3054 Auctus,

151 3061 187 3120 de
212 3081 271 3138 quo
294 3061 423 3122 Martial.
446 3065 473 3139 7,
492 3064 543 3142 51,
565 3067 650 3127 2-6
674 3065 730 3124 ait:
754 3059 942 3143 ‘Pompeium
964 3085 1090 3144 quaeres
1113 3060 1160 3148 (et

150 3150 231 3209 nosti
261 3141 401 3232 forsitan)
434 3150 578 3230 Auctum3
610 3153 724 3214 Ultoris
755 3153 853 3231 prima
883 3153 989 3216 Martis
1021 3157 1053 3217 in
1085 3159 1160 3219 aede

152 3238 247 3298 sedet:
278 3239 348 3298 Iure
380 3238 502 3299 madens
533 3242 675 3317 varioque
706 3245 795 3319 togae
822 3243 944 3303 limatus
971 3244 1004 3302 in
1031 3265 1092 3306 usu
1106 3294 1112 3307 .
1128 3295 1158 3308 ..

154 3321 239 3385 Hunc
270 3327 341 3386 licet
372 3344 390 3384 a
422 3327 536 3388 decime
567 3322 678 3408 (neque
709 3330 789 3390 enim
820 3332 893 3391 satis
925 3336 994 3393 ante
1024 3328 1161 3418 vacabit)

152 3410 315 3475 sollicites'.
361 3414 398 3473 of.
420 3415 631 3477 Friedlaeuder
652 3417 700 3477 111
717 3439 746 3495 p.
761 3421 826 3482 450
840 3439 882 3497 sq.

548 3591 759 3604 --.--...-
