2430 3944
357 175 381 224 6.
405 167 613 224 IAVOLENUS
632 165 782 224 PRISOUS
1011 169 1075 234 397

58 335 221 398 maritimis
259 337 384 396 aluntur
416 329 467 417 (D.
487 338 539 411 33,
559 338 587 410 7,
608 326 678 416 11),
714 336 822 397 horrea
854 340 939 398 extra
969 339 1077 400 urbem

59 420 111 509 (D.
128 429 180 503 32,
194 416 267 507 84),
293 425 446 484 frumenta
468 425 499 482 in
521 424 623 485 herbis
646 429 748 500 empta
771 445 846 503 quse
869 427 952 488 nives
976 447 1076 490 88888-

58 518 172 592 perunt
195 505 246 595 (Ι).
264 516 313 592 15,
329 516 358 590 1,
374 515 424 589 78,
439 504 483 595 3)·.

151 602 277 681 Saepius
300 603 401 680 agitur
421 602 457 661 de
476 602 610 678 patronis
630 601 805 678 libertisque
824 607 855 663 et
873 603 909 663 de
927 605 1077 666 locatione

58 691 265 753 conductione.
305 690 426 750 disserit
449 691 527 749 enim
546 690 705 750 Iavolenus
728 691 765 750 (18
788 692 936 751 maiorum
958 696 1078 769 patroni

60 781 227 858 sepulchris
251 771 301 862 (8.
316 782 368 856 88,
383 782 412 857 8,
427 773 498 861 88),
523 778 559 838 se
582 779 644 839 suo
666 780 807 839 libanino
831 774 880 861 (8.
899 783 951 858 88,
965 785 994 860 8,
1012 778 1078 864 88),

60 871 99 930 (18
117 870 227 929 liberto
247 869 321 928 duos
338 870 481 946 patronos
499 867 630 928 habente
649 859 699 950 (D.
715 871 766 948 38,
782 871 811 947 2,
827 863 894 950 34),
913 872 950 929 (18
968 871 1078 932 liberto

59 959 183 1035 patroni
201 960 383 1018 testamento
402 957 626 1017 commendatus
645 950 807 1037 (11285,
824 950 889 1039 60),
913 958 950 1018 (18
969 960 1079 1020 liberto

61 1047 115 1125 qui
142 1046 284 1107 solvendo
312 1065 372 1106 non
395 1049 460 1105 erat
483 1048 514 1104 et
537 1047 614 1104 aeris
638 1045 728 1104 alieni
751 1047 988 1122 magnitudinem
1010 1050 1080 1109 8811-

59 1135 130 1212 quit
154 1127 204 1216 (D.
220 1137 270 1208 38,
286 1137 316 1213 2,
331 1126 395 1215 36),
420 1134 457 1193 (18
474 1134 584 1194 liberto
603 1135 655 1210 qui
673 1135 834 1194 fraudandi
850 1138 971 1211 patroni
990 1157 1080 1198 88888

59 1224 191 1284 fundum
211 1223 277 1283 Seio
300 1223 449 1299 mancipio
473 1224 543 1283 dare
567 1223 663 1283 voluit
684 1216 734 1303 (D.
751 1225 801 1298 35,
818 1225 847 1301 5,
864 1217 928 1306 12),
952 1226 1080 1304 denique

60 1314 99 1372 (18
132 1316 273 1389 patrono,
306 1312 359 1389 qui
387 1330 574 1372 communem
602 1312 742 1371 libertam
769 1332 892 1372 uxorem
920 1314 1005 1374 duxit
1029 1309 1080 1396 (D.

61 1404 116 1476 23,
132 1403 162 1480 3,
177 1394 244 1482 46).
279 1420 335 1460 nee
357 1401 457 1460 minus
480 1401 601 1460 disserit
624 1402 661 1460 de
684 1400 783 1460 188818
807 1402 894 1462 (18888
918 1396 968 1484 (D.
985 1407 1036 1481 19,
1052 1407 1080 1483 2,

63 1493 107 1551 60
116 1482 190 1570 pr),
218 1490 318 1549 insula
346 1483 397 1569 (D.
413 1493 463 1564 19,
479 1492 508 1569 2,
523 1492 565 1551 58
573 1484 646 1569 pn),
674 1508 744 1549 8888
768 1481 817 1572 (D.
834 1492 884 1568 19,
900 1493 928 1566 2,
945 1484 1015 1573 57),
1044 1493 1080 1553 (18

60 1581 172 1640 horreo
202 1579 302 1638 locato
330 1569 380 1660 (D.
401 1581 451 1655 19,
472 1582 500 1654 2,
521 1581 572 1655 59,
592 1581 621 1639 6.
636 1570 680 1659 9),
708 1596 775 1655 eum
803 1579 840 1638 de
869 1575 955 1640 servo
981 1582 1080 1642 looato

61 1660 116 1750 (D.
133 1669 229 1746 18,6,
246 1659 311 1748 17),
346 1687 400 1726 um
418 1657 458 1726 ¹de
476 1667 607 1726 mulione
626 1667 772 1727 eondueto
793 1659 843 1748 (D.
860 1671 909 1740 19,
926 1672 954 1748 2,
971 1672 1021 1747 60,
1039 1662 1081 1751 7),

62 1759 223 1834 praeterea
246 1755 442 1816 (1888118818
466 1756 611 1816 eondueto
636 1749 687 1835 (D.
701 1754 773 1815 ibid.
789 1753 809 1831 ἓ
825 1750 873 1835 8),
902 1757 939 1816 (18
961 1759 1080 1834 publico

63 1845 188 1921 praedio
207 1844 400 1921 vectigalium
419 1862 511 1904 eausa
528 1846 627 1906 loeato
647 1837 698 1925 (D.
713 1844 743 1919 4,
759 1845 788 1920 6,
804 1847 855 1919 34,
871 1837 914 1926 1),
933 1846 1080 1907 (18188118

65 1934 193 2009 publieis
218 1953 236 1992 8
258 1951 291 1991 88
314 1933 434 2009 publiea
456 1933 610 1993 eonduetis
632 1924 683 2014 (D.
700 1934 751 2008 32,
766 1934 817 2007 30,
835 1924 877 2013 1).

155 2021 282 2082 Veteres
305 2023 468 2082 laudantur
490 2025 611 2081 tentum
632 2021 664 2079 in
687 2020 772 2081 libris
795 2041 830 2080 ex
851 2021 989 2083 Labeone
1013 2043 1080 2084 oon-

65 2111 153 2171 feetis
176 2111 257 2187 iique
281 2110 345 2170 sine
369 2111 460 2170 dubio
484 2112 522 2169 ad
545 2110 693 2170 Labeonis
716 2110 899 2186 exemplum,
924 2115 1082 2186 praeterea

63 2201 130 2276 ipse
155 2199 266 2276 Labeo,
287 2199 455 2259 Massurius
480 2199 607 2259 Sabinus
632 2190 682 2280 (D.
699 2201 750 2276 19,
765 2201 793 2273 2,
809 2200 859 2259 59.
879 2201 930 2277 45,
949 2203 975 2273 1,
993 2195 1080 2282 105),

65 2288 188 2348 Cassius
209 2279 259 2370 (D.
274 2290 326 2358 40,
343 2293 371 2361 7,
387 2291 438 2365 28,
456 2292 482 2347 1.
506 2290 558 2368 46,
574 2291 603 2365 3,
619 2289 669 2347 78.
690 2289 739 2361 35,
758 2290 785 2362 1,
801 2289 843 2348 54
850 2280 919 2369 pn),
938 2289 1082 2350 Ρ8888188

66 2369 120 2459 (u.
140 2379 192 2455 88,
213 2379 241 2451 8,
261 2380 310 2438 er.
335 2377 371 2435 D.
388 2380 437 2453 88,
454 2380 526 2455 888,
542 2381 569 2438 8.
594 2376 629 2436 D.
645 2378 697 2450 35,
713 2379 742 2454 1,
757 2378 808 2452 40,
823 2378 852 2436 8.
875 2376 911 2436 8.
928 2380 979 2455 88,
995 2381 1024 2455 8,
1040 2381 1080 2439 88

66 2459 218 2545 aliaque),
242 2459 384 2525 ‘Caelius'
410 2461 467 2544 (ita
490 2467 569 2525 enim
591 2485 646 2542 pro
671 2459 843 2526 ‘Caecilius'
866 2464 901 2526 D.
923 2468 975 2543 24,
996 2470 1024 2544 1,
1041 2471 1081 2528 64

64 2554 226 2632 legendum
250 2546 453 2636 81818188),1(1
476 2560 523 2614 881
546 2554 665 2615 Caelius
689 2553 817 2614 Sabinus
841 2547 893 2634 (of.
915 2553 978 2615 Gai.
996 2558 1024 2633 3,
1042 2559 1082 2617 70

65 2637 201 2702 ‘Caelius
229 2641 357 2702 Sabinus
385 2645 428 2702 ait
447 2689 453 2702 .
470 2688 499 2703 ..
523 2643 682 2704 Iavolenus
710 2645 811 2702 autem
840 2636 924 2720 ait'),
947 2645 1080 2722 Pegasus

65 2735 99 2792 81
122 2732 240 2808 Aristo,
264 2731 343 2808 quod
365 2732 401 2792 D.
418 2735 468 2810 28,
485 2734 513 2808 5,
530 2736 568 2793 19
594 2732 669 2791 satis
691 2732 812 2792 videtur
834 2731 975 2792 indicare.

158 2820 364 2880 Dissensiones
392 2840 468 2896 quae
497 2821 677 2881 exstiterunt
700 2824 731 2880 et
753 2819 887 2879 Labeoni
911 2840 980 2880 eum
1001 2823 1081 2898 prio-

67 2909 152 2971 ribus
182 2913 212 2969 et
238 2910 318 2968 inter
345 2910 539 2986 posteriores,
573 2910 686 2970 88111881
712 2910 792 2968 inter
820 2909 1002 2968 Massurium
1031 2911 1083 2970 88-

66 2998 173 3057 binum
200 2999 249 3058 vel
277 2997 414 3058 Cassium
442 3004 472 3057 et
494 2998 677 3073 Labeonem,
704 3017 757 3058 nee
785 2997 883 3057 minue
911 2998 990 3058 inter
1012 2999 1083 3058 Pro-

67 3087 171 3146 culum
203 3090 234 3146 81
265 3088 393 3162 priores,
430 3087 555 3162 denique
587 3087 667 3146 18188
697 3090 833 3162 posteros
864 3087 1083 3147 intercedentes

68 3195 87 3234 8
109 3175 252 3236 18881888
276 3175 436 3252 diligenter
459 3176 628 3235 examinata
649 3194 713 3235 esse
737 3179 870 3252 apparet.
911 3175 984 3236 haee
1003 3176 1083 3235 enim

68 3283 113 3323 ex.
138 3284 183 3341 gr.
205 3265 362 3342 leguntur:
392 3258 412 3326 ἵ
427 3310 456 3326 ..
476 3265 636 3323 Trebatius
663 3267 755 3342 negat
774 3264 942 3325 ...Labeo
970 3269 1083 3338 eontra,

68 3352 215 3412 Proculus
248 3353 327 3430 quod
361 3353 462 3412 Labeo
482 3399 489 3412 .
509 3372 564 3429 ego
597 3353 732 3413 Trebatii
768 3353 948 3413 sententiam
979 3354 1082 3428 probo,

68 3435 218 3516 quia...'
239 3441 275 3502 D.
290 3444 341 3517 26,
357 3445 385 3517 2,
401 3445 451 3502 33.
492 3435 730 3503 “..,7881)81188
748 3441 1083 3518 respondit...Labeo

70 3529 208 3590 Trebatii
236 3531 414 3591 sententiam
441 3531 618 3606 probat...
638 3532 716 3591 idem
745 3533 775 3590 et
803 3548 858 3605 ego
886 3532 917 3588 et
939 3529 1083 3589 Proculus
