2430 3944
64 906 116 1004 V.
156 905 377 1026 NERVAE
411 906 480 1004 ET
513 907 743 1006 TRAIANI
771 908 1071 1008 TEMPORUM

338 1064 485 1164 IURIS
520 1065 796 1165 OONSULEI.

61 1267 86 1318 1.
113 1259 244 1315 Valerius
267 1261 393 1316 Severus.
418 1290 450 1300 -
475 1266 499 1316 2.
526 1259 669 1314 Fulcinius
691 1259 811 1316 Priscus.
835 1293 869 1302 —
892 1268 916 1317 3.
939 1263 1069 1318 Minicius

61 1330 222 1403 (Natalist).
237 1362 273 1371 -
286 1337 311 1385 4.
325 1330 457 1385 Neratius
470 1329 587 1387 Priscus.
601 1361 637 1372 -
651 1337 667 1386 5
691 1332 782 1386 Titius
792 1331 895 1388 Aristo.
906 1364 939 1375 -
950 1339 974 1388 6.
989 1334 1069 1390 lavo-

211 1402 290 1457 lenus
309 1401 427 1456 Priscus.
447 1432 480 1442 -
500 1408 523 1456 ⁷.
543 1401 685 1458 Iuventius
705 1403 801 1458 Celsus
819 1404 922 1474 (filius).

294 1597 332 1678 E.
366 1601 602 1674 VALERIUS
631 1601 843 1675 SEVERUS

150 1746 380 1806 iurisconsultus
401 1745 539 1805 Labeone
561 1745 658 1805 minor
679 1748 754 1805 natu
777 1764 796 1804 a
813 1745 939 1824 Iuliano,
962 1747 1067 1826 Paulo,

58 1834 190 1912 Ulpiano
213 1834 364 1911 laudatuS,
388 1835 440 1911 qui
463 1837 494 1893 et
516 1833 721 1910 respondendo
745 1836 776 1894 et
798 1834 884 1899 libris
902 1834 1066 1895 scribendis

58 1942 182 2000 operam
205 1923 299 1997 dedit,
324 1925 455 1982 ceterum
477 1922 563 1982 nobis
586 1923 715 1999 ignotus.

443 2098 467 2157 Ι.
495 2098 686 2174 Responsa.

372 2217 571 2300 Nepotiorum
589 2222 752 2300 pectorum.

149 2328 177 2389 1.
207 2322 247 2388 D.
267 2323 296 2405 3,
314 2322 345 2408 5,
364 2324 416 2388 29.
460 2322 604 2388 Iulianus
627 2324 710 2388 libro
733 2323 830 2388 tertio
855 2321 1065 2407 Digestorum

57 2411 108 2500 (P.
126 2411 194 2498 45).
224 2447 262 2458 -
291 2410 344 2476 Ex
369 2412 456 2477 facto
486 2413 712 2495 quaerebatur:
742 2411 901 2495 quendam
930 2411 970 2476 ad
999 2411 1065 2475 sili-

57 2503 168 2588 ginem
186 2499 353 2565 emendam
367 2503 547 2574 curatorem
561 2499 689 2565 decreto
704 2499 825 2565 ordinis
840 2501 1064 2581 constitutum

57 2590 162 2655 eidem
186 2589 287 2654 alium
310 2589 551 2654 subcuratorem
574 2588 786 2654 constitutum
809 2587 969 2672 siliginem
989 2589 1064 2652 mis·

57 2679 160 2744 cendo
188 2678 367 2760 corrupisse
393 2681 488 2760 atque
511 2677 560 2741 ita
580 2677 719 2760 pretium
743 2676 897 2761 siliginis,
924 2699 1007 2761 quac
1029 2676 1064 2740 in

56 2767 222 2850 publicum
246 2771 353 2848 empta
376 2768 454 2850 erat,
476 2765 616 2829 curatori
640 2764 802 2829 adflictum
826 2786 908 2847 esse;
936 2787 1061 2849 quaque

57 2856 183 2921 actione
221 2859 350 2918 curator
381 2874 453 2917 cum
486 2854 692 2918 subcuratore
724 2853 862 2937 experiri
892 2853 998 2937 possit
1031 2858 1063 2918 et

57 2943 211 3027 consequi
232 2943 275 3026 id,
297 2945 335 3005 ut
357 2941 386 3005 ei
410 2941 535 3006 salvum
554 2946 647 3026 esset,
671 2942 753 3025 quod
773 2963 869 3006 causa
888 2942 956 3005 eius
976 2940 1062 3005 dam·

55 3054 134 3097 num
149 3031 296 3117 cepisset.
330 3029 479 3094 Valerius
494 3027 628 3094 Severus
642 3030 809 3114 respondit
823 3030 974 3094 adversus
988 3051 1061 3094 con·

55 3123 198 3185 tutorem
217 3118 421 3203 negotiorum
441 3121 605 3202 gestorum
625 3117 785 3183 actionem
799 3117 900 3183 tutori
915 3117 1062 3181 dandam.

146 3209 176 3273 2.
199 3206 238 3272 D.
256 3205 333 3271 ibid.
352 3240 393 3252 -
411 3204 501 3270 Idem
523 3206 701 3290 respondit:
724 3209 760 3270 ut
781 3204 988 3291 magistratui
1009 3205 1062 3268 ad-

55 3318 170 3362 versus
192 3296 421 3380 magistratum
444 3294 555 3358 eadem
578 3295 661 3359 actio
684 3294 789 3378 detur,
817 3295 864 3359 ita
886 3298 1009 3376 tamen,
1033 3293 1062 3355 si

55 3407 123 3450 non
151 3385 196 3450 sit
220 3384 368 3448 conscius
394 3383 527 3447 fraudis.
577 3383 766 3464 [secundum
793 3403 874 3466 quae
900 3383 998 3446 etiam
1025 3378 1064 3442 iu

56 3473 267 3539 subcuratore
289 3471 375 3537 idem
399 3470 567 3536 dicendum
591 3473 662 3553 est]

855 3574 913 3632 ti*
