2430 3944
370 193 411 245 11.
431 185 605 243 CANINIUS
624 186 777 243 REBILUS
1016 185 1078 251 197

339 368 389 434 De
410 369 571 435 interdicto
587 369 799 452 possessorio?

145 496 176 560 4.
206 493 247 561 D.
265 495 322 576 42,
339 494 370 577 5,
390 493 443 558 29.
491 493 612 557 Paulus
644 494 729 558 libro
763 493 876 577 quinto
907 491 946 556 ad
975 494 1080 577 legem

58 582 173 648 Iuliam
199 586 234 648 et
256 581 393 667 Papiam
417 577 467 669 (P.
481 579 572 669 957).
596 618 639 630 -
663 581 807 647 Fufidius
831 581 931 646 refert
954 584 1080 646 statuas

59 672 91 736 in
128 672 263 756 publico
300 673 426 755 positas
463 671 558 735 bonis
595 671 760 737 distractis
797 670 879 754 eius,
916 671 1007 734 cuins
1046 671 1081 734 in

59 761 218 826 honorem
250 762 378 844 positae
411 762 501 845 sunt,
531 781 598 824 non
630 781 700 824 esse
733 760 890 842 emptoris
921 760 1081 823 bonorum

60 850 141 928 eius,
175 848 233 914 sed
267 852 325 913 ant
356 848 519 932 publicas,
552 848 580 912 si
613 847 749 914 ornandi
781 846 951 931 municipii
983 868 1082 913 eausa

59 939 186 1024 positae
211 938 293 1020 sint,
321 941 379 1003 aut
402 938 481 1020 eius,
504 937 594 1001 cuius
617 937 652 1001 in
674 937 832 1002 honorem
854 936 981 1022 positae
1005 937 1081 1015 sint,

62 1032 93 1091 et
114 1026 210 1092 nullo
233 1027 330 1091 modo
354 1048 408 1090 eas
433 1025 560 1090 detrahi
583 1048 689 1110 posse.

148 1139 186 1198 cf.
208 1137 274 1198 Gai.
289 1139 320 1212 4,
335 1139 409 1198 145.
454 1131 619 1197 ‘Bonorum
647 1156 764 1214 quoque
787 1137 917 1213 emptori
939 1136 1081 1197 similiter

61 1229 240 1304 proponitur
257 1227 451 1286 interdictum
466 1218 521 1308 (sc.
535 1226 744 1302 adipiscendae
757 1217 981 1308 possessionis),
999 1226 1081 1301 quod

61 1318 182 1394 quidam
206 1317 423 1392 possessorium
447 1308 571 1375 vocant'.

148 1406 193 1464 De
217 1405 328 1465 statuis
351 1423 468 1481 eornm,
494 1405 546 1481 qui
569 1404 696 1479 relegati
718 1408 791 1463 sunt
814 1423 849 1463 ex
873 1421 965 1463 causa
988 1403 1080 1462 maie·

62 1494 163 1570 statis,
187 1487 405 1553 ‘detrahendis'
429 1495 473 1553 ait
495 1493 682 1552 Modestinus
705 1493 809 1566 Ι).48,
826 1497 876 1570 19,
894 1495 943 1552 24.

295 1786 355 1870 ll.
392 1791 621 1865 CANINIUS
650 1791 853 1864 REBILUS

149 1935 232 1996 filius
260 1935 390 1996 consulis
418 1936 483 1996 suff.
503 1955 529 1998 a.
549 1939 604 2013 12,
635 1937 700 2012 ipse
727 1937 832 1996 consul
859 1955 937 1996 anno
964 1936 1080 1997 incerto

61 2019 188 2103 (quippe
217 2043 307 2102 quem
333 2024 444 2084 Seneca
468 2025 505 2084 de
529 2026 594 2085 ben,
611 2028 639 2101 2,
655 2027 740 2102 21,5
765 2025 953 2085 consularem
977 2020 1081 2104 dieat),

61 2107 111 2173 ‘ob
124 2114 267 2174 libidines
281 2114 469 2173 muliebriter
482 2108 625 2186 infamis’‚
641 2109 804 2174 ‘cruciatus
820 2132 927 2192 aegrae
943 2117 1080 2173 senectae

59 2204 153 2262 misso
176 2221 231 2278 per
252 2221 346 2262 venas
368 2204 513 2280 sanguine
534 2197 652 2281 effugit'
676 2222 703 2263 a.
718 2206 769 2263 66.
807 2203 875 2262 Tac.
887 2222 954 2261 ann.
967 2205 1017 2277 13,
1029 2203 1080 2262 30.

152 2291 293 2350 Rebilum
320 2291 413 2350 etiam
441 2285 562 2366 ‘peritia
585 2286 698 2369 legum'
723 2312 758 2351 ex
781 2291 963 2367 primoribus
986 2291 1080 2350 fuisse

60 2380 142 2439 idem
167 2383 272 2440 auctor
294 2381 314 2440 l.
329 2399 353 2439 c.
376 2381 478 2439 refert.
524 2380 560 2439 de
580 2382 730 2456 responsis
754 2380 817 2439 eius
840 2380 916 2447 nihil
939 2380 1079 2439 traditur.
