2430 3944
140 165 203 230 188
219 164 267 220 IIL
279 164 353 222 GAll
365 163 513 222 CLAUDII
521 162 658 220 Nanos.
668 160 815 220 GALBAE
825 161 932 220 ΤΕΜΡ.
942 160 1040 218 lURIS
1052 160 1157 220 CONS.

138 327 362 412 redderentur,
407 329 440 392 et
474 326 511 391 bi
545 327 680 392 uniones
712 323 809 410 eulpa
839 329 898 390 tua
929 325 1088 408 perierint
1125 330 1158 391 et

138 417 309 500 pecuniam
335 418 440 500 petas.
483 418 591 480 exstat
612 413 738 480 Nersae
766 417 800 479 et
823 412 971 479 Atilicini
995 414 1157 480 sententie

139 505 313 570 dicentium
336 505 385 570 ita
405 526 475 570 esse
498 501 719 588 excipiendum
742 501 784 568 ‘si
807 504 893 568 inter
915 523 967 566 me
987 506 1021 567 et
1039 509 1072 568 te
1091 523 1158 568 non

140 594 305 678 convenit,
331 597 369 658 ut
396 593 504 659 soluta
531 593 669 676 pecunia
696 592 833 658 uniones
856 590 936 656 mihi
957 590 1157 659 reddantur?

409 791 448 853 H.
480 783 765 873 Digestorum('?)
788 790 888 851 libri.

228 915 384 976 Eiusmodi
402 915 472 975 libri
491 934 671 994 quamquam
688 934 748 975 uon
767 913 877 974 diserte
896 914 1069 993 laudantur,
1083 916 1157 993 quin

139 1004 177 1065 ab
205 1005 349 1066 Atilicino
377 1004 451 1064 editi
478 1005 552 1078 sint,
583 1003 634 1064 vix
660 1007 760 1081 potest
786 1004 924 1064 dubitari.
974 1004 1050 1064 haec
1077 1004 1158 1065 enim

138 1095 294 1172 leguntur:
317 1088 490 1153 ‘Atilicinus
511 1091 692 1171 quibusdam
709 1091 861 1169 placuisse
883 1086 938 1151 ait’
961 1092 996 1152 D.
1015 1093 1044 1168 5,
1059 1095 1089 1170 3,
1104 1095 1157 1155 43.

139 1176 314 1242 ‘Atilicinus
346 1183 390 1241 ait
418 1179 576 1241 Gaesarem
603 1228 635 1242 ..
663 1181 851 1257 rescripsisse
882 1180 914 1239 in
943 1181 1017 1240 hece
1051 1175 1158 1243 verba'

139 1270 175 1332 D.
192 1273 225 1349 8,
242 1273 276 1349 3,
292 1271 342 1330 35.
384 1269 420 1329 de
448 1269 547 1347 operis
570 1269 670 1330 indole
691 1270 748 1328 hoe
770 1271 891 1330 tantum
913 1269 1078 1331 verisimile
1102 1273 1157 1347 est,

139 1359 227 1418 illum
254 1376 399 1435 responsa
426 1361 457 1418 et
479 1377 535 1418 sua
557 1362 589 1418 et
611 1357 739 1418 aliorum
762 1357 837 1417 iuris
860 1359 1067 1419 consultorum
1088 1378 1158 1435 pro·

138 1447 285 1524 posuisse.
334 1447 453 1508 Nervae
481 1445 584 1507 Sabini
608 1445 704 1506 Cassii
730 1446 864 1525 Proculi,
891 1448 943 1524 qui
970 1465 1060 1523 saepe
1088 1466 1158 1508 cum

139 1536 282 1595 Atilicino
306 1535 456 1595 coniuncti
474 1534 646 1610 laudentur,
671 1535 835 1595 sententias
857 1554 894 1594 ex
911 1534 1047 1595 Atilicini
1066 1554 1158 1612 opere

139 1624 313 1700 desumptas
332 1642 398 1684 esse
415 1623 554 1699 Krueger
567 1644 595 1700 p.
612 1625 674 1685 156
693 1623 807 1683 iudicat
823 1642 920 1700 neque
934 1623 1017 1684 Ioers
1032 1618 1158 1704 (Pauly-

138 1712 287 1773 Wissowa
299 1712 331 1772 Π
345 1733 373 1789 p.
385 1705 536 1794 2075sq.)
550 1713 710 1789 improbat.
741 1713 846 1789 itaque
863 1711 1003 1772 Atilicini
1015 1712 1157 1789 Digesto·

138 1821 206 1860 rum
222 1800 293 1860 libri
306 1804 412 1877 postea
425 1800 514 1861 Ursei
527 1804 557 1860 et
571 1801 685 1861 Plautii
698 1800 838 1876 operibus
853 1800 1002 1861 similibus
1015 1801 1158 1862 sidentur

139 1885 306 1949 oblitterati
338 1907 402 1950 esse
430 1881 481 1970 (cf.
504 1889 622 1949 Ferrini
643 1890 663 1951 l.
686 1907 710 1949 c.
728 1910 758 1965 p.
775 1881 848 1970 88),
875 1908 952 1967 quae
980 1890 1157 1950 coniectura

139 1996 174 2037 eo
197 1978 369 2053 adiuvatur,
392 1978 473 2055 quod
495 1977 632 2038 Atilicini
654 1978 820 2038 sententies
842 1981 908 2038 tam
929 1978 1015 2037 libris
1039 1979 1078 2038 ad
1103 1979 1157 2038 Sa·

138 2066 242 2125 binum
271 2069 301 2127 et
328 2069 366 2126 ad
393 2067 491 2144 legem
518 2066 627 2126 Iuliam
655 2066 839 2144 Papiamque
866 2064 1039 2144 Poppaeam
1067 2086 1158 2145 quam

139 2156 177 2214 ad
200 2156 330 2215 edictum
352 2157 534 2216 referuntur.

227 2245 263 2303 In
299 2243 435 2304 Atilicini
475 2243 654 2320 fragmentis
694 2261 910 2320 nonnunquam
949 2243 1085 2320 partium
1127 2247 1159 2304 et

141 2333 316 2408 fundorum,
342 2333 379 2391 de
402 2332 512 2408 quibus
535 2350 632 2393 sermo
656 2335 715 2409 est,
743 2350 815 2393 vera
836 2332 957 2390 nomina
981 2333 1158 2394 afferuntur.

138 2421 302 2480 laudantur
324 2420 403 2479 enim
422 2415 554 2479 ‘Gnaeus
572 2414 736 2480 Domitius'
756 2413 807 2501 (D.
824 2421 875 2497 33,
891 2423 920 2499 8,
936 2423 964 2494 6,
979 2414 1024 2501 4),
1044 2421 1158 2481 fundus

139 2508 294 2584 Sutrinos,
321 2526 358 2566 ex
381 2509 465 2568 cuius
489 2509 571 2567 fonte
594 2508 684 2569 vieini
706 2526 815 2586 aquam
838 2510 945 2568 ducere
969 2509 1053 2569 soliti
1077 2513 1158 2587 sunt,

139 2600 169 2655 et
199 2595 335 2656 Caesaris
364 2596 545 2673 rescriptum
577 2597 615 2656 ad
645 2596 799 2656 Statilium
831 2597 966 2657 Taurum
995 2598 1032 2657 de
1063 2599 1159 2658 fontis

137 2685 220 2745 illius
243 2703 308 2744 usu.

226 2773 409 2850 Fragmenta
440 2772 604 2832 secundum
632 2793 680 2833 res
712 2775 859 2834 tractatas
891 2773 1037 2849 disposita
1070 2774 1159 2836 Sabi·

138 2861 263 2922 nienum
285 2861 442 2937 praecipue
465 2860 597 2921 ordinem
621 2866 740 2922 secutus
762 2881 904 2939 propono.

324 3031 375 3099 De
396 3053 480 3099 seruo
495 3034 626 3119 proprio
648 3033 752 3099 baeda
774 3034 968 3100 instituendo.

229 3159 257 3222 1.
281 3157 514 3242 111411.-
531 3155 675 3222 Heredes
698 3157 868 3222 instituere
889 3158 1083 3241 permissum
1103 3163 1156 3224 est

138 3249 207 3310 tam
230 3246 350 3311 liberos
373 3246 520 3311 homines
544 3267 640 3329 quam
664 3268 774 3311 servos
798 3251 865 3310 tam
883 3247 1033 3330 proprios
1054 3268 1154 3331 quam

138 3334 272 3402 alienos.
303 3335 452 3419 proprios
466 3339 573 3399 autem
587 3333 665 3400 olim
680 3335 809 3419 quidem
824 3334 999 3400 secundum
1008 3335 1154 3419 plurium

139 3422 318 3489 sententias
350 3445 416 3488 non
448 3423 542 3488 aliter
574 3445 670 3508 quam
703 3445 776 3488 eum
808 3422 959 3488 libertate
991 3428 1078 3489 recte
1107 3422 1158 3488 in·

138 3514 273 3578 stituere
303 3511 429 3578 licebat.
479 3511 576 3576 hodie
603 3533 678 3577 vero
707 3513 806 3578 etiam
834 3512 904 3576 sine
931 3512 1085 3578 libertate
1117 3534 1157 3578 ex
