2430 3944
100 155 143 218 92
171 153 1107 214 111.aaucaeuuuNaaou.esuesarane.lualscona.
1127 116 1147 247 ξ

1130 286 1147 313 Γ

102 319 251 383 dominae
275 319 407 383 divortii
430 339 527 383 causa
545 339 596 382 res
615 318 782 402 amoverit,
805 317 925 382 Pedius
944 322 1040 401 putat
1057 339 1108 384 nea

99 407 222 471 furtum
260 429 332 471 eum
367 406 486 488 facere,
526 407 673 490 quamvis
707 428 819 471 servus
851 408 886 471 in
919 407 1136 475 facinoribus¹

100 495 232 561 domino
251 496 338 560 dicto
357 495 489 560 audiens
510 517 579 559 ease
598 517 664 560 uon
683 495 807 578 debeat,
827 495 882 560 aed
901 516 1011 560 rarum
1028 518 1109 562 amo·
1128 516 1139 577 ,ξ

99 588 206 648 tarum
231 583 314 648 actio
346 585 420 667 erit,
452 585 605 668 quoniam
633 583 715 647 nihil
738 584 821 649 lucri
845 586 896 649 sui
919 606 1019 650 eausa
1041 605 1147 691 coa-'j'

99 676 220 738 trectet
252 694 311 736 nec
344 672 448 737 videri
479 672 601 737 furtum
629 672 762 736 facienti
791 695 885 756 opem
912 672 1013 757 ferre,
1044 694 1108 739 cum
1124 680 1147 721 *⁴

99 762 215 826 mulier
237 761 361 825 furtum
384 783 450 825 non
474 761 580 824 faciat.
1127 720 1147 803 ξ

190 875 231 933 Ia
244 874 295 932 Fe.
311 891 421 932 comma
435 872 572 950 quamvis
640 873 748 932 debeat
761 874 864 947 cepam
871 879 942 947 pose
953 877 1043 935 cerba
1054 873 1107 933 fur·
1120 914 1147 953 ,¹

97 966 163 1022 tum
186 981 246 1022 non
268 962 368 1021 faeiat.

447 1041 535 1096 Furti
552 1058 601 1096 aee
618 1043 767 1109 manifesti.

189 1143 241 1207 33.
274 1142 314 1206 D.
336 1143 390 1226 47,
410 1143 440 1223 2,
460 1140 512 1219 50,
531 1143 560 1206 2.
612 1141 773 1225 Ulpianus
807 1139 899 1208 libro
922 1143 1106 1228 trigensimo
1142 1166 1147 1173 ·

100 1232 239 1315 septimo
264 1231 303 1294 ad
329 1230 468 1295 edictum
493 1227 543 1317 (P.
561 1227 683 1317 10412).
703 1266 745 1277 —
764 1231 928 1296 ..Pedius
953 1233 1009 1315 ait,
1033 1233 1107 1297 sieut

98 1342 194 1384 nemo
223 1320 347 1383 furtum
369 1319 449 1383 facit
472 1320 542 1383 sine
566 1319 640 1384 dolo
665 1320 765 1403 malo,
792 1322 840 1384 ita
862 1342 921 1385 nec
945 1321 1107 1385 consilium

99 1411 150 1474 vel
175 1430 269 1492 opem
293 1407 376 1471 ferra
402 1408 470 1471 sine
495 1407 569 1473 dolo
594 1407 682 1471 malo
705 1430 810 1492 posse.

396 1564 536 1619 Arborum
553 1565 653 1631 furtim
670 1581 818 1622 caesarum.

188 1666 239 1730 34.
277 1665 316 1729 D.
340 1667 392 1748 47,
418 1668 447 1744 7,
472 1667 547 1747 7pr.
603 1664 765 1749 Ulpianus
798 1665 882 1730 libro
919 1665 1107 1748 trigensimo

100 1757 215 1818 octavo
236 1753 276 1817 ad
295 1754 434 1818 edietum
455 1751 505 1840 (P.
524 1753 633 1839 1073).
646 1792 691 1802 -
704 1753 829 1818 Furtim
849 1775 962 1818 eaesae
983 1756 1109 1818 arborea

100 1842 259 1926 videntur,
278 1865 360 1926 quae
379 1844 551 1927 ignorante
571 1843 701 1906 domino
721 1843 908 1926 colendique
928 1842 998 1906 eius
1018 1863 1110 1907 causa

99 1931 284 1996 caeduntur.
320 1953 378 1996 nec
398 1953 468 1995 esse
486 1931 570 1994 hanc
588 1931 668 1994 furti
682 1931 843 1995 actionem
859 1931 973 1996 scribit
987 1929 1111 2014 Pedius,

98 2042 169 2084 cum
195 2025 227 2084 at
251 2021 319 2084 sine
342 2020 429 2084 furto
453 2019 524 2083 fieri
547 2021 663 2103 possit,
688 2025 725 2083 ut
748 2019 819 2104 quis
843 2022 976 2084 arbores
1000 2019 1112 2084 furtim

99 2110 222 2174 caedat.

470 2228 573 2287 Libri
595 2227 743 2286 XXV—t>

360 2336 393 2390 Si
411 2336 521 2390 tabulae
539 2337 691 2390 testamenti
710 2337 850 2390 extabant.

187 2435 238 2500 35.
266 2435 306 2500 D.
326 2436 377 2518 37,
400 2439 427 2522 1,
445 2437 475 2515 6,
494 2437 523 2500 2.
579 2436 699 2500 Paulus
729 2435 813 2500 libro
842 2435 1113 2520 quadragensimo

97 2524 203 2607 primo
228 2525 267 2587 ad
293 2524 432 2588 edietum
456 2521 506 2609 (P,
520 2521 611 2612 577).
640 2560 675 2569 —
701 2526 796 2589 Notis
820 2526 959 2607 scriptae
982 2526 1114 2591 tabulae

97 2634 163 2676 non
192 2612 400 2677 continentur
427 2613 546 2697 edicto,
573 2613 649 2698 quia
676 2617 772 2678 notas
800 2614 926 2678 litteras
951 2635 1018 2678 non
1045 2636 1114 2679 esse

98 2700 214 2765 Pedius
237 2701 321 2766 libro
345 2701 520 2765 vicensimo
544 2704 659 2786 quinto
683 2703 725 2766 ad
748 2703 887 2766 edictum
911 2701 1034 2766 scribit.

323 2857 368 2911 De
384 2863 476 2911 ventre
493 2859 524 2911 ia
538 2860 732 2926 possessiouem
749 2860 887 2914 mittendo.

187 2958 240 3022 36.
263 2956 302 3020 D.
317 2959 371 3040 37,
385 2958 415 3041 9,
432 2961 460 3040 1,
474 2957 503 3022 5.
547 2957 709 3041 Ulpianus
732 2959 817 3023 libro
842 2959 1116 3044 quadragensimo

97 3046 203 3130 primo
232 3046 272 3110 ad
301 3047 440 3110 edietum
464 3043 513 3132 (P.
531 3045 640 3132 1133).
666 3083 707 3093 -
732 3095 761 3112 ..
790 3048 817 3111 si
841 3048 900 3113 sub
925 3049 1116 3114 condicione

97 3138 267 3217 postumus
296 3135 339 3198 sit
366 3135 593 3215 exheredatus,
620 3137 780 3220 pendente
807 3137 995 3201 condicione
1024 3137 1116 3202 Pedii

97 3222 291 3286 sententiam
321 3223 522 3287 admittimus
551 3223 769 3289 existimantis
793 3247 888 3307 posse
911 3229 1059 3292 ventrem
1083 3228 1114 3292 in

96 3312 334 3394 possessionem
376 3312 464 3375 mitti
511 3313 601 3395 [quia
642 3314 701 3376 sub
743 3313 867 3378 incerto
908 3314 1024 3380 utilius
1055 3330 1117 3394 ¹est

95 3404 242 3464 ventrem
265 3398 333 3484 ali].

187 3510 268 3580 Quae
291 3511 409 3585 inclusi,
432 3511 557 3571 Perniee
580 3513 688 3572 merito
712 3513 845 3572 eicienda
868 3519 979 3574 censet.
