2430 3944
446 187 470 236 5.
496 183 614 238 TITIUS
632 183 763 239 ARISTO
1046 186 1109 252 377

95 351 201 412 matre
229 350 360 419 mortua
382 347 478 411 liberi
501 346 569 412 eius
592 347 697 413 nihilo
721 347 829 413 minus
851 370 947 414 usum
970 349 1112 416 fructum

94 436 220 501 habent
251 436 320 500 iure
350 435 568 521 adcrescendi3
598 458 675 500 nam
708 441 741 501 et
768 435 913 503 Iulianus
942 438 1027 503 libro
1055 441 1112 504 tri·

97 525 247 610 gensimo
271 523 431 609 (quinto)
454 523 736 610 Digestorumt
689 525 736 589 ait
753 524 838 590 idem
857 527 1112 612 intellegendum

94 615 131 678 in
162 635 199 678 eo
229 614 284 698 qui
312 615 399 678 solos
426 613 545 678 liberos
573 613 707 679 heredes
735 614 916 699 scripserit,
945 616 1024 681 licet
1046 639 1113 682 non

96 702 335 787 utlegatarios
355 723 409 766 eos
429 702 654 786 nominaverit,
678 703 733 767 sed
753 707 790 767 ut
807 704 993 769 ostenderet
1006 707 1112 792 magis

95 790 181 857 velle
214 813 249 857 se
280 794 417 855 matrem
449 791 496 854 ita
527 790 605 875 frui,
637 753 674 856 dt
705 792 824 857 liberos
857 815 966 859 secum
993 793 1114 896 habeat

95 880 251 945 fruentes.
301 879 358 944 sed
387 884 421 944 et
442 879 641 982 Pomponius
673 881 810 965 quaerit:
848 882 926 967 quid
959 883 987 947 si
1019 884 1113 947 mixti

96 969 221 1034 fuerint
206 968 341 1033 tliberi
369 973 402 1033 et
424 969 567 1033 extranei
594 969 818 1035 heredeslet
803 971 892 1035 tait
878 971 1001 1036 tfilios
1024 971 1113 1057 lega-

95 1057 200 1123 tarios
229 1079 298 1122 esse
326 1057 562 1142 intellegendos
591 1061 624 1122 et
646 1080 704 1142 per
728 1060 936 1143 contrarium,
959 1061 988 1124 si
1010 1061 1115 1126 voluit

96 1168 153 1212 eos
176 1146 296 1211 liberos
318 1147 415 1212 simul
438 1167 511 1212 cum
533 1149 638 1211 mater
659 1146 737 1230 frui,
760 1147 876 1213 debere
895 1148 959 1215 dici
976 1154 1114 1215 matrem

96 1236 292 1320 legatarium
320 1256 390 1300 esse
417 1235 668 1319 intellegendam
698 1240 730 1300 et
757 1258 815 1321 per
842 1240 952 1303 omnia
975 1239 1114 1304 similem

98 1345 169 1389 esse
193 1324 283 1388 etin
306 1324 368 1389 hoc
391 1345 467 1389 casu
490 1323 571 1388 iuris
595 1328 753 1390 eventum.

188 1412 232 1478 6⁸.
256 1412 329 1476 Vat.
343 1411 383 1477 fr.
398 1413 471 1493 §83
494 1408 584 1498 (Ulp.
594 1414 614 1477 ι.
622 1411 719 1478 XVII
738 1414 778 1479 ad
798 1411 872 1479 sab.
896 1414 931 1479 P.
941 1413 1054 1502 2566).
1073 1451 1111 1462 —

97 1501 176 1567 Non
199 1502 304 1566 solum
324 1552 353 1566 ..
377 1502 406 1565 si
429 1501 553 1566 duobus
577 1501 618 1566 do
645 1503 719 1587 lego
738 1525 815 1568 usus
835 1504 959 1569 fructus
977 1505 1114 1589 legetur,

98 1591 162 1655 erit
185 1592 236 1655 ius
260 1590 475 1673 adcrescendi,
498 1612 608 1654 verum
628 1589 704 1675 <et>
723 1592 751 1655 si
770 1592 864 1656 alteri
883 1592 1114 1679 ususfructus,

98 1679 194 1745 alteri
217 1679 414 1764 proprietas3
436 1700 513 1742 nam
537 1679 708 1743 amittente
726 1702 820 1744 usum
839 1681 980 1746 fructum
1000 1682 1114 1764 altero,

98 1768 152 1834 cui
180 1771 251 1832 erat
277 1769 420 1852 legatus,
449 1768 554 1851 magis
582 1768 651 1832 iure
680 1767 887 1834 adcrescendi
910 1770 950 1834 ad
975 1770 1115 1836 alterum

99 1857 243 1941 pertinet
274 1878 372 1939 quam
404 1855 489 1919 redit
520 1855 560 1920 ad
593 1857 836 1941 proprietatem.
887 1880 948 1923 nec
979 1881 1115 1944 novum3

102 1967 178 2009 nam
197 1949 230 2010 et
248 1945 276 2009 si
295 1945 420 2009 duobus
439 1967 517 2009 usus
536 1945 659 2009 fructus
678 1945 805 2030 legetur
825 1951 857 2011 et
875 1947 960 2030 apud
977 1949 1116 2013 alterum

103 2034 147 2098 sit
175 2034 407 2112 consolidatus,
434 2035 485 2097 ius
514 2033 718 2098 adcrescendi
741 2057 806 2098 non
829 2037 914 2120 perit
937 2035 1051 2118 ιιθιιιιε1
1076 2038 1115 2120 ei,

101 2122 186 2206 apud
218 2143 314 2206 quem
348 2122 567 2187 consolidatus
595 2126 658 2204 est,
690 2144 794 2206 neque
823 2125 863 2188 ab
892 2146 943 2206 eo,
976 2131 1008 2188 et
1035 2126 1115 2208 ipse,

101 2211 220 2296 quibus
248 2210 352 2275 modis
380 2212 544 2275 amitteret
568 2214 643 2274 ante
667 2212 972 2294 consolidationem,
999 2213 1116 2277 iisdem

100 2306 133 2364 et
163 2321 248 2365 nunc
275 2301 347 2383 ipso
376 2299 505 2383 quidem
532 2299 602 2363 iure
630 2321 696 2364 non
725 2301 867 2382 amittet,
900 2303 954 2365 sed
983 2305 1117 2384 praetor

100 2392 231 2454 secutus
260 2389 442 2472 exemplum
469 2387 549 2452 iuris
573 2388 678 2453 civilis
702 2389 817 2453 utilem
841 2392 1002 2454 actionem
1025 2390 1116 2454 dabit

99 2477 291 2543 fructuario
329 2478 427 2541 etita
445 2478 520 2560 <ιιι>
538 2474 675 2542 Neratio
700 2482 732 2542 et
751 2477 900 2543 Aristoni
923 2478 1116 2546 videtur...

193 2565 238 2632 6¹³.
268 2565 305 2630 D.
322 2567 351 2649 7,
365 2567 396 2652 2,
410 2567 440 2649 3,
455 2567 484 2629 2.
529 2564 690 2649 Ulpianus
717 2566 801 2631 libro
830 2568 968 2652 septimo
992 2568 1117 2634 decimo

100 2655 143 2720 ad
168 2653 335 2720 Sabinum.
361 2690 399 2701 —
424 2653 502 2719 Non
525 2654 630 2719 solum
645 2704 653 2719 .
667 2705 675 2720 .
690 2654 719 2719 si
741 2655 867 2720 duobus
890 2678 968 2721 usus
991 2656 1117 2723 fructus

100 2746 245 2829 legetur,
273 2749 322 2807 est
349 2744 399 2808 ius
428 2743 647 2826 adcrescendi‚
675 2765 786 2808 verum
813 2749 846 2809 et
869 2747 897 2810 si
920 2746 1017 2810 alteri
1039 2768 1117 2811 usus

100 2832 237 2915 fructus,
259 2833 304 2896 alt
306 2834 351 2896 eri
374 2831 494 2898 fundus
518 2832 646 2917 legatus
671 2835 730 2914 est,
753 2840 882 2898 namet
902 2835 1023 2918 reliqua
1040 2837 1120 2902 sicut

100 2941 201 3006 crepta
228 2941 322 3002 cuque
348 2923 391 2986 ad
415 2924 525 3005 finem:
553 2921 654 2985 isdem
679 2926 712 2986 et
734 2943 818 2987 nunc
842 2924 986 3008 amittet3
1014 2927 1047 2989 et
1070 2925 1119 2988 ita

102 3015 137 3075 et
160 3010 296 3076 Neratio
321 3015 354 3074 et
376 3012 466 3074 Arist
452 3010 522 3074 toni
546 3009 740 3076 videtur...

196 3100 224 3163 7.
252 3097 292 3164 Ι).
308 3100 381 3178 7,8,
398 3101 448 3177 14
464 3101 492 3163 ι
538 3096 700 3181 Ulpianus
722 3059 807 3164 libro
831 3099 968 3183 septimo
993 3058 1117 3165 decimo

103 3189 145 3254 ad
165 3185 324 3252 Sabinum
348 3184 397 3274 (P.
412 3186 523 3272 2581).
546 3222 591 3233 -
614 3188 688 3252 ..si
706 3209 767 3252 usu
786 3187 894 3253 fructu
912 3190 1021 3273 legato
1041 3210 1118 3253 usus

102 3277 229 3342 adimat
231 3299 281 3357 ur,
305 3275 417 3341 Aristo
442 3276 556 3341 scribit
578 3276 700 3340 nullam
724 3297 794 3341 esse
817 3277 1066 3360 ademptionem.

195 3366 224 3432 8.
254 3364 292 3430 D.
314 3367 342 3448 7,
363 3367 391 3448 1,
411 3367 440 3450 7,
459 3367 488 3430 3.
535 3362 696 3448 Ulpianus
723 3365 807 3430 libro
831 3367 971 3448 septimo
995 3365 1118 3429 decimo

177 3565 191 3613 1
214 3558 277 3615 dou.
297 3573 358 3613 neo.
