2430 3944
139 186 203 251 196
221 185 267 243 ΙΠ.
278 184 355 240 GAII
365 182 510 239 CLAUDII
520 180 656 237 NERON.
667 179 812 236 GALBAE
823 179 931 236 ΤΕΜΡ.
941 179 1039 235 IURIS
1050 178 1150 234 CONS.

558 403 666 464 Liber
688 403 728 463 ΙΙ.

443 515 494 581 De
516 516 705 580 ornamentis
728 514 842 597 noetis.

227 626 255 690 1.
284 623 323 689 D.
349 623 400 706 34,
425 623 455 704 2,
479 621 509 686 5.
540 621 733 686 ‘Africanus
764 620 849 685 libro
879 619 1018 684 seeundo
1049 618 1151 695 Quae·

135 713 278 778 stionum
301 708 496 798 (P.11).—
515 709 612 794 Apud
631 709 791 775 Fufidium
811 706 1041 784 Quaestionum
1066 707 1151 774 libro

136 801 275 867 seeundo
298 801 346 864 ita
370 802 526 883 seriptum
552 802 615 863 est:
637 799 666 864 si
688 799 800 863 nniier
817 798 1014 862 inundaverit
1030 796 1096 878 iniri,
1118 801 1154 862 nt

134 891 195 956 soti
222 891 352 956 uniones
379 909 455 954 neiis
481 889 533 953 sni
560 908 655 953 oonso
677 907 801 967 emeres,
828 887 857 951 si
880 891 913 951 tn
932 890 1005 968 nost
1025 890 1154 951 norton

135 981 215 1065 eins,
242 999 311 1043 onon
332 983 463 1061 pretores
489 997 557 1042 eon
578 979 690 1060 ninere,
718 976 842 1061 enoris,
868 975 1040 1040 Atilicinus
1062 979 1154 1057 neunt

135 1088 197 1134 esso
216 1069 329 1150 nomios
346 1069 383 1146 ei,
405 1068 457 1132 oni
474 1067 587 1130 inertior
603 1069 651 1131 ito
669 1065 826 1150 donaverit:
849 1062 1053 1148 ornamento,
1075 1084 1154 1145 qnos

135 1178 204 1221 oneo
231 1176 327 1222 conso
350 1161 469 1238 parato
495 1161 568 1220 sunt
595 1153 746 1232 ernnioe';
779 1174 843 1218 non
865 1155 947 1218 enin
969 1154 1035 1218 eins
1056 1173 1155 1217 eumn

135 1247 234 1311 uideri
255 1250 375 1329 parato
401 1264 476 1323 esse,
503 1264 582 1327 qnae
607 1246 673 1308 ion
700 1247 823 1308 mortno
844 1263 881 1306 oo
904 1247 1004 1324 empto
1025 1242 1155 1322 sinerint.

507 1425 548 1480 Ex
566 1425 680 1481 incertis
698 1425 786 1480 libris.

318 1528 369 1593 De
391 1548 476 1593 seruo
493 1529 624 1610 proprio
647 1527 752 1591 herode
773 1526 969 1591 instituendo.

227 1644 256 1707 2.
282 1641 352 1708 Gai.
367 1643 397 1727 2,
418 1641 490 1707 154.
507 1679 546 1690 —
568 1692 598 1708 ..
619 1643 674 1727 qui
693 1642 866 1707 facultates
885 1663 960 1706 suas
985 1644 1155 1724 suspectas

137 1732 251 1817 habet,
287 1731 371 1796 solet
408 1752 535 1795 servum
573 1753 667 1795 suum
700 1731 805 1814 primo
839 1733 896 1795 aut
928 1730 1070 1794 seeundo
1105 1731 1156 1794 vel

138 1822 237 1886 etiam
264 1819 417 1885 ulteriore
446 1819 550 1905 gradu
577 1820 715 1885 liberum
744 1823 777 1884 et
801 1818 951 1883 heredem
974 1814 1157 1904 instituere,

138 1915 175 1975 ut
198 1910 227 1974 si
250 1908 462 1975 oreditoribus
487 1909 568 1972 satis
591 1929 656 1973 non
680 1907 753 1993 fiat,
775 1908 884 1991 potius
907 1907 1004 1971 huius
1027 1907 1156 1972 heredis

139 2021 236 2084 quam
265 1999 367 2083 ipsius
395 1998 560 2062 testatoris
583 1997 669 2062 bona
691 2000 842 2079 veneant,
870 1996 903 2060 id
927 2000 1037 2061 estut
1060 1996 1157 2079 igno·

140 2088 240 2153 minia
259 2108 340 2171 quae
360 2086 477 2152 eoeidit
496 2108 534 2150 ex
552 2087 738 2152 venditione
757 2086 925 2168 bonorum,
942 2085 1029 2149 hune
1043 2086 1156 2169 potius

138 2177 288 2241 heredem
309 2197 406 2260 quam
425 2175 532 2258 ipsum
552 2178 741 2244 testatorem
761 2174 939 2258 contingat,
958 2194 1157 2257 quamquam

139 2265 224 2349 apud
252 2264 414 2328 Fufidium
445 2261 564 2328 Sabino
594 2264 721 2346 placeat
753 2263 955 2327 eximendum
984 2284 1057 2326 eum
1086 2285 1157 2327 esse

139 2353 335 2439 ignominia,
368 2351 443 2436 quia
470 2373 534 2416 non
563 2373 621 2416 suo
649 2351 742 2436 vitio,
771 2351 827 2416 sed
854 2351 1048 2416 necessitate
1077 2352 1158 2416 iuris

138 2443 297 2507 bonorum
322 2439 540 2504 venditionem
563 2444 735 2524 pateretur.

268 2607 318 2673 Do
340 2609 583 2673 munnnissione
599 2629 659 2692 per
680 2610 850 2675 oindioionn
870 2609 1027 2690 faciendo.

229 2724 258 2788 3.
290 2723 328 2787 D.
351 2723 409 2803 40,
431 2724 466 2805 2,
488 2724 540 2789 25.
593 2723 694 2789 Gaius
725 2725 808 2790 libro
838 2723 943 2808 primo
975 2724 1013 2788 de
1043 2746 1159 2788 manu·

140 2812 351 2878 missionibus
373 2810 424 2900 (P.
437 2809 529 2899 477).
554 2849 588 2859 —-
616 2810 651 2878 si
673 2814 792 2878 tutoris
814 2812 957 2877 habendi
981 2834 1081 2878 eausa
1100 2836 1159 2897 pu·

140 2902 238 2985 pillus
257 2904 477 2986 manumittat,
494 2903 679 2985 probationi
700 2924 769 2966 esse
789 2924 920 2967 eausam
935 2900 1083 2966 Fufidius
1103 2904 1158 2968 ait.

230 3012 294 3074 Gai.
312 3016 340 3091 1,
355 3015 405 3074 38.
436 3008 553 3073 ‘eadem
571 3016 639 3090 lege
659 3006 714 3096 (se.
728 3013 817 3073 Aelia
836 3005 954 3095 Sentis)
973 3013 1084 3073 minori
1102 3015 1160 3073 XX

141 3120 287 3162 annorum
306 3104 424 3163 domino
442 3121 502 3162 non
521 3103 611 3162 aliter
627 3104 838 3162 manumittere
852 3102 1047 3179 permittitur,
1065 3122 1160 3180 quam

140 3191 273 3250 vindicta
303 3192 383 3266 apud
415 3190 572 3251 eonsilium
604 3191 686 3251 iusta
717 3209 807 3251 eausa
833 3191 1077 3252 manumissionis
1106 3193 1159 3251 ad-

140 3281 275 3356 probate.
325 3281 423 3339 iustae
455 3283 557 3340 antem
585 3299 692 3339 causae
719 3281 960 3339 manumissionis
989 3283 1059 3339 sunt
1083 3327 1091 3342 .
1111 3325 1118 3342 .
1139 3275 1157 3342 .'

141 3388 217 3444 quas
253 3370 332 3428 inter
368 3387 473 3428 eansas
509 3370 583 3428 haee
613 3371 692 3443 erat,
729 3362 767 3428 ‘si
799 3389 918 3430 servum
950 3370 1158 3444 procuratoris

81 3522 89 3537 Ο
141 3458 269 3517 habendi
288 3458 388 3534 gretia
406 3451 609 3517 manumittat'
631 3452 709 3535 (Gai.
726 3451 834 3538 1,1s),
854 3460 903 3517 oui
917 3457 1053 3518 Fufidius
1072 3459 1169 3518 illem‘

142 3546 291 3623 adiunxit,
315 3539 354 3606 ‘si
376 3547 487 3606 tutoris
509 3546 641 3605 habendi
662 3565 753 3606 eausa
774 3540 992 3609 manumittat’.
