2430 3944
155 169 224 234 414
260 170 293 225 V.
312 170 463 226 NERVAE
480 169 528 224 ΕΤ
547 170 701 224 ΤΒΑΙΑΝΙ
719 169 825 226 ΤΕΜΡ.
843 170 941 226 IURIS
960 169 1139 227 consum

155 335 229 399 isset
254 334 368 415 parari
390 334 510 414 peeoris
536 334 732 398 instrumenti
757 333 852 414 [bandi
879 354 987 418 eausa,
1018 335 1074 400 sed
1097 335 1171 417 quid

150 427 302 504 paratum
333 426 422 499 essen
456 442 519 486 non
551 423 633 486 enim
663 443 701 487 err
730 443 858 488 numera
890 427 946 487 aut
976 423 1171 490 multitudine

157 512 257 594 tmata
278 512 507 576 aestimandum
529 531 598 576 esse.
645 510 798 576 Labeonis
819 512 1002 576 sententiam
1018 512 1128 594 probo.

244 610 298 674 42.
327 608 364 673 Ι).
378 607 454 674 ibid.
469 611 489 688 ξ
507 609 534 674 1.
555 645 594 656 -
616 609 751 690 Quidam
773 629 843 674 eum
866 610 901 673 in
921 607 1022 690 fundo
1043 609 1170 693 Jiqbinm

155 697 289 776 baberet,
319 697 486 780 mulorum
517 717 610 780 opera
640 698 758 762 maiore
785 703 878 779 parte
908 698 989 762 anni
1020 700 1066 762 ad
1097 719 1171 781 opus

156 787 307 852 rnstieum
329 787 477 869 nitebatur,
500 786 609 850 deinde
630 787 695 851 eius
715 786 810 867 fundi
833 787 1077 852 instrumentum
1096 788 1170 870 lepa

155 880 250 940 verat.
288 875 390 940 Labeo
411 875 572 940 Trebatius
589 895 652 940 non
670 876 768 941 rideri
784 876 896 958 dputes
914 876 949 939 in
967 875 1172 942 instrumento

154 963 249 1044 fundi
271 984 340 1029 esse.

246 1063 298 1126 43.
326 1060 364 1126 D.
379 1061 455 1126 ibid.
470 1064 490 1141 ξ
505 1063 535 1126 2.
559 1097 602 1107 -
625 1059 706 1126 Item
728 1082 798 1127 aum
819 1062 1062 1126 instrumentum
1084 1083 1170 1133 omne

156 1150 290 1234 bepatum
307 1156 382 1216 esset
399 1155 516 1232 excepta
527 1171 645 1236 pecare,
657 1155 798 1233 pastores
816 1151 969 1234 ositiones,
988 1153 1087 1217 avitia
1100 1172 1169 1234 qno

155 1260 213 1321 que
235 1240 332 1322 bepato
354 1240 503 1304 contineri
528 1237 642 1322 Ofilius
663 1260 726 1304 non
748 1243 825 1304 reete
840 1243 944 1322 putat.

503 1440 550 1499 De
572 1441 691 1500 aedibus
714 1441 822 1514 lupatis.

245 1559 298 1622 44.
326 1557 431 1641 D.50,
447 1559 497 1641 16,
513 1560 587 1642 242,
605 1562 631 1623 l.
672 1557 842 1623 Iavolenus
867 1559 950 1623 libro
971 1559 1114 1624 seeundo
1134 1580 1168 1623 ex

156 1647 392 1732 posterioribus
412 1647 584 1712 Labeonis.
603 1683 646 1693 -
664 1647 752 1712 Inter
775 1646 964 1729 ‘proiectum'
987 1651 1017 1711 et
1039 1646 1168 1713 ‘immr's

156 1735 237 1801 snm'
264 1735 319 1800 boa
349 1736 490 1801 interesse
519 1737 567 1801 ait
592 1735 706 1818 Labeo,
738 1738 820 1818 quad
840 1737 1009 1818 proiectum
1038 1741 1115 1802 esset
1139 1737 1170 1801 id

156 1826 238 1907 quod
269 1826 317 1889 ita
336 1825 553 1907 proveheretur
581 1830 798 1907 utnusquam
824 1826 1031 1908 requiesceret,
1064 1825 1168 1907 quatio

156 1915 325 1978 maeniana
346 1917 376 1978 et
396 1915 589 1997 saqprundae
611 1919 722 1991 essent;
749 1914 924 1979 immissum
946 1918 1065 1999 autem,
1092 1913 1170 1996 qnod

156 2003 203 2067 ita
227 2005 324 2085 fieret,
351 2007 387 2067 ut
408 2004 513 2084 aliqua
537 2003 599 2068 toea
621 2003 823 2085 requiesceret,
846 2003 938 2067 ueluti
960 2005 1050 2085 tiqna
1073 2003 1168 2068 trabes

156 2112 236 2174 quae
258 2093 470 2157 inmitteretur.

245 2189 297 2254 45.
321 2188 358 2254 Ι).
374 2189 449 2254 ibid.
465 2192 484 2270 ξ
499 2190 528 2254 2.
547 2225 592 2235 -
611 2188 790 2273 Piumbnm,
807 2189 888 2271 quod
905 2189 1013 2271 tepubis
1032 2188 1167 2271 <inter·>

149 2283 324 2361 poneretur,
347 2279 481 2360 aedificii
499 2298 560 2343 esse
582 2280 630 2341 ait
646 2278 759 2360 Labeo,
782 2279 836 2343 sed
853 2279 893 2361 id,
911 2279 993 2358 quad
1009 2277 1168 2360 bppaetbri

157 2368 274 2449 tepeudi
295 2387 390 2432 rausa
409 2372 585 2449 poneretur,
608 2371 714 2432 eontra
731 2387 801 2433 esse.

245 2464 297 2528 46.
335 2464 373 2528 D.
393 2464 468 2532 ibid.
487 2466 508 2544 §s
526 2466 555 2530 4.
591 2501 629 2511 —
664 2463 843 2529 Straturam
875 2464 933 2528 baei
966 2464 1103 2530 alieuius
1133 2483 1167 2528 eo

157 2552 270 2618 tabulis
285 2553 404 2635 fartam
411 2551 432 2632 ¹,
449 2575 527 2636 qnae
545 2559 657 2620 aestate
676 2554 849 2618 tollerartur
867 2557 896 2616 et
912 2552 1009 2616 bieme
1024 2573 1167 2634 ponerer·

156 2646 215 2724 tur,
251 2642 375 2706 aedium
411 2663 471 2708 esse
506 2645 554 2706 ait
588 2642 703 2721 Labeo,
738 2642 885 2724 quoniam
916 2643 1061 2723 perpetui
1096 2660 1167 2706 usus

16 2823 18 2828 Ι
149 2735 292 2883 Zazata}
316 2736 427 2808 esseut·
460 2752 554 2814 neque
585 2733 718 2797 adrem
741 2731 906 2812 pertinere,
937 2731 1020 2812 quad
1047 2731 1167 2796 interim

223 2840 338 2882 renur.

160 2960 161 2970 η
246 2916 296 2982 47.
322 2916 359 2981 Ι).
380 2918 432 3000 32,
446 2919 498 3002 30,
513 2919 542 2983 6.
572 2916 680 2982 Labeo
696 2918 779 2982 libro
794 2916 935 2982 seeundo
950 2917 1165 3001 posteriorum
1209 2914 1211 2923 '

157 3004 354 3093 adaroleno
378 3008 637 3091 epitomatorum.
662 3005 756 3071 -Si
778 3007 864 3070 aedes
886 3006 1009 3070 alienas
1026 3011 1064 3070 ut
1079 3007 1166 3071 dares
1209 3018 1211 3119 t

155 3094 360 3178 damna[tu]s
385 3097 429 3161 sis
455 3116 550 3178 neque
576 3115 628 3160 eas
654 3095 721 3160 ubba
749 3095 922 3160 condicione
945 3115 1042 3159 emere
1058 3095 1165 3177 passis,
1209 3124 1211 3129 ·

156 3184 319 3249 aestimare
344 3185 475 3250 iudicem
503 3188 636 3266 oportere
663 3185 773 3248 Ateius
799 3184 916 3268 seribit,
944 3185 1059 3265 quanti
1082 3184 1165 3248 aede

155 3274 231 3357 sint,
258 3279 294 3337 ut
312 3276 415 3356 pretio
442 3275 539 3338 saluto
561 3273 651 3342 bores,
668 3272 818 3338 biberetur.
864 3274 1002 3354 idemque
1024 3273 1105 3337 iuris
1125 3272 1168 3336 est
1209 3282 1211 3291 '

155 3363 246 3444 etsi,
268 3361 380 3447 <eum>
397 3363 548 3453 potuisses
570 3382 679 3441 emere,
701 3382 764 3426 nan
786 3361 901 3426 emeris.

229 3551 244 3599 t
263 3546 311 3600 Ft.
330 3545 420 3600 iactis.
