<?xml version="1.0" encoding="UTF-8"?>
<!DOCTYPE html PUBLIC "-//W3C//DTD XHTML 1.0 Transitional//EN"
    "http://www.w3.org/TR/xhtml1/DTD/xhtml1-transitional.dtd">
<html xmlns="http://www.w3.org/1999/xhtml" xml:lang="en" lang="en">
 <head>
  <title>
</title>
<meta http-equiv="Content-Type" content="text/html;charset=utf-8" />
  <meta name='ocr-system' content='tesseract 3.04.00' />
  <meta name='ocr-capabilities' content='ocr_page ocr_carea ocr_par ocr_line ocrx_word'/>
</head>
<body>
  <div class='ocr_page' id='page_1' title='image "./iurisprudentiae02bremgoog_0475.png"; bbox 0 0 2430 3944; ppageno 0'>
   <div class='ocr_carea' id='block_1_1' title="bbox 149 173 1136 242">
    <p class='ocr_par' dir='ltr' id='par_1_1' title="bbox 149 173 1136 242">
     <span class='ocr_line' id='line_1_1' title="bbox 149 173 1136 242; baseline 0.003 -12"><span class='ocrx_word' id='word_1_1' title='bbox 149 175 217 242; x_wconf 81' lang='grc'>442</span> <span class='ocrx_word' id='word_1_2' title='bbox 253 175 286 233; x_wconf 91' lang='lat' dir='ltr'>V.</span> <span class='ocrx_word' id='word_1_3' title='bbox 305 175 455 230; x_wconf 76' lang='lat' dir='ltr'>NERVAE</span> <span class='ocrx_word' id='word_1_4' title='bbox 474 175 522 231; x_wconf 84' lang='grc' dir='ltr'>ΕΤ</span> <span class='ocrx_word' id='word_1_5' title='bbox 540 175 694 231; x_wconf 84' lang='lat' dir='ltr'><strong>TRAIANI</strong></span> <span class='ocrx_word' id='word_1_6' title='bbox 710 173 821 231; x_wconf 81' lang='grc' dir='ltr'><strong>ΤΕΜΡ.</strong></span> <span class='ocrx_word' id='word_1_7' title='bbox 839 174 937 231; x_wconf 83' lang='lat' dir='ltr'>IURIS</span> <span class='ocrx_word' id='word_1_8' title='bbox 955 174 1136 233; x_wconf 69' lang='lat' dir='ltr'>consum</span> 
     </span>
    </p>
   </div>
   <div class='ocr_carea' id='block_1_2' title="bbox 148 339 1160 513">
    <p class='ocr_par' dir='ltr' id='par_1_2' title="bbox 148 339 1160 513">
     <span class='ocr_line' id='line_1_2' title="bbox 149 339 1160 425; baseline 0.003 -21"><span class='ocrx_word' id='word_1_9' title='bbox 149 339 274 421; x_wconf 78' lang='lat' dir='ltr'>debitur,</span> <span class='ocrx_word' id='word_1_10' title='bbox 296 339 372 422; x_wconf 81' lang='lat' dir='ltr'>quia</span> <span class='ocrx_word' id='word_1_11' title='bbox 393 339 461 404; x_wconf 89' lang='lat' dir='ltr'>sine</span> <span class='ocrx_word' id='word_1_12' title='bbox 481 339 530 404; x_wconf 81' lang='lat' dir='ltr'>nts</span> <span class='ocrx_word' id='word_1_13' title='bbox 548 339 594 404; x_wconf 84' lang='lat' dir='ltr'>aii</span> <span class='ocrx_word' id='word_1_14' title='bbox 611 359 721 422; x_wconf 79' lang='lat' dir='ltr'>cerpus</span> <span class='ocrx_word' id='word_1_15' title='bbox 739 360 802 405; x_wconf 87' lang='lat' dir='ltr'>nan</span> <span class='ocrx_word' id='word_1_16' title='bbox 815 344 922 422; x_wconf 85' lang='lat' dir='ltr'>potest.</span> <span class='ocrx_word' id='word_1_17' title='bbox 968 345 1069 406; x_wconf 79' lang='lat' dir='ltr'>cetera</span> <span class='ocrx_word' id='word_1_18' title='bbox 1088 360 1160 425; x_wconf 80' lang='lat' dir='ltr'>puae</span> 
     </span>
     <span class='ocr_line' id='line_1_3' title="bbox 148 424 1012 513; baseline 0.002 -21"><span class='ocrx_word' id='word_1_19' title='bbox 148 429 193 493; x_wconf 93' lang='lat' dir='ltr'>ad</span> <span class='ocrx_word' id='word_1_20' title='bbox 212 429 409 512; x_wconf 79' lang='lat' dir='ltr'><em>disciplinam</em></span> <span class='ocrx_word' id='word_1_21' title='bbox 431 429 584 510; x_wconf 77' lang='lat' dir='ltr'><em>pertinent</em></span> <span class='ocrx_word' id='word_1_22' title='bbox 605 428 701 513; x_wconf 74' lang='lat' dir='ltr'>npetu</span> <span class='ocrx_word' id='word_1_23' title='bbox 723 449 786 494; x_wconf 91' lang='lat' dir='ltr'>nan</span> <span class='ocrx_word' id='word_1_24' title='bbox 808 424 1012 495; x_wconf 85' lang='lat' dir='ltr'>eontinentur.</span> 
     </span>
    </p>
   </div>
   <div class='ocr_carea' id='block_1_3' title="bbox 379 593 939 668">
    <p class='ocr_par' dir='ltr' id='par_1_3' title="bbox 379 593 939 668">
     <span class='ocr_line' id='line_1_4' title="bbox 379 593 939 668; baseline 0.002 -15"><span class='ocrx_word' id='word_1_25' title='bbox 379 594 427 653; x_wconf 87' lang='lat' dir='ltr'>De</span> <span class='ocrx_word' id='word_1_26' title='bbox 449 594 550 668; x_wconf 81' lang='lat' dir='ltr'>tepetis</span> <span class='ocrx_word' id='word_1_27' title='bbox 570 594 610 654; x_wconf 88' lang='lat' dir='ltr'>iis</span> <span class='ocrx_word' id='word_1_28' title='bbox 631 610 705 668; x_wconf 79' lang='lat' dir='ltr'>prae</span> <span class='ocrx_word' id='word_1_29' title='bbox 726 593 841 654; x_wconf 85' lang='lat' dir='ltr'>Rornae</span> <span class='ocrx_word' id='word_1_30' title='bbox 862 598 939 654; x_wconf 86' lang='lat' dir='ltr'>sant.</span> 
     </span>
    </p>
   </div>
   <div class='ocr_carea' id='block_1_4' title="bbox 147 701 1162 1035">
    <p class='ocr_par' dir='ltr' id='par_1_4' title="bbox 147 701 1162 1035">
     <span class='ocr_line' id='line_1_5' title="bbox 241 701 1160 789; baseline 0.003 -21"><span class='ocrx_word' id='word_1_31' title='bbox 241 704 291 768; x_wconf 87' lang='lat'>11.</span> <span class='ocrx_word' id='word_1_32' title='bbox 314 702 353 768; x_wconf 92' lang='lat' dir='ltr'>D.</span> <span class='ocrx_word' id='word_1_33' title='bbox 367 703 420 789; x_wconf 79' lang='lat'>32,</span> <span class='ocrx_word' id='word_1_34' title='bbox 435 704 487 770; x_wconf 90' lang='grc'>84.</span> <span class='ocrx_word' id='word_1_35' title='bbox 527 701 698 768; x_wconf 82' lang='lat' dir='ltr'>Iavolenus</span> <span class='ocrx_word' id='word_1_36' title='bbox 716 703 800 770; x_wconf 89' lang='lat' dir='ltr'>libro</span> <span class='ocrx_word' id='word_1_37' title='bbox 820 703 960 769; x_wconf 85' lang='lat' dir='ltr'>seeundo</span> <span class='ocrx_word' id='word_1_38' title='bbox 980 726 1020 770; x_wconf 82' lang='lat' dir='ltr'>ex</span> <span class='ocrx_word' id='word_1_39' title='bbox 1039 702 1160 771; x_wconf 80' lang='lat' dir='ltr'>Cassio.</span> 
     </span>
     <span class='ocr_line' id='line_1_6' title="bbox 149 791 1162 878; baseline 0.002 -20"><span class='ocrx_word' id='word_1_40' title='bbox 149 828 192 839; x_wconf 94' lang='lat'>—</span> <span class='ocrx_word' id='word_1_41' title='bbox 217 791 277 858; x_wconf 84' lang='lat' dir='ltr'>Oui</span> <span class='ocrx_word' id='word_1_42' title='bbox 302 813 380 874; x_wconf 80' lang='lat' dir='ltr'>qnae</span> <span class='ocrx_word' id='word_1_43' title='bbox 406 791 524 857; x_wconf 82' lang='lat' dir='ltr'>Rornae</span> <span class='ocrx_word' id='word_1_44' title='bbox 550 797 647 857; x_wconf 87' lang='lat' dir='ltr'>essent</span> <span class='ocrx_word' id='word_1_45' title='bbox 673 793 771 874; x_wconf 80' lang='lat' dir='ltr'>tepatn</span> <span class='ocrx_word' id='word_1_46' title='bbox 797 797 883 878; x_wconf 87' lang='lat' dir='ltr'>sunt,</span> <span class='ocrx_word' id='word_1_47' title='bbox 909 793 939 858; x_wconf 89' lang='lat' dir='ltr'>ei</span> <span class='ocrx_word' id='word_1_48' title='bbox 965 794 1062 858; x_wconf 89' lang='lat' dir='ltr'>etiarn</span> <span class='ocrx_word' id='word_1_49' title='bbox 1089 814 1162 876; x_wconf 80' lang='lat' dir='ltr'>quae</span> 
     </span>
     <span class='ocr_line' id='line_1_7' title="bbox 147 880 1161 1035; baseline 0.003 -89"><span class='ocrx_word' id='word_1_50' title='bbox 147 881 302 1035; x_wconf 45' lang='grc' dir='ltr'>Ἠῶανε</span> <span class='ocrx_word' id='word_1_51' title='bbox 333 901 427 947; x_wconf 70' lang='lat' dir='ltr'>euna</span> <span class='ocrx_word' id='word_1_52' title='bbox 458 882 493 946; x_wconf 91' lang='lat' dir='ltr'>in</span> <span class='ocrx_word' id='word_1_53' title='bbox 524 880 642 947; x_wconf 77' lang='lat' dir='ltr'><em>horreis</em></span> <span class='ocrx_word' id='word_1_54' title='bbox 672 884 762 947; x_wconf 86' lang='lat' dir='ltr'>entra</span> <span class='ocrx_word' id='word_1_55' title='bbox 790 881 895 946; x_wconf 80' lang='lat' dir='ltr'>urbem</span> <span class='ocrx_word' id='word_1_56' title='bbox 921 883 1057 964; x_wconf 85' lang='lat' dir='ltr'>reposita</span> <span class='ocrx_word' id='word_1_57' title='bbox 1085 887 1161 968; x_wconf 88' lang='lat' dir='ltr'>suut,</span> 
     </span>
    </p>
   </div>
   <div class='ocr_carea' id='block_1_5' title="bbox 370 1056 939 1138">
    <p class='ocr_par' dir='ltr' id='par_1_5' title="bbox 370 1056 939 1138">
     <span class='ocr_line' id='line_1_8' title="bbox 370 1056 939 1138; baseline 0.004 -16"><span class='ocrx_word' id='word_1_58' title='bbox 370 1063 417 1123; x_wconf 91' lang='lat' dir='ltr'>De</span> <span class='ocrx_word' id='word_1_59' title='bbox 439 1065 540 1138; x_wconf 76' lang='lat' dir='ltr'>tepetis</span> <span class='ocrx_word' id='word_1_60' title='bbox 562 1064 616 1124; x_wconf 82' lang='lat' dir='ltr'>snb</span> <span class='ocrx_word' id='word_1_61' title='bbox 638 1056 801 1124; x_wconf 79' lang='lat' dir='ltr'>endtnone</span> <span class='ocrx_word' id='word_1_62' title='bbox 822 1064 939 1124; x_wconf 85' lang='lat' dir='ltr'>retiatis.</span> 
     </span>
    </p>
   </div>
   <div class='ocr_carea' id='block_1_6' title="bbox 142 1172 1162 2854">
    <p class='ocr_par' dir='ltr' id='par_1_6' title="bbox 148 1172 1161 1612">
     <span class='ocr_line' id='line_1_9' title="bbox 241 1172 1161 1257; baseline 0 -18"><span class='ocrx_word' id='word_1_63' title='bbox 241 1175 289 1239; x_wconf 79' lang='lat'>12.</span> <span class='ocrx_word' id='word_1_64' title='bbox 314 1173 354 1240; x_wconf 92' lang='lat' dir='ltr'>D.</span> <span class='ocrx_word' id='word_1_65' title='bbox 365 1172 417 1257; x_wconf 82' lang='lat'>35,</span> <span class='ocrx_word' id='word_1_66' title='bbox 429 1175 457 1256; x_wconf 89' lang='lat'>1,</span> <span class='ocrx_word' id='word_1_67' title='bbox 467 1174 518 1239; x_wconf 88' lang='grc'>68.</span> <span class='ocrx_word' id='word_1_68' title='bbox 550 1173 723 1239; x_wconf 81' lang='lat' dir='ltr'>Iavolenus</span> <span class='ocrx_word' id='word_1_69' title='bbox 737 1172 822 1238; x_wconf 89' lang='lat' dir='ltr'>libro</span> <span class='ocrx_word' id='word_1_70' title='bbox 836 1172 976 1239; x_wconf 85' lang='lat' dir='ltr'>seeundo</span> <span class='ocrx_word' id='word_1_71' title='bbox 991 1195 1031 1239; x_wconf 82' lang='lat' dir='ltr'>ex</span> <span class='ocrx_word' id='word_1_72' title='bbox 1041 1172 1161 1240; x_wconf 79' lang='lat' dir='ltr'>Cassio.</span> 
     </span>
     <span class='ocr_line' id='line_1_10' title="bbox 148 1259 1161 1348; baseline 0.002 -22"><span class='ocrx_word' id='word_1_73' title='bbox 148 1299 192 1310; x_wconf 89' lang='lat'>—</span> <span class='ocrx_word' id='word_1_74' title='bbox 216 1259 250 1326; x_wconf 86' lang='lat' dir='ltr'>Si</span> <span class='ocrx_word' id='word_1_75' title='bbox 269 1264 317 1327; x_wconf 79' lang='lat' dir='ltr'>ita</span> <span class='ocrx_word' id='word_1_76' title='bbox 337 1264 480 1347; x_wconf 81' lang='lat' dir='ltr'>legatum</span> <span class='ocrx_word' id='word_1_77' title='bbox 499 1266 584 1327; x_wconf 82' lang='lat' dir='ltr'>esset</span> <span class='ocrx_word' id='word_1_78' title='bbox 602 1262 710 1346; x_wconf 84' lang='lat'><strong>&lt;...&gt;</strong></span> <span class='ocrx_word' id='word_1_79' title='bbox 724 1261 809 1328; x_wconf 77' lang='lat' dir='ltr'>‘eum</span> <span class='ocrx_word' id='word_1_80' title='bbox 827 1261 994 1347; x_wconf 85' lang='lat' dir='ltr'>nubserit&#39;,</span> <span class='ocrx_word' id='word_1_81' title='bbox 1016 1263 1045 1327; x_wconf 91' lang='lat' dir='ltr'>si</span> <span class='ocrx_word' id='word_1_82' title='bbox 1063 1268 1161 1348; x_wconf 82' lang='lat' dir='ltr'>nuptu</span> 
     </span>
     <span class='ocr_line' id='line_1_11' title="bbox 149 1350 1161 1432; baseline -0.001 -15"><span class='ocrx_word' id='word_1_83' title='bbox 149 1351 248 1417; x_wconf 86' lang='lat' dir='ltr'>fuerit</span> <span class='ocrx_word' id='word_1_84' title='bbox 277 1354 311 1415; x_wconf 88' lang='lat' dir='ltr'>et</span> <span class='ocrx_word' id='word_1_85' title='bbox 336 1351 399 1416; x_wconf 84' lang='lat' dir='ltr'>hoe</span> <span class='ocrx_word' id='word_1_86' title='bbox 426 1353 567 1416; x_wconf 83' lang='lat' dir='ltr'>testator</span> <span class='ocrx_word' id='word_1_87' title='bbox 595 1352 723 1432; x_wconf 78' lang='lat' dir='ltr'>scisset,</span> <span class='ocrx_word' id='word_1_88' title='bbox 756 1352 894 1415; x_wconf 85' lang='lat' dir='ltr'>alterum</span> <span class='ocrx_word' id='word_1_89' title='bbox 917 1350 1161 1418; x_wconf 83' lang='lat' dir='ltr'>mutrimanium</span> 
     </span>
     <span class='ocr_line' id='line_1_12' title="bbox 148 1435 1160 1524; baseline 0 -18"><span class='ocrx_word' id='word_1_90' title='bbox 148 1437 228 1506; x_wconf 86' lang='lat' dir='ltr'>esse1</span> <span class='ocrx_word' id='word_1_91' title='bbox 264 1439 514 1524; x_wconf 81' lang='lat' dir='ltr'>exspectandum</span> <span class='ocrx_word' id='word_1_92' title='bbox 550 1439 695 1524; x_wconf 80' lang='lat' dir='ltr'><strong>nihilque</strong></span> <span class='ocrx_word' id='word_1_93' title='bbox 726 1435 910 1519; x_wconf 79' lang='lat' dir='ltr'>interesse²,</span> <span class='ocrx_word' id='word_1_94' title='bbox 948 1443 1059 1504; x_wconf 87' lang='lat' dir='ltr'>utrum</span> <span class='ocrx_word' id='word_1_95' title='bbox 1093 1441 1160 1506; x_wconf 84' lang='lat' dir='ltr'>viva</span> 
     </span>
     <span class='ocr_line' id='line_1_13' title="bbox 149 1528 1012 1612; baseline 0.001 -20"><span class='ocrx_word' id='word_1_96' title='bbox 149 1531 305 1593; x_wconf 80' lang='lat' dir='ltr'>testatore</span> <span class='ocrx_word' id='word_1_97' title='bbox 329 1550 371 1592; x_wconf 83' lang='lat' dir='ltr'>an</span> <span class='ocrx_word' id='word_1_98' title='bbox 394 1532 470 1612; x_wconf 89' lang='lat' dir='ltr'>post</span> <span class='ocrx_word' id='word_1_99' title='bbox 493 1532 630 1593; x_wconf 87' lang='lat' dir='ltr'>mortem</span> <span class='ocrx_word' id='word_1_100' title='bbox 654 1549 692 1592; x_wconf 81' lang='lat' dir='ltr'>en</span> <span class='ocrx_word' id='word_1_101' title='bbox 714 1528 834 1593; x_wconf 86' lang='lat' dir='ltr'>iterum</span> <span class='ocrx_word' id='word_1_102' title='bbox 856 1528 1012 1593; x_wconf 85' lang='lat' dir='ltr'>nubserit.</span> 
     </span>
    </p>

    <p class='ocr_par' dir='ltr' id='par_1_7' title="bbox 142 1615 1162 2499">
     <span class='ocr_line' id='line_1_14' title="bbox 240 1615 1161 1700; baseline -0.002 -18"><span class='ocrx_word' id='word_1_103' title='bbox 240 1616 290 1682; x_wconf 87' lang='lat'>13.</span> <span class='ocrx_word' id='word_1_104' title='bbox 318 1615 357 1681; x_wconf 91' lang='lat' dir='ltr'>D.</span> <span class='ocrx_word' id='word_1_105' title='bbox 376 1617 428 1699; x_wconf 84' lang='lat'>35,</span> <span class='ocrx_word' id='word_1_106' title='bbox 449 1619 477 1700; x_wconf 89' lang='lat'>1,</span> <span class='ocrx_word' id='word_1_107' title='bbox 496 1617 592 1700; x_wconf 80' lang='lat' dir='ltr'>54pr.</span> <span class='ocrx_word' id='word_1_108' title='bbox 642 1615 814 1681; x_wconf 82' lang='lat' dir='ltr'>Iavolenus</span> <span class='ocrx_word' id='word_1_109' title='bbox 842 1616 926 1681; x_wconf 89' lang='lat' dir='ltr'>libro</span> <span class='ocrx_word' id='word_1_110' title='bbox 955 1617 1099 1683; x_wconf 85' lang='lat' dir='ltr'>seeundo</span> <span class='ocrx_word' id='word_1_111' title='bbox 1127 1638 1161 1682; x_wconf 85' lang='lat' dir='ltr'>ex</span> 
     </span>
     <span class='ocr_line' id='line_1_15' title="bbox 149 1703 1161 1789; baseline 0.001 -18"><span class='ocrx_word' id='word_1_112' title='bbox 149 1703 272 1771; x_wconf 81' lang='lat' dir='ltr'>Cassio.</span> <span class='ocrx_word' id='word_1_113' title='bbox 294 1740 331 1750; x_wconf 95' lang='lat'>-</span> <span class='ocrx_word' id='word_1_114' title='bbox 353 1705 391 1770; x_wconf 77' lang='lat' dir='ltr'>st</span> <span class='ocrx_word' id='word_1_115' title='bbox 412 1707 482 1788; x_wconf 80' lang='lat' dir='ltr'>quis</span> <span class='ocrx_word' id='word_1_116' title='bbox 500 1706 608 1787; x_wconf 79' lang='lat' dir='ltr'>inputa,</span> <span class='ocrx_word' id='word_1_117' title='bbox 631 1706 740 1787; x_wconf 77' lang='lat' dir='ltr'>quibus</span> <span class='ocrx_word' id='word_1_118' title='bbox 757 1707 822 1770; x_wconf 88' lang='lat' dir='ltr'>dies</span> <span class='ocrx_word' id='word_1_119' title='bbox 839 1706 982 1787; x_wconf 88' lang='lat' dir='ltr'>adposita</span> <span class='ocrx_word' id='word_1_120' title='bbox 999 1727 1065 1771; x_wconf 86' lang='lat' dir='ltr'>nen</span> <span class='ocrx_word' id='word_1_121' title='bbox 1083 1711 1161 1789; x_wconf 79' lang='lat' dir='ltr'>asset,</span> 
     </span>
     <span class='ocr_line' id='line_1_16' title="bbox 148 1793 1161 1877; baseline 0.001 -19"><span class='ocrx_word' id='word_1_122' title='bbox 148 1814 257 1859; x_wconf 91' lang='lat' dir='ltr'>annua</span> <span class='ocrx_word' id='word_1_123' title='bbox 279 1794 364 1859; x_wconf 86' lang='lat' dir='ltr'>bina</span> <span class='ocrx_word' id='word_1_124' title='bbox 387 1797 481 1858; x_wconf 88' lang='lat' dir='ltr'>trima</span> <span class='ocrx_word' id='word_1_125' title='bbox 503 1795 553 1860; x_wconf 91' lang='lat' dir='ltr'>die</span> <span class='ocrx_word' id='word_1_126' title='bbox 574 1796 647 1860; x_wconf 89' lang='lat' dir='ltr'>dari</span> <span class='ocrx_word' id='word_1_127' title='bbox 668 1795 762 1859; x_wconf 83' lang='lat' dir='ltr'>iussit</span> <span class='ocrx_word' id='word_1_128' title='bbox 782 1799 810 1858; x_wconf 91' lang='lat' dir='ltr'>et</span> <span class='ocrx_word' id='word_1_129' title='bbox 831 1795 940 1876; x_wconf 83' lang='lat' dir='ltr'>atiani,</span> <span class='ocrx_word' id='word_1_130' title='bbox 970 1793 1051 1859; x_wconf 72' lang='lat' dir='ltr'>‘euru</span> <span class='ocrx_word' id='word_1_131' title='bbox 1069 1795 1161 1877; x_wconf 82' lang='lat' dir='ltr'>putes</span> 
     </span>
     <span class='ocr_line' id='line_1_17' title="bbox 148 1882 1160 1966; baseline 0.001 -18"><span class='ocrx_word' id='word_1_132' title='bbox 148 1882 243 1965; x_wconf 86' lang='lat' dir='ltr'>esset&#39;,</span> <span class='ocrx_word' id='word_1_133' title='bbox 267 1885 431 1965; x_wconf 86' lang='lat' dir='ltr'>peruniarn</span> <span class='ocrx_word' id='word_1_134' title='bbox 454 1885 576 1966; x_wconf 82' lang='lat' dir='ltr'>depavit,</span> <span class='ocrx_word' id='word_1_135' title='bbox 599 1885 634 1948; x_wconf 91' lang='lat' dir='ltr'>id</span> <span class='ocrx_word' id='word_1_136' title='bbox 654 1903 770 1965; x_wconf 77' lang='lat' dir='ltr'>quoqne</span> <span class='ocrx_word' id='word_1_137' title='bbox 793 1883 924 1965; x_wconf 57' lang='lat' dir='ltr'>aarum</span> <span class='ocrx_word' id='word_1_138' title='bbox 947 1904 1058 1949; x_wconf 90' lang='lat' dir='ltr'>annua</span> <span class='ocrx_word' id='word_1_139' title='bbox 1082 1885 1160 1949; x_wconf 83' lang='lat' dir='ltr'>birra</span> 
     </span>
     <span class='ocr_line' id='line_1_18' title="bbox 149 1972 1162 2056; baseline -0.001 -18"><span class='ocrx_word' id='word_1_140' title='bbox 149 1973 245 2038; x_wconf 89' lang='lat' dir='ltr'>trirna</span> <span class='ocrx_word' id='word_1_141' title='bbox 267 1973 316 2036; x_wconf 91' lang='lat' dir='ltr'>die</span> <span class='ocrx_word' id='word_1_142' title='bbox 331 1978 404 2054; x_wconf 89' lang='lat' dir='ltr'>post</span> <span class='ocrx_word' id='word_1_143' title='bbox 419 1973 612 2055; x_wconf 79' lang='lat' dir='ltr'>pubertatem</span> <span class='ocrx_word' id='word_1_144' title='bbox 628 1973 855 2056; x_wconf 82' lang='lat' dir='ltr'>praestandum</span> <span class='ocrx_word' id='word_1_145' title='bbox 877 1991 939 2036; x_wconf 86' lang='lat' dir='ltr'>esse</span> <span class='ocrx_word' id='word_1_146' title='bbox 960 1972 996 2036; x_wconf 92' lang='lat' dir='ltr'>in</span> <span class='ocrx_word' id='word_1_147' title='bbox 1015 1993 1162 2048; x_wconf 79' lang='lat' dir='ltr'>commen</span> 
     </span>
     <span class='ocr_line' id='line_1_19' title="bbox 149 2059 1161 2146; baseline 0 -20"><span class='ocrx_word' id='word_1_148' title='bbox 149 2062 241 2126; x_wconf 87' lang='lat' dir='ltr'>tariis</span> <span class='ocrx_word' id='word_1_149' title='bbox 261 2059 340 2126; x_wconf 78' lang='lat' dir='ltr'>Gaii</span> <span class='ocrx_word' id='word_1_150' title='bbox 361 2063 509 2143; x_wconf 84' lang='lat' dir='ltr'>seriptum</span> <span class='ocrx_word' id='word_1_151' title='bbox 532 2065 583 2146; x_wconf 88' lang='lat' dir='ltr'>est,</span> <span class='ocrx_word' id='word_1_152' title='bbox 606 2062 681 2142; x_wconf 77' lang='lat' dir='ltr'>qnia</span> <span class='ocrx_word' id='word_1_153' title='bbox 703 2062 803 2143; x_wconf 84' lang='lat' dir='ltr'>nrapis</span> <span class='ocrx_word' id='word_1_154' title='bbox 824 2061 959 2125; x_wconf 73' lang='lat' dir='ltr'>andieio</span> <span class='ocrx_word' id='word_1_155' title='bbox 981 2081 1078 2142; x_wconf 81' lang='lat' dir='ltr'>qnam</span> <span class='ocrx_word' id='word_1_156' title='bbox 1101 2063 1161 2127; x_wconf 81' lang='lat' dir='ltr'>dies</span> 
     </span>
     <span class='ocr_line' id='line_1_20' title="bbox 149 2150 1161 2233; baseline 0.001 -18"><span class='ocrx_word' id='word_1_157' title='bbox 149 2151 244 2233; x_wconf 82' lang='lat' dir='ltr'>tepata</span> <span class='ocrx_word' id='word_1_158' title='bbox 276 2151 395 2215; x_wconf 79' lang='lat' dir='ltr'>adiecta</span> <span class='ocrx_word' id='word_1_159' title='bbox 426 2155 507 2215; x_wconf 84' lang='lat' dir='ltr'>esset.</span> <span class='ocrx_word' id='word_1_160' title='bbox 556 2154 663 2215; x_wconf 85' lang='lat' dir='ltr'>eontra</span> <span class='ocrx_word' id='word_1_161' title='bbox 690 2170 741 2231; x_wconf 82' lang='lat' dir='ltr'>epo</span> <span class='ocrx_word' id='word_1_162' title='bbox 767 2150 874 2232; x_wconf 90' lang='lat' dir='ltr'>sentio,</span> <span class='ocrx_word' id='word_1_163' title='bbox 908 2150 984 2231; x_wconf 77' lang='lat' dir='ltr'>quia</span> <span class='ocrx_word' id='word_1_164' title='bbox 1008 2151 1076 2232; x_wconf 81' lang='lat' dir='ltr'>fere</span> <span class='ocrx_word' id='word_1_165' title='bbox 1102 2153 1161 2216; x_wconf 82' lang='lat' dir='ltr'>dies</span> 
     </span>
     <span class='ocr_line' id='line_1_21' title="bbox 142 2239 1161 2322; baseline 0.002 -19"><span class='ocrx_word' id='word_1_166' title='bbox 142 2241 275 2322; x_wconf 90' lang='lat' dir='ltr'>panitur</span> <span class='ocrx_word' id='word_1_167' title='bbox 292 2239 336 2303; x_wconf 92' lang='lat' dir='ltr'>ad</span> <span class='ocrx_word' id='word_1_168' title='bbox 349 2241 549 2322; x_wconf 81' lang='lat' dir='ltr'>prorepanda</span> <span class='ocrx_word' id='word_1_169' title='bbox 566 2260 611 2317; x_wconf 92' lang='lat' dir='ltr'>ea,</span> <span class='ocrx_word' id='word_1_170' title='bbox 633 2259 712 2320; x_wconf 78' lang='lat' dir='ltr'>quae</span> <span class='ocrx_word' id='word_1_171' title='bbox 730 2239 932 2321; x_wconf 89' lang='lat' dir='ltr'>adpraesens</span> <span class='ocrx_word' id='word_1_172' title='bbox 950 2243 1080 2322; x_wconf 88' lang='lat' dir='ltr'>ternpus,</span> <span class='ocrx_word' id='word_1_173' title='bbox 1103 2259 1161 2305; x_wconf 89' lang='lat' dir='ltr'>non</span> 
     </span>
     <span class='ocr_line' id='line_1_22' title="bbox 148 2327 1161 2410; baseline 0 -17"><span class='ocrx_word' id='word_1_174' title='bbox 148 2329 242 2393; x_wconf 84' lang='lat' dir='ltr'>etianr</span> <span class='ocrx_word' id='word_1_175' title='bbox 269 2349 347 2409; x_wconf 78' lang='lat' dir='ltr'>puae</span> <span class='ocrx_word' id='word_1_176' title='bbox 375 2329 578 2409; x_wconf 84' lang='lat' dir='ltr'>infuturum</span> <span class='ocrx_word' id='word_1_177' title='bbox 605 2328 705 2410; x_wconf 79' lang='lat' dir='ltr'>tapeta</span> <span class='ocrx_word' id='word_1_178' title='bbox 731 2333 816 2410; x_wconf 90' lang='lat' dir='ltr'>sunt,</span> <span class='ocrx_word' id='word_1_179' title='bbox 848 2327 969 2408; x_wconf 75' lang='lat' dir='ltr'>diesque</span> <span class='ocrx_word' id='word_1_180' title='bbox 989 2327 1161 2410; x_wconf 75' lang='lat' dir='ltr'>pubertatis</span> 
     </span>
     <span class='ocr_line' id='line_1_23' title="bbox 148 2416 878 2499; baseline 0 -20"><span class='ocrx_word' id='word_1_181' title='bbox 148 2417 238 2480; x_wconf 80' lang='lat' dir='ltr'>nabet</span> <span class='ocrx_word' id='word_1_182' title='bbox 258 2416 398 2498; x_wconf 82' lang='lat' dir='ltr'>aliquan</span> <span class='ocrx_word' id='word_1_183' title='bbox 421 2418 566 2499; x_wconf 82' lang='lat' dir='ltr'>temperis</span> <span class='ocrx_word' id='word_1_184' title='bbox 588 2417 878 2481; x_wconf 86' lang='lat' dir='ltr'>demonstrationem.</span> 
     </span>
    </p>

    <p class='ocr_par' dir='ltr' id='par_1_8' title="bbox 148 2503 1162 2854">
     <span class='ocr_line' id='line_1_24' title="bbox 240 2503 1162 2587; baseline 0 -19"><span class='ocrx_word' id='word_1_185' title='bbox 240 2505 289 2569; x_wconf 83' lang='lat'>14.</span> <span class='ocrx_word' id='word_1_186' title='bbox 317 2503 357 2568; x_wconf 89' lang='grc' dir='ltr'>Ι).</span> <span class='ocrx_word' id='word_1_187' title='bbox 376 2505 452 2569; x_wconf 89' lang='lat' dir='ltr'><strong>ibid.</strong></span> <span class='ocrx_word' id='word_1_188' title='bbox 471 2507 490 2585; x_wconf 66' lang='grc' dir='ltr'>ξ</span> <span class='ocrx_word' id='word_1_189' title='bbox 508 2509 534 2569; x_wconf 91' lang='grc'><strong>1.</strong></span> <span class='ocrx_word' id='word_1_190' title='bbox 561 2541 605 2551; x_wconf 94' lang='grc'>-</span> <span class='ocrx_word' id='word_1_191' title='bbox 632 2504 762 2570; x_wconf 82' lang='lat' dir='ltr'>Duobus</span> <span class='ocrx_word' id='word_1_192' title='bbox 788 2505 891 2569; x_wconf 86' lang='lat' dir='ltr'>eadern</span> <span class='ocrx_word' id='word_1_193' title='bbox 918 2524 980 2587; x_wconf 88' lang='lat' dir='ltr'>res,</span> <span class='ocrx_word' id='word_1_194' title='bbox 1008 2507 1038 2570; x_wconf 90' lang='lat' dir='ltr'>si</span> <span class='ocrx_word' id='word_1_195' title='bbox 1064 2505 1162 2571; x_wconf 74' lang='lat' dir='ltr'>tardi</span> 
     </span>
     <span class='ocr_line' id='line_1_25' title="bbox 148 2592 1161 2677; baseline 0.001 -19"><span class='ocrx_word' id='word_1_196' title='bbox 148 2598 268 2658; x_wconf 81' lang='lat' dir='ltr'>centurn</span> <span class='ocrx_word' id='word_1_197' title='bbox 286 2594 444 2676; x_wconf 78' lang='lat' dir='ltr'>dedissent,</span> <span class='ocrx_word' id='word_1_198' title='bbox 464 2594 563 2676; x_wconf 84' lang='lat' dir='ltr'>tepata</span> <span class='ocrx_word' id='word_1_199' title='bbox 581 2598 632 2659; x_wconf 88' lang='lat' dir='ltr'>est.</span> <span class='ocrx_word' id='word_1_200' title='bbox 672 2596 701 2659; x_wconf 86' lang='lat' dir='ltr'>si</span> <span class='ocrx_word' id='word_1_201' title='bbox 719 2594 798 2658; x_wconf 88' lang='lat' dir='ltr'>atter</span> <span class='ocrx_word' id='word_1_202' title='bbox 815 2614 852 2657; x_wconf 83' lang='lat' dir='ltr'>en</span> <span class='ocrx_word' id='word_1_203' title='bbox 869 2592 919 2658; x_wconf 83' lang='lat' dir='ltr'>tis</span> <span class='ocrx_word' id='word_1_204' title='bbox 937 2594 1161 2677; x_wconf 67' lang='lat' dir='ltr'>quinquaqinta</span> 
     </span>
     <span class='ocr_line' id='line_1_26' title="bbox 148 2683 1161 2768; baseline 0.002 -22"><span class='ocrx_word' id='word_1_205' title='bbox 148 2683 277 2760; x_wconf 86' lang='lat' dir='ltr'>dederit,</span> <span class='ocrx_word' id='word_1_206' title='bbox 300 2687 423 2763; x_wconf 87' lang='lat' dir='ltr'>partem</span> <span class='ocrx_word' id='word_1_207' title='bbox 446 2683 537 2766; x_wconf 81' lang='lat' dir='ltr'>tepati</span> <span class='ocrx_word' id='word_1_208' title='bbox 559 2687 753 2764; x_wconf 74' lang='lat' dir='ltr'>consequetur</span> <span class='ocrx_word' id='word_1_209' title='bbox 775 2687 804 2746; x_wconf 92' lang='lat' dir='ltr'>et</span> <span class='ocrx_word' id='word_1_210' title='bbox 821 2702 900 2764; x_wconf 89' lang='lat' dir='ltr'>pars</span> <span class='ocrx_word' id='word_1_211' title='bbox 922 2684 1000 2768; x_wconf 89' lang='lat' dir='ltr'>eins,</span> <span class='ocrx_word' id='word_1_212' title='bbox 1025 2684 1082 2765; x_wconf 77' lang='lat' dir='ltr'>ptri</span> <span class='ocrx_word' id='word_1_213' title='bbox 1103 2703 1161 2748; x_wconf 87' lang='lat' dir='ltr'>nan</span> 
     </span>
     <span class='ocr_line' id='line_1_27' title="bbox 148 2771 933 2854; baseline -0.003 -18"><span class='ocrx_word' id='word_1_214' title='bbox 148 2771 277 2854; x_wconf 89' lang='lat' dir='ltr'>dederit,</span> <span class='ocrx_word' id='word_1_215' title='bbox 299 2771 392 2835; x_wconf 87' lang='lat' dir='ltr'>atteri</span> <span class='ocrx_word' id='word_1_216' title='bbox 413 2792 483 2836; x_wconf 85' lang='lat' dir='ltr'>enrn</span> <span class='ocrx_word' id='word_1_217' title='bbox 504 2792 563 2837; x_wconf 89' lang='lat' dir='ltr'>sua</span> <span class='ocrx_word' id='word_1_218' title='bbox 585 2771 757 2837; x_wconf 77' lang='lat' dir='ltr'>nndieiane</span> <span class='ocrx_word' id='word_1_219' title='bbox 780 2771 933 2836; x_wconf 69' lang='lat' dir='ltr'>unane.</span> 
     </span>
    </p>
   </div>
   <div class='ocr_carea' id='block_1_7' title="bbox 562 2971 751 3173">
    <p class='ocr_par' dir='ltr' id='par_1_9' title="bbox 562 2971 751 3173">
     <span class='ocr_line' id='line_1_28' title="bbox 564 2971 751 3031; baseline -0.005 0"><span class='ocrx_word' id='word_1_220' title='bbox 564 2971 673 3031; x_wconf 83' lang='lat' dir='ltr'>Liber</span> <span class='ocrx_word' id='word_1_221' title='bbox 694 2971 751 3030; x_wconf 89' lang='grc' dir='ltr'>ΙΠ.</span> 
     </span>
     <span class='ocr_line' id='line_1_29' title="bbox 562 3090 750 3173; baseline -0.005 -17"><span class='ocrx_word' id='word_1_222' title='bbox 562 3090 612 3156; x_wconf 91' lang='lat' dir='ltr'>De</span> <span class='ocrx_word' id='word_1_223' title='bbox 635 3092 750 3173; x_wconf 83' lang='lat' dir='ltr'>tepetis.</span> 
     </span>
    </p>
   </div>
   <div class='ocr_carea' id='block_1_8' title="bbox 526 3211 791 3285">
    <p class='ocr_par' dir='ltr' id='par_1_10' title="bbox 526 3211 791 3285">
     <span class='ocr_line' id='line_1_30' title="bbox 526 3211 791 3285; baseline 0.004 -16"><span class='ocrx_word' id='word_1_224' title='bbox 526 3211 573 3269; x_wconf 91' lang='lat' dir='ltr'>De</span> <span class='ocrx_word' id='word_1_225' title='bbox 595 3229 666 3270; x_wconf 90' lang='lat' dir='ltr'>area</span> <span class='ocrx_word' id='word_1_226' title='bbox 689 3213 791 3285; x_wconf 84' lang='lat' dir='ltr'>tepata.</span> 
     </span>
    </p>
   </div>
   <div class='ocr_carea' id='block_1_9' title="bbox 150 3318 1158 3492">
    <p class='ocr_par' dir='ltr' id='par_1_11' title="bbox 150 3318 1158 3492">
     <span class='ocr_line' id='line_1_31' title="bbox 241 3318 1158 3406; baseline -0.003 -21"><span class='ocrx_word' id='word_1_227' title='bbox 241 3320 291 3386; x_wconf 86' lang='lat'>15.</span> <span class='ocrx_word' id='word_1_228' title='bbox 312 3319 352 3384; x_wconf 90' lang='lat' dir='ltr'>D.</span> <span class='ocrx_word' id='word_1_229' title='bbox 367 3321 419 3403; x_wconf 89' lang='lat'>31,</span> <span class='ocrx_word' id='word_1_230' title='bbox 433 3321 485 3386; x_wconf 81' lang='lat'>39.</span> <span class='ocrx_word' id='word_1_231' title='bbox 517 3319 606 3384; x_wconf 86' lang='lat' dir='ltr'>Idem</span> <span class='ocrx_word' id='word_1_232' title='bbox 627 3318 684 3406; x_wconf 85' lang='lat' dir='ltr'>(sc.</span> <span class='ocrx_word' id='word_1_233' title='bbox 697 3319 885 3405; x_wconf 84' lang='lat' dir='ltr'>Iavolenus)</span> <span class='ocrx_word' id='word_1_234' title='bbox 904 3320 989 3386; x_wconf 91' lang='lat' dir='ltr'>libro</span> <span class='ocrx_word' id='word_1_235' title='bbox 1008 3321 1105 3386; x_wconf 84' lang='lat' dir='ltr'>tertio</span> <span class='ocrx_word' id='word_1_236' title='bbox 1124 3339 1158 3382; x_wconf 83' lang='lat' dir='ltr'>ex</span> 
     </span>
     <span class='ocr_line' id='line_1_32' title="bbox 150 3407 1158 3492; baseline -0.004 -17"><span class='ocrx_word' id='word_1_237' title='bbox 150 3408 274 3476; x_wconf 79' lang='lat' dir='ltr'>Cassio.</span> <span class='ocrx_word' id='word_1_238' title='bbox 301 3446 346 3456; x_wconf 95' lang='lat'>—</span> <span class='ocrx_word' id='word_1_239' title='bbox 373 3407 412 3475; x_wconf 80' lang='lat' dir='ltr'>Si</span> <span class='ocrx_word' id='word_1_240' title='bbox 443 3430 533 3474; x_wconf 88' lang='lat' dir='ltr'>areae</span> <span class='ocrx_word' id='word_1_241' title='bbox 565 3410 681 3492; x_wconf 55' lang='lat' dir='ltr'>Qatnu</span> <span class='ocrx_word' id='word_1_242' title='bbox 704 3414 778 3491; x_wconf 90' lang='lat' dir='ltr'>post</span> <span class='ocrx_word' id='word_1_243' title='bbox 806 3414 1021 3474; x_wconf 84' lang='lat' dir='ltr'>testamentum</span> <span class='ocrx_word' id='word_1_244' title='bbox 1047 3410 1158 3491; x_wconf 82' lang='lat' dir='ltr'>fartnn</span> 
     </span>
    </p>
   </div>
   <div class='ocr_carea' id='block_1_10' title="bbox 221 3547 754 3605">
    <p class='ocr_par' dir='ltr' id='par_1_12' title="bbox 221 3547 754 3605">
     <span class='ocr_line' id='line_1_33' title="bbox 221 3547 754 3605; baseline 0 -3"><span class='ocrx_word' id='word_1_245' title='bbox 221 3553 236 3602; x_wconf 92' lang='lat'>1</span> <span class='ocrx_word' id='word_1_246' title='bbox 259 3549 334 3605; x_wconf 76' lang='lat' dir='ltr'>Tria.</span> <span class='ocrx_word' id='word_1_247' title='bbox 353 3548 415 3605; x_wconf 80' lang='lat' dir='ltr'>erit.</span> <span class='ocrx_word' id='word_1_248' title='bbox 487 3554 503 3603; x_wconf 75' lang='lat'>2</span> <span class='ocrx_word' id='word_1_249' title='bbox 526 3549 600 3605; x_wconf 78' lang='lat' dir='ltr'>Tria.</span> <span class='ocrx_word' id='word_1_250' title='bbox 618 3547 754 3604; x_wconf 82' lang='lat' dir='ltr'>intererit.</span> 
     </span>
    </p>
   </div>
   <div class='ocr_carea' id='block_1_11' title="bbox 0 0 1220 3944">
    <p class='ocr_par' dir='ltr' id='par_1_13' title="bbox 0 0 1220 3944">
     <span class='ocr_line' id='line_1_34' title="bbox 0 0 1220 3944; baseline 0 0"><span class='ocrx_word' id='word_1_251' title='bbox 0 0 1220 3944; x_wconf 95' lang='lat' dir='ltr'> </span> 
     </span>
    </p>
   </div>
  </div>
 </body>
</html>
