2430 3944
221 170 256 226 IL
275 169 517 226 mensionum
537 171 770 226 SENTENTIAE
788 173 835 226 ΕΤ
853 172 959 228 LIBRI.
1033 173 1096 238 521

78 333 298 419 possessionis
332 334 512 420 signifieat,
543 335 627 400 siout
658 335 692 399 in
726 357 763 400 eo
793 336 848 420 qui
875 336 1098 420 possessiones

80 445 157 488 suas
181 423 333 506 legasset,
355 445 546 506 responsum
570 427 627 488 est.

432 590 503 648 ·De
525 588 596 648 villo
620 590 722 662 teporo.

174 698 223 763 11.
247 696 286 762 D.
305 697 359 784 28,
381 698 411 782 5,
430 699 481 782 35,
502 700 532 764 3.
556 696 715 782 Ulpianus
735 698 818 763 libro
842 703 957 785 quarto
982 699 1097 784 Dispu-

79 787 252 851 tationum.
279 824 317 834 —
434 789 462 851 si
496 809 608 852 servus
641 788 739 851 fuerit
769 788 889 853 missus
917 788 950 852 in
986 788 1098 852 villam

81 876 213 940 interim
240 875 307 940 illie
333 875 462 940 futurus
491 876 566 960 quia
593 876 760 941 dominum
788 877 974 958 offenderat,
1006 878 1098 961 quasi

81 965 122 1028 ad
155 968 283 1048 tempus
316 966 495 1049 relegatus,
526 987 716 1049 responsum
750 969 800 1030 est
831 988 904 1031 eum
934 966 973 1030 ad
1001 966 1098 1031 villae

79 1054 225 1138 legatum
248 1075 314 1118 non
338 1053 505 1137 pertinere.

447 1219 494 1277 De
516 1220 598 1278 domo
621 1220 723 1293 leuata.

173 1328 223 1392 12.
252 1327 291 1392 D.
317 1330 373 1410 33,
402 1329 432 1412 7,
462 1328 510 1408 15,
543 1331 569 1393 1.
597 1328 796 1414 Pomponius
825 1328 909 1394 libro
942 1332 1031 1395 sexto
1057 1330 1097 1393 ad

80 1414 248 1481 Sabinum.
276 1451 317 1462 -
343 1416 631 1482 Domo·instruota
657 1417 810 1503 (legata)
832 1440 1024 1501 responsum
1049 1422 1099 1483 est

80 1504 342 1589 suppellectilem
365 1507 516 1590 legatam,
544 1529 609 1571 non
633 1509 730 1570 etiam
762 1507 846 1592 vina,
878 1508 955 1593 quia
984 1508 1098 1572 domus
1141 1564 1142 1567 ,

81 1595 167 1660 vinis
192 1599 352 1659 instructa
375 1594 524 1679 intellegi
546 1616 611 1659 non
634 1600 751 1679 potest.

411 1761 458 1819 De
479 1761 635 1833 mancipiis
658 1760 766 1834 leuatis.

172 1869 237 1934 13?
260 1867 299 1934 D.
312 1870 364 1953 32,
375 1871 427 1951 81,
440 1871 466 1934 1.
492 1869 695 1934 Modestinus
710 1869 794 1934 libro
813 1892 899 1934 nono
915 1869 1099 1935 Differenti-

80 1981 183 2023 arum.
219 1993 257 2003 —
368 1959 448 2023 viris
481 1958 598 2043 legatis
632 1960 729 2023 etiam
762 1980 878 2042 pueros
911 1958 1021 2023 deberi
1051 1981 1098 2023 re·

80 2047 269 2131 spondetur.

462 2142 509 2200 De
530 2144 598 2201 uiuo
621 2143 720 2215 leuato.

176 2251 225 2315 14.
262 2248 302 2315 n.
340 2251 397 2333 aa,
434 2250 486 2315 aa.
523 2250 721 2335 Pomponius
758 2250 842 2314 uero
881 2251 1019 2315 seeundo
1058 2219 1098 2315 aa

80 2338 241 2415 Quintum
260 2338 413 2404 Mucium.
432 2375 468 2384 —
491 2389 521 2404 ..
539 2361 731 2423 responsum
748 2345 798 2404 est
812 2338 910 2403 etiam
925 2339 1010 2422 quod
1026 2361 1098 2405 eoa·

79 2428 320 2581 pffitssveitnum
343 2429 453 2513 legato
474 2428 594 2512 sedere,
619 2430 646 2492 si
666 2429 698 2493 id
718 2428 787 2493 vini
805 2439 938 2493 numero
957 2432 1098 2493 testator

452 2612 498 2669 De
521 2611 602 2669 lunae
625 2613 727 2686 ἱεραί.

175 2717 224 2782 15.
248 2718 287 2786 D.
305 2721 357 2803 34,
376 2721 406 2803 2,
425 2721 476 2785 31.
496 2717 604 2785 Labeo
625 2721 709 2785 libro
729 2721 867 2785 seeundo
881 2722 1097 2805 posteriorum

80 2831 101 2872 a
128 2805 282 2873 Iauoleno
314 2810 575 2892 epitomatorum.
606 2847 643 2856 —
675 2809 739 2886 Qui
769 2811 894 2874 lanoem
921 2812 1097 2875 maximam

80 2896 241 2961 minorem
265 2896 434 2962 minimam
456 2898 673 2982 relinquebat,
698 2899 746 2962 ita
770 2900 948 2984 legaverat:
972 2900 1097 2964 lancem

81 2987 241 3049 minorem
260 2985 310 3049 illi
329 2987 413 3071 lego.
442 2986 565 3050 mediae
584 2986 817 3071 magnitudinis
837 2988 936 3053 videri
953 2988 1096 3073 legatam

81 3074 209 3138 lancem
229 3095 420 3158 responsum
440 3083 499 3158 est,
522 3076 550 3138 si
568 3097 633 3139 non
654 3079 833 3160 appareret,
857 3098 954 3162 quam
972 3077 1097 3140 lancem

81 3184 121 3226 ex
144 3162 196 3226 his
219 3168 313 3246 pater
336 3163 478 3228 familias
502 3164 723 3229 demonstrare
747 3166 911 3233 voluisset.

492 3329 540 3388 De
562 3330 687 3391 caduces

175 3437 225 3502 16.
257 3436 297 3502 D.
321 3439 374 3522 31,
397 3439 448 3504 59.
481 3437 652 3504 Terentius
690 3438 837 3504 Clemens
866 3438 951 3503 libro
984 3440 1096 3523 quinto

83 3526 208 3591 deeimo
233 3527 275 3590 ad
296 3527 402 3612 legem
426 3526 543 3592 Iuliam
567 3532 600 3592 et
622 3528 766 3612 Papiam.
788 3564 826 3574 -
853 3525 889 3592 Si
911 3527 1110 3609 mihipurs,
