2430 3944
210 160 238 213 8.
259 154 441 211 VIVIANUS.
460 184 496 196 -
515 161 539 210 9.
559 153 710 210 GAELIUS
729 153 885 210 SABINUS
1010 156 1076 221 249

55 320 188 405 quidem
210 318 389 406 fugitivum
412 339 497 402 esse,
520 317 576 403 qui
599 318 634 383 in
656 319 718 384 hoc
740 339 934 403 progressus
957 322 1021 404 est,
1043 323 1082 384 ut

55 431 90 475 se
123 409 370 494 praecipitaret,
397 413 539 472 ceterum
571 408 671 471 etiam
701 429 775 472 eum
806 408 878 492 quis
907 407 1081 493 fugitivum

55 498 193 583 diceret,
220 497 277 583 qni
304 496 392 563 domi
419 496 454 560 in
478 497 581 560 altum
604 495 713 561 locum
736 496 777 560 ad
800 496 1082 580 praecipitandum

55 609 89 653 se
114 587 325 669 ascendisset,
343 587 513 670 magisque
531 586 617 650 hunc
636 588 774 649 mortem
797 585 861 649 sibi
883 586 1081 651 consciscere

54 674 211 742 voluisse.
252 675 335 741 illud
355 676 447 758 enim,
469 675 552 756 qaod
565 674 748 756 plerumque
768 673 807 740 ab
825 675 1081 761 imprudentibus,

54 765 179 850 inquit,
204 765 269 830 diei
294 764 381 846 solet,
408 784 478 828 eum
500 783 563 828 esse
582 762 763 846 sopitivum,
790 763 846 846 qui
866 768 952 828 nocte
973 763 1083 846 oligua

55 856 126 920 εἰπε
150 853 307 919 oolrmtate
328 853 449 918 domini
470 853 661 935 mansisset,
689 873 754 917 non
779 874 849 917 esse
872 873 999 937 verum,
1027 854 1083 917 sed

57 944 99 1008 ab
124 941 244 1008 affectu
268 941 369 1007 animi
392 942 549 1026 cuiusque
573 940 820 1006 aestimandum.

149 1050 180 1114 7.
198 1047 239 1113 D.
247 1047 394 1129 ibides.
411 1085 449 1094 -
467 1046 558 1112 Idem
576 1044 736 1112 Vivianus
756 1048 812 1132 ait,
835 1048 863 1112 si
883 1069 902 1112 a
921 1048 1081 1133 magistro

58 1159 141 1223 puer
176 1137 312 1202 recessit
348 1141 381 1202 et
417 1159 530 1202 rursus
568 1135 607 1202 ad
640 1140 778 1201 matrem
810 1135 973 1221 pervenit,
1009 1158 1083 1202 cum

61 1230 278 1312 quaereretur,
300 1247 379 1291 num
397 1224 555 1311 fugitivus
576 1228 676 1289 esset:
699 1226 728 1289 si
748 1225 875 1291 celandi
894 1247 991 1290 causa
1010 1246 1084 1308 quo,

59 1338 100 1380 ne
124 1316 167 1380 ad
191 1314 358 1380 dominum
381 1318 608 1398 reverteretur,
630 1313 778 1399 fugisset,
801 1314 978 1399 fugitivum
999 1335 1084 1397 esse,

61 1407 113 1469 sin
148 1425 226 1469 vero
263 1407 301 1468 ut
335 1425 393 1488 per
430 1408 568 1467 matrem
604 1401 785 1468 faciliorem
822 1402 1084 1487 deprecationem

60 1493 197 1559 haberet
220 1492 331 1557 delicti
353 1493 503 1574 alicuius,
527 1512 593 1555 non
617 1512 687 1555 esse
710 1491 896 1576 fugitivum.

125 1845 167 1930 9.
205 1849 278 1924 CN.
306 1849 563 1923 ARULENUS
592 1787 792 1922 OdELIUS
821 1848 1023 1922 SABINUS

152 2031 211 2074 cos.
227 2014 293 2072 suff.
307 2031 334 2072 a
350 2015 390 2072 69
416 2031 483 2072 cum
507 2013 540 2072 Τ.
563 2012 669 2073 Flauio
694 2011 804 2072 Sabino
829 2003 909 2092 (CIL
929 2011 972 2070 VI
988 2013 1084 2072 2051.

61 2104 131 2163 Tac.
149 2102 221 2161 hist.
242 2105 270 2175 1,
288 2104 327 2162 77
352 2101 389 2161 cf.
408 2102 587 2177 Prosopogr.
606 2101 622 2159 I
644 2121 673 2176 p.
690 2093 782 2179 156),
808 2093 984 2175 ‘plurimum
1010 2102 1086 2159 tem·

59 2191 188 2269 poribus
212 2190 393 2268 Vespasiani
414 2185 526 2266 potuit’
549 2180 707 2271 (Pompon.
722 2186 742 2264 ξ
758 2182 825 2270 53),
849 2182 935 2247 ‘iuris
958 2183 1085 2265 peritus'

60 2273 155 2363 (Gell.
172 2283 199 2354 6,
215 2282 246 2357 4,
263 2272 307 2360 1),
325 2279 377 2355 qui
396 2277 500 2339 Oassio
524 2279 668 2339 suecessit
691 2272 808 2357 (Pomp.
822 2277 843 2338 l.
858 2272 904 2358 c).
941 2275 1086 2336 laudatur

59 2390 78 2430 a
103 2369 196 2448 Gaio,
218 2368 374 2442 Venuleio,
397 2367 571 2444 Papiniano,
594 2367 734 2444 Ulpiano,
757 2372 915 2444 praeterea
937 2385 955 2424 a
979 2365 1085 2443 Gellio,

60 2464 93 2519 et
121 2460 168 2518 ita
190 2457 325 2536 quidem,
347 2460 397 2534 ut,
420 2476 487 2516 cum
510 2457 663 2517 Masurius
686 2456 815 2516 Sabinus
840 2456 933 2531 uulgo
957 2448 1085 2514 ‘Sabini'

58 2549 185 2608 nomine
210 2546 397 2624 designetur,
420 2547 485 2621 ipse
508 2540 653 2604 ‘Caelius'
676 2546 856 2604 nominetur.

153 2634 291 2695 (lechum
318 2638 349 2694 et
375 2635 462 2694 libris
490 2633 655 2694 scribendis
679 2652 801 2710 operam
825 2632 943 2693 dedisse
968 2635 1087 2693 constat

60 2732 94 2786 et
117 2727 154 2784 nt
177 2725 298 2783 scholae
319 2723 486 2799 principem
508 2723 541 2782 in
565 2722 772 2799 respondendo
791 2741 911 2800 qnoque
930 2725 1086 2782 versatum

61 2833 131 2876 esse
153 2813 312 2890 probabile
335 2816 390 2891 est,
413 2831 595 2889 quamquam
617 2812 703 2871 nulla
725 2829 870 2888 responsa
892 2811 1004 2870 diserte
1022 2813 1086 2868 tra·

61 2905 188 2963 duntur.
233 2901 266 2960 in
287 2901 467 2980 fragmentis
492 2901 619 2960 servatis
643 2898 765 2960 Ofilium
789 2900 895 2959 laudat
917 2890 967 2980 (D.
987 2895 1041 2976 21,
1057 2900 1086 2977 2,

63 2983 196 3072 38,10)
230 2993 263 3050 et
290 2990 466 3049 Trebatium
498 2981 550 3070 (D.
575 2992 626 3061 21,
653 2993 681 3066 1,
707 2992 757 3060 14,
781 2982 816 3070 3)
850 2992 882 3047 et
913 2988 1087 3048 Labeonem

61 3073 160 3162 (Gell.
184 3082 215 3158 4,
239 3082 267 3138 2.
291 3081 319 3140 3.
343 3070 785 3157 cf.D.21,1,17,12.15).
832 3080 990 3154 praeterea
1017 3095 1087 3135 cum

61 3169 169 3230 (lassio
202 3168 240 3228 de
271 3168 350 3227 falsa
382 3168 553 3227 condicione
585 3167 814 3227 testamentaria
845 3164 925 3225 idem
958 3165 1086 3224 sensisse

61 3259 199 3319 cautor
221 3251 271 3336 (D.
288 3259 339 3332 35,
356 3259 384 3330 1,
400 3260 450 3329 12,
466 3249 511 3337 r).

156 3346 191 3406 In
229 3346 387 3406 sententiis
425 3346 488 3404 eius
525 3344 702 3422 colligendis
740 3344 783 3403 sic
820 3343 972 3403 existimo:
1009 3359 1086 3417 quae

65 3434 250 3496 Sabinianus
269 3435 388 3494 scholae
404 3433 649 3510 praeceptoribus
669 3432 838 3492 communia
855 3433 949 3490 fuisse
964 3430 1086 3488 tradun-

64 3529 132 3602 tur,
155 3525 261 3584 eadem
284 3523 385 3584 Caelio
408 3543 526 3599 quoque
549 3522 709 3582 tribuenda
731 3539 805 3580 esse.
