<?xml version="1.0" encoding="UTF-8"?>
<!DOCTYPE html PUBLIC "-//W3C//DTD XHTML 1.0 Transitional//EN"
    "http://www.w3.org/TR/xhtml1/DTD/xhtml1-transitional.dtd">
<html xmlns="http://www.w3.org/1999/xhtml" xml:lang="en" lang="en">
 <head>
  <title>
</title>
<meta http-equiv="Content-Type" content="text/html;charset=utf-8" />
  <meta name='ocr-system' content='tesseract 3.04.00' />
  <meta name='ocr-capabilities' content='ocr_page ocr_carea ocr_par ocr_line ocrx_word'/>
</head>
<body>
  <div class='ocr_page' id='page_1' title='image "./iurisprudentiae02bremgoog_0202.png"; bbox 0 0 2430 3944; ppageno 0'>
   <div class='ocr_carea' id='block_1_1' title="bbox 450 177 1071 245">
    <p class='ocr_par' dir='ltr' id='par_1_1' title="bbox 450 177 1071 245">
     <span class='ocr_line' id='line_1_1' title="bbox 450 177 1071 245; baseline 0.016 -10"><span class='ocrx_word' id='word_1_1' title='bbox 450 186 474 236; x_wconf 78' lang='grc'><strong>7.</strong></span> <span class='ocrx_word' id='word_1_2' title='bbox 493 177 681 236; x_wconf 75' lang='lat' dir='ltr'><strong>Puocuuus</strong></span> <span class='ocrx_word' id='word_1_3' title='bbox 1007 180 1071 245; x_wconf 90' lang='grc'><strong>169</strong></span> 
     </span>
    </p>
   </div>
   <div class='ocr_carea' id='block_1_2' title="bbox 51 342 1075 2728">
    <p class='ocr_par' dir='ltr' id='par_1_2' title="bbox 52 342 1073 518">
     <span class='ocr_line' id='line_1_2' title="bbox 52 342 1073 428; baseline 0.001 -19"><span class='ocrx_word' id='word_1_4' title='bbox 52 342 131 428; x_wconf 79' lang='lat' dir='ltr'><strong>egit,</strong></span> <span class='ocrx_word' id='word_1_5' title='bbox 152 364 228 410; x_wconf 88' lang='lat' dir='ltr'><strong>eum</strong></span> <span class='ocrx_word' id='word_1_6' title='bbox 246 346 360 427; x_wconf 89' lang='lat' dir='ltr'><strong>posset</strong></span> <span class='ocrx_word' id='word_1_7' title='bbox 377 343 462 428; x_wconf 87' lang='lat' dir='ltr'><strong>quod</strong></span> <span class='ocrx_word' id='word_1_8' title='bbox 480 343 581 422; x_wconf 86' lang='lat' dir='ltr'><strong>iussu,</strong></span> <span class='ocrx_word' id='word_1_9' title='bbox 603 342 639 406; x_wconf 90' lang='lat' dir='ltr'><strong>in</strong></span> <span class='ocrx_word' id='word_1_10' title='bbox 656 364 695 406; x_wconf 76' lang='lat' dir='ltr'><strong>es</strong></span> <span class='ocrx_word' id='word_1_11' title='bbox 713 364 810 408; x_wconf 81' lang='lat' dir='ltr'><strong>censa</strong></span> <span class='ocrx_word' id='word_1_12' title='bbox 828 346 886 425; x_wconf 87' lang='lat' dir='ltr'><strong>est,</strong></span> <span class='ocrx_word' id='word_1_13' title='bbox 908 364 949 408; x_wconf 88' lang='lat' dir='ltr'><strong>ne</strong></span> <span class='ocrx_word' id='word_1_14' title='bbox 967 345 1073 428; x_wconf 77' lang='lat' dir='ltr'><strong>possit</strong></span> 
     </span>
     <span class='ocr_line' id='line_1_3' title="bbox 52 431 1071 518; baseline 0.002 -21"><span class='ocrx_word' id='word_1_15' title='bbox 52 431 139 517; x_wconf 86' lang='lat' dir='ltr'><strong>quod</strong></span> <span class='ocrx_word' id='word_1_16' title='bbox 166 433 260 497; x_wconf 90' lang='lat' dir='ltr'><strong>iussu</strong></span> <span class='ocrx_word' id='word_1_17' title='bbox 289 436 405 516; x_wconf 81' lang='lat' dir='ltr'><strong>postea</strong></span> <span class='ocrx_word' id='word_1_18' title='bbox 432 452 537 518; x_wconf 79' lang='lat' dir='ltr'><strong>agere.</strong></span> <span class='ocrx_word' id='word_1_19' title='bbox 586 435 620 496; x_wconf 91' lang='lat' dir='ltr'><strong>et</strong></span> <span class='ocrx_word' id='word_1_20' title='bbox 646 432 694 495; x_wconf 84' lang='lat' dir='ltr'><strong>ite</strong></span> <span class='ocrx_word' id='word_1_21' title='bbox 716 431 874 496; x_wconf 88' lang='lat' dir='ltr'><strong>Proculus</strong></span> <span class='ocrx_word' id='word_1_22' title='bbox 898 431 1071 499; x_wconf 79' lang='lat' dir='ltr'><strong>existimat.</strong></span> 
     </span>
    </p>

    <p class='ocr_par' dir='ltr' id='par_1_3' title="bbox 51 518 1074 1209">
     <span class='ocr_line' id='line_1_4' title="bbox 143 518 1071 603; baseline 0.003 -19"><span class='ocrx_word' id='word_1_23' title='bbox 143 520 197 586; x_wconf 92' lang='grc'><strong>10.</strong></span> <span class='ocrx_word' id='word_1_24' title='bbox 223 519 444 602; x_wconf 78' lang='lat'>1).15,1,17.</span> <span class='ocrx_word' id='word_1_25' title='bbox 490 518 650 603; x_wconf 79' lang='lat' dir='ltr'><strong>Ulpianus</strong></span> <span class='ocrx_word' id='word_1_26' title='bbox 678 520 762 585; x_wconf 90' lang='lat' dir='ltr'><strong>libro</strong></span> <span class='ocrx_word' id='word_1_27' title='bbox 786 519 961 586; x_wconf 84' lang='lat' dir='ltr'><strong>vicensimo</strong></span> <span class='ocrx_word' id='word_1_28' title='bbox 985 543 1071 587; x_wconf 87' lang='lat' dir='ltr'><strong>nono</strong></span> 
     </span>
     <span class='ocr_line' id='line_1_5' title="bbox 52 605 1072 694; baseline 0.003 -21"><span class='ocrx_word' id='word_1_29' title='bbox 52 609 91 673; x_wconf 79' lang='lat' dir='ltr'><strong>ed</strong></span> <span class='ocrx_word' id='word_1_30' title='bbox 121 609 266 674; x_wconf 88' lang='lat' dir='ltr'><strong>edictum</strong></span> <span class='ocrx_word' id='word_1_31' title='bbox 294 605 343 694; x_wconf 89' lang='lat' dir='ltr'><strong>(P.</strong></span> <span class='ocrx_word' id='word_1_32' title='bbox 363 605 470 694; x_wconf 76' lang='lat'>852⁸).</span> <span class='ocrx_word' id='word_1_33' title='bbox 500 644 539 655; x_wconf 92' lang='lat'>-</span> <span class='ocrx_word' id='word_1_34' title='bbox 569 606 604 673; x_wconf 84' lang='lat' dir='ltr'><strong>si</strong></span> <span class='ocrx_word' id='word_1_35' title='bbox 632 629 743 673; x_wconf 80' lang='lat' dir='ltr'><strong>servus</strong></span> <span class='ocrx_word' id='word_1_36' title='bbox 772 629 862 673; x_wconf 90' lang='lat' dir='ltr'><strong>meus</strong></span> <span class='ocrx_word' id='word_1_37' title='bbox 889 609 1072 676; x_wconf 84' lang='lat' dir='ltr'><strong>ordinarius</strong></span> 
     </span>
     <span class='ocr_line' id='line_1_6' title="bbox 51 695 1073 781; baseline 0.002 -19"><span class='ocrx_word' id='word_1_38' title='bbox 51 697 194 762; x_wconf 79' lang='lat' dir='ltr'><strong>vicarios</strong></span> <span class='ocrx_word' id='word_1_39' title='bbox 221 697 356 781; x_wconf 79' lang='lat' dir='ltr'><strong>habeat,</strong></span> <span class='ocrx_word' id='word_1_40' title='bbox 382 698 416 762; x_wconf 95' lang='lat' dir='ltr'><strong>id</strong></span> <span class='ocrx_word' id='word_1_41' title='bbox 444 697 531 781; x_wconf 89' lang='lat' dir='ltr'><strong>quod</strong></span> <span class='ocrx_word' id='word_1_42' title='bbox 558 695 671 762; x_wconf 82' lang='lat' dir='ltr'><strong>vicarii</strong></span> <span class='ocrx_word' id='word_1_43' title='bbox 699 696 780 760; x_wconf 89' lang='lat' dir='ltr'><strong>mihi</strong></span> <span class='ocrx_word' id='word_1_44' title='bbox 806 697 927 762; x_wconf 83' lang='lat' dir='ltr'><strong>debent</strong></span> <span class='ocrx_word' id='word_1_45' title='bbox 954 720 995 762; x_wconf 81' lang='lat' dir='ltr'><strong>an</strong></span> <span class='ocrx_word' id='word_1_46' title='bbox 1018 699 1073 764; x_wconf 75' lang='lat' dir='ltr'><strong>de</strong></span> 
     </span>
     <span class='ocr_line' id='line_1_7' title="bbox 53 784 1073 871; baseline 0.002 -21"><span class='ocrx_word' id='word_1_47' title='bbox 53 786 170 852; x_wconf 83' lang='lat' dir='ltr'><strong>ducam</strong></span> <span class='ocrx_word' id='word_1_48' title='bbox 211 808 251 851; x_wconf 86' lang='lat' dir='ltr'><strong>ex</strong></span> <span class='ocrx_word' id='word_1_49' title='bbox 286 786 413 871; x_wconf 88' lang='lat' dir='ltr'><strong>peculio</strong></span> <span class='ocrx_word' id='word_1_50' title='bbox 450 786 535 850; x_wconf 83' lang='lat' dir='ltr'><strong>servi</strong></span> <span class='ocrx_word' id='word_1_51' title='bbox 571 784 748 851; x_wconf 80' lang='lat' dir='ltr'><strong>ordinarii?</strong></span> <span class='ocrx_word' id='word_1_52' title='bbox 803 789 836 849; x_wconf 90' lang='lat' dir='ltr'><strong>et</strong></span> <span class='ocrx_word' id='word_1_53' title='bbox 871 787 977 868; x_wconf 85' lang='lat' dir='ltr'><strong>prima</strong></span> <span class='ocrx_word' id='word_1_54' title='bbox 1014 788 1073 852; x_wconf 81' lang='lat' dir='ltr'><strong>illc</strong></span> 
     </span>
     <span class='ocr_line' id='line_1_8' title="bbox 54 872 1073 959; baseline 0.001 -19"><span class='ocrx_word' id='word_1_55' title='bbox 54 875 204 959; x_wconf 75' lang='lat' dir='ltr'><strong>quaestio</strong></span> <span class='ocrx_word' id='word_1_56' title='bbox 227 878 287 959; x_wconf 85' lang='lat' dir='ltr'><strong>est,</strong></span> <span class='ocrx_word' id='word_1_57' title='bbox 311 896 354 939; x_wconf 83' lang='lat' dir='ltr'><strong>en</strong></span> <span class='ocrx_word' id='word_1_58' title='bbox 371 874 452 939; x_wconf 84' lang='lat' dir='ltr'><strong>haec</strong></span> <span class='ocrx_word' id='word_1_59' title='bbox 470 874 599 959; x_wconf 85' lang='lat' dir='ltr'><strong>peculia</strong></span> <span class='ocrx_word' id='word_1_60' title='bbox 615 873 650 938; x_wconf 90' lang='lat' dir='ltr'><strong>in</strong></span> <span class='ocrx_word' id='word_1_61' title='bbox 668 872 795 958; x_wconf 88' lang='lat' dir='ltr'><strong>peculio</strong></span> <span class='ocrx_word' id='word_1_62' title='bbox 815 875 899 939; x_wconf 81' lang='lat' dir='ltr'><strong>servi</strong></span> <span class='ocrx_word' id='word_1_63' title='bbox 917 875 1073 941; x_wconf 83' lang='lat' dir='ltr'><strong>ordinarii</strong></span> 
     </span>
     <span class='ocr_line' id='line_1_9' title="bbox 54 962 1073 1049; baseline -0.001 -20"><span class='ocrx_word' id='word_1_64' title='bbox 54 966 290 1048; x_wconf 82' lang='lat' dir='ltr'><strong>computentur.</strong></span> <span class='ocrx_word' id='word_1_65' title='bbox 346 967 380 1028; x_wconf 91' lang='lat' dir='ltr'><strong>et</strong></span> <span class='ocrx_word' id='word_1_66' title='bbox 411 963 567 1028; x_wconf 90' lang='lat' dir='ltr'><strong>Proculus</strong></span> <span class='ocrx_word' id='word_1_67' title='bbox 601 966 634 1027; x_wconf 90' lang='lat' dir='ltr'><strong>et</strong></span> <span class='ocrx_word' id='word_1_68' title='bbox 666 962 843 1028; x_wconf 76' lang='lat' dir='ltr'><strong>Atilicinus</strong></span> <span class='ocrx_word' id='word_1_69' title='bbox 869 963 1073 1049; x_wconf 81' lang='lat' dir='ltr'><strong>existimant,</strong></span> 
     </span>
     <span class='ocr_line' id='line_1_10' title="bbox 56 1051 1074 1137; baseline 0.001 -19"><span class='ocrx_word' id='word_1_70' title='bbox 56 1051 136 1119; x_wconf 88' lang='lat' dir='ltr'><strong>sicut</strong></span> <span class='ocrx_word' id='word_1_71' title='bbox 167 1053 234 1137; x_wconf 90' lang='lat' dir='ltr'><strong>ipsi</strong></span> <span class='ocrx_word' id='word_1_72' title='bbox 265 1052 378 1118; x_wconf 78' lang='lat' dir='ltr'><strong>vicarii</strong></span> <span class='ocrx_word' id='word_1_73' title='bbox 410 1055 486 1122; x_wconf 83' lang='lat' dir='ltr'><strong>sunt</strong></span> <span class='ocrx_word' id='word_1_74' title='bbox 512 1051 547 1116; x_wconf 90' lang='lat' dir='ltr'><strong>in</strong></span> <span class='ocrx_word' id='word_1_75' title='bbox 574 1052 716 1136; x_wconf 84' lang='lat' dir='ltr'><strong>peculio,</strong></span> <span class='ocrx_word' id='word_1_76' title='bbox 747 1051 795 1116; x_wconf 82' lang='lat' dir='ltr'><strong>ite</strong></span> <span class='ocrx_word' id='word_1_77' title='bbox 822 1052 922 1116; x_wconf 87' lang='lat' dir='ltr'><strong>etiam</strong></span> <span class='ocrx_word' id='word_1_78' title='bbox 948 1055 1074 1137; x_wconf 79' lang='lat' dir='ltr'><strong>peculia</strong></span> 
     </span>
     <span class='ocr_line' id='line_1_11' title="bbox 58 1162 175 1209; baseline -0.026 0"><span class='ocrx_word' id='word_1_79' title='bbox 58 1162 175 1209; x_wconf 68' lang='lat' dir='ltr'><strong>torum.</strong></span> 
     </span>
    </p>

    <p class='ocr_par' dir='ltr' id='par_1_4' title="bbox 58 1226 1075 1930">
     <span class='ocr_line' id='line_1_12' title="bbox 140 1226 1073 1310; baseline 0.002 -16"><span class='ocrx_word' id='word_1_80' title='bbox 140 1233 309 1310; x_wconf 72' lang='lat' dir='ltr'><strong>Seqdentis</strong></span> <span class='ocrx_word' id='word_1_81' title='bbox 329 1233 434 1294; x_wconf 81' lang='lat' dir='ltr'><strong>verbs:</strong></span> <span class='ocrx_word' id='word_1_82' title='bbox 458 1226 502 1292; x_wconf 75' lang='lat' dir='ltr'><strong>‘et</strong></span> <span class='ocrx_word' id='word_1_83' title='bbox 523 1233 555 1293; x_wconf 92' lang='lat' dir='ltr'><strong>id</strong></span> <span class='ocrx_word' id='word_1_84' title='bbox 578 1233 712 1310; x_wconf 87' lang='lat' dir='ltr'><strong>quidem,</strong></span> <span class='ocrx_word' id='word_1_85' title='bbox 735 1234 815 1310; x_wconf 90' lang='lat' dir='ltr'><strong>quod</strong></span> <span class='ocrx_word' id='word_1_86' title='bbox 837 1234 912 1292; x_wconf 89' lang='lat' dir='ltr'><strong>mihi</strong></span> <span class='ocrx_word' id='word_1_87' title='bbox 935 1234 1073 1296; x_wconf 88' lang='lat' dir='ltr'><strong>dominus</strong></span> 
     </span>
     <span class='ocr_line' id='line_1_13' title="bbox 58 1321 1074 1402; baseline 0.005 -21"><span class='ocrx_word' id='word_1_88' title='bbox 58 1341 170 1402; x_wconf 85' lang='lat' dir='ltr'><strong>sorum,</strong></span> <span class='ocrx_word' id='word_1_89' title='bbox 197 1322 230 1381; x_wconf 93' lang='lat' dir='ltr'><strong>id</strong></span> <span class='ocrx_word' id='word_1_90' title='bbox 258 1325 305 1382; x_wconf 90' lang='lat' dir='ltr'><strong>est</strong></span> <span class='ocrx_word' id='word_1_91' title='bbox 329 1321 499 1382; x_wconf 83' lang='lat' dir='ltr'><strong>ordinarius</strong></span> <span class='ocrx_word' id='word_1_92' title='bbox 522 1341 626 1382; x_wconf 86' lang='lat' dir='ltr'><strong>servus</strong></span> <span class='ocrx_word' id='word_1_93' title='bbox 650 1322 751 1397; x_wconf 88' lang='lat' dir='ltr'><strong>debet,</strong></span> <span class='ocrx_word' id='word_1_94' title='bbox 781 1321 872 1381; x_wconf 86' lang='lat' dir='ltr'><strong>etiem</strong></span> <span class='ocrx_word' id='word_1_95' title='bbox 895 1341 931 1382; x_wconf 85' lang='lat' dir='ltr'><strong>ex</strong></span> <span class='ocrx_word' id='word_1_96' title='bbox 953 1325 1074 1400; x_wconf 89' lang='lat' dir='ltr'><strong>peculio</strong></span> 
     </span>
     <span class='ocr_line' id='line_1_14' title="bbox 59 1409 1073 1488; baseline 0.002 -18"><span class='ocrx_word' id='word_1_97' title='bbox 59 1429 156 1470; x_wconf 90' lang='lat' dir='ltr'><strong>sorum</strong></span> <span class='ocrx_word' id='word_1_98' title='bbox 175 1410 369 1488; x_wconf 79' lang='lat' dir='ltr'><strong>detrahetnr3</strong></span> <span class='ocrx_word' id='word_1_99' title='bbox 391 1410 423 1470; x_wconf 94' lang='lat' dir='ltr'><strong>id</strong></span> <span class='ocrx_word' id='word_1_100' title='bbox 444 1429 516 1471; x_wconf 82' lang='lat' dir='ltr'><strong>vero</strong></span> <span class='ocrx_word' id='word_1_101' title='bbox 540 1411 621 1488; x_wconf 91' lang='lat' dir='ltr'><strong>quod</strong></span> <span class='ocrx_word' id='word_1_102' title='bbox 643 1411 701 1486; x_wconf 87' lang='lat' dir='ltr'><strong>ipsi</strong></span> <span class='ocrx_word' id='word_1_103' title='bbox 723 1410 828 1470; x_wconf 74' lang='lat' dir='ltr'><strong>vicarii</strong></span> <span class='ocrx_word' id='word_1_104' title='bbox 847 1409 965 1488; x_wconf 86' lang='lat' dir='ltr'><strong>debent,</strong></span> <span class='ocrx_word' id='word_1_105' title='bbox 988 1413 1073 1472; x_wconf 90' lang='lat' dir='ltr'><strong>dnm-</strong></span> 
     </span>
     <span class='ocr_line' id='line_1_15' title="bbox 59 1498 1074 1580; baseline 0.004 -22"><span class='ocrx_word' id='word_1_106' title='bbox 59 1502 138 1561; x_wconf 80' lang='lat' dir='ltr'><strong>tuxat</strong></span> <span class='ocrx_word' id='word_1_107' title='bbox 165 1519 204 1560; x_wconf 88' lang='lat' dir='ltr'><strong>ex</strong></span> <span class='ocrx_word' id='word_1_108' title='bbox 230 1500 365 1576; x_wconf 88' lang='lat' dir='ltr'><strong>ipsorum</strong></span> <span class='ocrx_word' id='word_1_109' title='bbox 391 1500 521 1577; x_wconf 80' lang='lat' dir='ltr'><strong>peouli03</strong></span> <span class='ocrx_word' id='word_1_110' title='bbox 549 1500 602 1559; x_wconf 89' lang='lat' dir='ltr'><strong>sed</strong></span> <span class='ocrx_word' id='word_1_111' title='bbox 625 1503 656 1558; x_wconf 91' lang='lat' dir='ltr'><strong>et</strong></span> <span class='ocrx_word' id='word_1_112' title='bbox 679 1498 705 1557; x_wconf 91' lang='lat' dir='ltr'><strong>si</strong></span> <span class='ocrx_word' id='word_1_113' title='bbox 727 1499 799 1576; x_wconf 89' lang='lat' dir='ltr'><strong>quid</strong></span> <span class='ocrx_word' id='word_1_114' title='bbox 820 1518 881 1559; x_wconf 87' lang='lat' dir='ltr'><strong>nou</strong></span> <span class='ocrx_word' id='word_1_115' title='bbox 903 1501 991 1580; x_wconf 91' lang='lat' dir='ltr'><strong>mihi,</strong></span> <span class='ocrx_word' id='word_1_116' title='bbox 1021 1503 1074 1562; x_wconf 91' lang='lat' dir='ltr'><strong>sed</strong></span> 
     </span>
     <span class='ocr_line' id='line_1_16' title="bbox 60 1587 1073 1666; baseline 0.004 -20"><span class='ocrx_word' id='word_1_117' title='bbox 60 1588 204 1649; x_wconf 76' lang='lat' dir='ltr'><strong>ordinario</strong></span> <span class='ocrx_word' id='word_1_118' title='bbox 228 1605 315 1649; x_wconf 87' lang='lat' dir='ltr'><strong>servo</strong></span> <span class='ocrx_word' id='word_1_119' title='bbox 339 1588 457 1664; x_wconf 83' lang='lat' dir='ltr'><strong>debent,</strong></span> <span class='ocrx_word' id='word_1_120' title='bbox 480 1587 645 1647; x_wconf 77' lang='lat' dir='ltr'><strong>deducetur</strong></span> <span class='ocrx_word' id='word_1_121' title='bbox 668 1587 705 1646; x_wconf 90' lang='lat' dir='ltr'><strong>de</strong></span> <span class='ocrx_word' id='word_1_122' title='bbox 726 1587 844 1663; x_wconf 89' lang='lat' dir='ltr'><strong>peculio</strong></span> <span class='ocrx_word' id='word_1_123' title='bbox 864 1607 967 1649; x_wconf 89' lang='lat' dir='ltr'><strong>eorum</strong></span> <span class='ocrx_word' id='word_1_124' title='bbox 985 1592 1073 1666; x_wconf 81' lang='lat' dir='ltr'><strong>quasi</strong></span> 
     </span>
     <span class='ocr_line' id='line_1_17' title="bbox 60 1675 1073 1753; baseline 0.004 -17"><span class='ocrx_word' id='word_1_125' title='bbox 60 1695 196 1737; x_wconf 83' lang='lat' dir='ltr'><strong>conservo</strong></span> <span class='ocrx_word' id='word_1_126' title='bbox 229 1676 379 1753; x_wconf 83' lang='lat' dir='ltr'><strong>debitum3</strong></span> <span class='ocrx_word' id='word_1_127' title='bbox 410 1677 442 1735; x_wconf 93' lang='lat' dir='ltr'><strong>id</strong></span> <span class='ocrx_word' id='word_1_128' title='bbox 473 1695 544 1738; x_wconf 84' lang='lat' dir='ltr'><strong>vero</strong></span> <span class='ocrx_word' id='word_1_129' title='bbox 576 1676 658 1752; x_wconf 90' lang='lat' dir='ltr'><strong>qnod</strong></span> <span class='ocrx_word' id='word_1_130' title='bbox 685 1675 760 1752; x_wconf 90' lang='lat' dir='ltr'><strong>ipsis</strong></span> <span class='ocrx_word' id='word_1_131' title='bbox 788 1676 876 1736; x_wconf 87' lang='lat' dir='ltr'><strong>debet</strong></span> <span class='ocrx_word' id='word_1_132' title='bbox 904 1679 1073 1740; x_wconf 76' lang='lat' dir='ltr'><strong>ordinarius</strong></span> 
     </span>
     <span class='ocr_line' id='line_1_18' title="bbox 60 1765 1075 1844; baseline 0.005 -21"><span class='ocrx_word' id='word_1_133' title='bbox 60 1781 170 1843; x_wconf 83' lang='lat' dir='ltr'><strong>servus,</strong></span> <span class='ocrx_word' id='word_1_134' title='bbox 203 1783 264 1824; x_wconf 90' lang='lat' dir='ltr'><strong>non</strong></span> <span class='ocrx_word' id='word_1_135' title='bbox 296 1765 461 1827; x_wconf 74' lang='lat' dir='ltr'><strong>deducetur</strong></span> <span class='ocrx_word' id='word_1_136' title='bbox 491 1765 528 1824; x_wconf 90' lang='lat' dir='ltr'><strong>de</strong></span> <span class='ocrx_word' id='word_1_137' title='bbox 557 1765 676 1841; x_wconf 80' lang='lat' dir='ltr'><strong>peculio</strong></span> <span class='ocrx_word' id='word_1_138' title='bbox 704 1765 847 1823; x_wconf 78' lang='lat' dir='ltr'><strong>ordinarii</strong></span> <span class='ocrx_word' id='word_1_139' title='bbox 876 1768 968 1842; x_wconf 84' lang='lat' dir='ltr'><strong>servi,</strong></span> <span class='ocrx_word' id='word_1_140' title='bbox 1001 1769 1075 1844; x_wconf 79' lang='lat' dir='ltr'><strong>quia</strong></span> 
     </span>
     <span class='ocr_line' id='line_1_19' title="bbox 60 1847 1072 1930; baseline 0.005 -18"><span class='ocrx_word' id='word_1_141' title='bbox 60 1855 207 1927; x_wconf 83' lang='lat' dir='ltr'><strong>peculium</strong></span> <span class='ocrx_word' id='word_1_142' title='bbox 225 1872 331 1913; x_wconf 89' lang='lat' dir='ltr'><strong>eorum</strong></span> <span class='ocrx_word' id='word_1_143' title='bbox 347 1854 380 1912; x_wconf 87' lang='lat' dir='ltr'><strong>in</strong></span> <span class='ocrx_word' id='word_1_144' title='bbox 392 1854 508 1930; x_wconf 86' lang='lat' dir='ltr'><strong>peculio</strong></span> <span class='ocrx_word' id='word_1_145' title='bbox 522 1853 618 1930; x_wconf 86' lang='lat' dir='ltr'><strong>ipsius</strong></span> <span class='ocrx_word' id='word_1_146' title='bbox 633 1847 690 1912; x_wconf 92' lang='lat' dir='ltr'><strong>est&#39;</strong></span> <span class='ocrx_word' id='word_1_147' title='bbox 706 1852 829 1928; x_wconf 79' lang='lat' dir='ltr'><strong>Ulpiani</strong></span> <span class='ocrx_word' id='word_1_148' title='bbox 842 1854 985 1915; x_wconf 81' lang='lat' dir='ltr'><strong>videntur</strong></span> <span class='ocrx_word' id='word_1_149' title='bbox 998 1875 1072 1917; x_wconf 87' lang='lat' dir='ltr'><strong>esse.</strong></span> 
     </span>
    </p>

    <p class='ocr_par' dir='ltr' id='par_1_5' title="bbox 60 1950 1074 2728">
     <span class='ocr_line' id='line_1_20' title="bbox 143 1950 1072 2039; baseline 0.002 -20"><span class='ocrx_word' id='word_1_150' title='bbox 143 1956 195 2021; x_wconf 91' lang='grc'><strong>11.</strong></span> <span class='ocrx_word' id='word_1_151' title='bbox 219 1954 259 2019; x_wconf 91' lang='lat' dir='ltr'><strong>D.</strong></span> <span class='ocrx_word' id='word_1_152' title='bbox 270 1955 321 2033; x_wconf 85' lang='lat'><strong>15,</strong></span> <span class='ocrx_word' id='word_1_153' title='bbox 333 1955 361 2036; x_wconf 92' lang='lat'><strong>1,</strong></span> <span class='ocrx_word' id='word_1_154' title='bbox 370 1955 423 2036; x_wconf 78' lang='grc'><strong>47,</strong></span> <span class='ocrx_word' id='word_1_155' title='bbox 433 1954 464 2019; x_wconf 86' lang='grc'><strong>3.</strong></span> <span class='ocrx_word' id='word_1_156' title='bbox 504 1954 594 2018; x_wconf 88' lang='lat' dir='ltr'><strong>Idem</strong></span> <span class='ocrx_word' id='word_1_157' title='bbox 617 1950 676 2039; x_wconf 89' lang='lat' dir='ltr'><strong>(se.</strong></span> <span class='ocrx_word' id='word_1_158' title='bbox 691 1951 827 2039; x_wconf 84' lang='lat' dir='ltr'><strong>Paulus)</strong></span> <span class='ocrx_word' id='word_1_159' title='bbox 851 1954 934 2019; x_wconf 89' lang='lat' dir='ltr'><strong>libro</strong></span> <span class='ocrx_word' id='word_1_160' title='bbox 955 1961 1072 2039; x_wconf 86' lang='lat' dir='ltr'><strong>quarto</strong></span> 
     </span>
     <span class='ocr_line' id='line_1_21' title="bbox 61 2040 1073 2129; baseline 0.003 -23"><span class='ocrx_word' id='word_1_161' title='bbox 61 2043 93 2106; x_wconf 82' lang='lat' dir='ltr'><strong>ed</strong></span> <span class='ocrx_word' id='word_1_162' title='bbox 111 2042 278 2107; x_wconf 84' lang='lat' dir='ltr'><strong>Plautium</strong></span> <span class='ocrx_word' id='word_1_163' title='bbox 297 2042 346 2128; x_wconf 79' lang='lat' dir='ltr'><strong>(P.</strong></span> <span class='ocrx_word' id='word_1_164' title='bbox 358 2040 468 2129; x_wconf 88' lang='lat'>1101).</span> <span class='ocrx_word' id='word_1_165' title='bbox 490 2078 530 2090; x_wconf 94' lang='lat'>-</span> <span class='ocrx_word' id='word_1_166' title='bbox 551 2041 585 2107; x_wconf 88' lang='lat' dir='ltr'><strong>Si</strong></span> <span class='ocrx_word' id='word_1_167' title='bbox 603 2042 745 2107; x_wconf 86' lang='lat' dir='ltr'><strong>creditor</strong></span> <span class='ocrx_word' id='word_1_168' title='bbox 763 2043 848 2107; x_wconf 82' lang='lat' dir='ltr'><strong>servi</strong></span> <span class='ocrx_word' id='word_1_169' title='bbox 866 2045 907 2108; x_wconf 83' lang='lat' dir='ltr'><strong>ub</strong></span> <span class='ocrx_word' id='word_1_170' title='bbox 927 2050 1073 2128; x_wconf 85' lang='lat' dir='ltr'><strong>emptore</strong></span> 
     </span>
     <span class='ocr_line' id='line_1_22' title="bbox 61 2128 1073 2216; baseline 0.001 -20"><span class='ocrx_word' id='word_1_171' title='bbox 61 2136 140 2197; x_wconf 83' lang='lat' dir='ltr'><strong>esset</strong></span> <span class='ocrx_word' id='word_1_172' title='bbox 163 2135 293 2214; x_wconf 85' lang='lat' dir='ltr'><strong>partem</strong></span> <span class='ocrx_word' id='word_1_173' title='bbox 315 2135 516 2214; x_wconf 87' lang='lat' dir='ltr'><strong>consecutus,</strong></span> <span class='ocrx_word' id='word_1_174' title='bbox 538 2132 675 2197; x_wconf 76' lang='lat' dir='ltr'><strong>dandrcm</strong></span> <span class='ocrx_word' id='word_1_175' title='bbox 692 2128 771 2196; x_wconf 73' lang='lat' dir='ltr'><strong>escol</strong></span> <span class='ocrx_word' id='word_1_176' title='bbox 793 2132 829 2195; x_wconf 92' lang='lat' dir='ltr'><strong>in</strong></span> <span class='ocrx_word' id='word_1_177' title='bbox 851 2132 1012 2216; x_wconf 89' lang='lat' dir='ltr'><strong>reliquum</strong></span> <span class='ocrx_word' id='word_1_178' title='bbox 1037 2134 1073 2197; x_wconf 87' lang='lat' dir='ltr'><strong>in</strong></span> 
     </span>
     <span class='ocr_line' id='line_1_23' title="bbox 60 2219 1074 2306; baseline 0.005 -25"><span class='ocrx_word' id='word_1_179' title='bbox 60 2221 258 2285; x_wconf 80' lang='lat' dir='ltr'><strong>venditorem</strong></span> <span class='ocrx_word' id='word_1_180' title='bbox 280 2221 360 2284; x_wconf 88' lang='lat' dir='ltr'><strong>utile</strong></span> <span class='ocrx_word' id='word_1_181' title='bbox 382 2220 536 2285; x_wconf 90' lang='lat' dir='ltr'><strong>iudicium</strong></span> <span class='ocrx_word' id='word_1_182' title='bbox 554 2219 710 2285; x_wconf 87' lang='lat' dir='ltr'><strong>Proculus</strong></span> <span class='ocrx_word' id='word_1_183' title='bbox 734 2220 789 2301; x_wconf 82' lang='lat' dir='ltr'><strong>ait,</strong></span> <span class='ocrx_word' id='word_1_184' title='bbox 813 2220 869 2283; x_wconf 92' lang='lat' dir='ltr'><strong>sed</strong></span> <span class='ocrx_word' id='word_1_185' title='bbox 890 2221 1074 2306; x_wconf 81' lang='lat' dir='ltr'><strong>reintegra</strong></span> 
     </span>
     <span class='ocr_line' id='line_1_24' title="bbox 60 2307 1073 2393; baseline 0 -21"><span class='ocrx_word' id='word_1_186' title='bbox 60 2328 119 2373; x_wconf 89' lang='lat' dir='ltr'><strong>uon</strong></span> <span class='ocrx_word' id='word_1_187' title='bbox 153 2330 224 2373; x_wconf 88' lang='lat' dir='ltr'><strong>esse</strong></span> <span class='ocrx_word' id='word_1_188' title='bbox 254 2308 506 2393; x_wconf 89' lang='lat' dir='ltr'><strong>permittendum</strong></span> <span class='ocrx_word' id='word_1_189' title='bbox 534 2309 637 2374; x_wconf 86' lang='lat' dir='ltr'><strong>actori</strong></span> <span class='ocrx_word' id='word_1_190' title='bbox 663 2307 803 2372; x_wconf 86' lang='lat' dir='ltr'><strong>dividere</strong></span> <span class='ocrx_word' id='word_1_191' title='bbox 832 2309 1004 2392; x_wconf 83' lang='lat' dir='ltr'><strong>actionem,</strong></span> <span class='ocrx_word' id='word_1_192' title='bbox 1036 2316 1073 2375; x_wconf 92' lang='lat' dir='ltr'><strong>ut</strong></span> 
     </span>
     <span class='ocr_line' id='line_1_25' title="bbox 61 2397 1073 2482; baseline 0.002 -21"><span class='ocrx_word' id='word_1_193' title='bbox 61 2397 151 2461; x_wconf 89' lang='lat' dir='ltr'><strong>simul</strong></span> <span class='ocrx_word' id='word_1_194' title='bbox 175 2419 249 2461; x_wconf 89' lang='lat' dir='ltr'><strong>cum</strong></span> <span class='ocrx_word' id='word_1_195' title='bbox 273 2403 418 2480; x_wconf 86' lang='lat' dir='ltr'><strong>emptore</strong></span> <span class='ocrx_word' id='word_1_196' title='bbox 442 2401 567 2461; x_wconf 90' lang='lat' dir='ltr'><strong>etcum</strong></span> <span class='ocrx_word' id='word_1_197' title='bbox 584 2397 752 2462; x_wconf 77' lang='lat' dir='ltr'><strong>venditore</strong></span> <span class='ocrx_word' id='word_1_198' title='bbox 771 2397 968 2482; x_wconf 82' lang='lat' dir='ltr'><strong>experietur3</strong></span> <span class='ocrx_word' id='word_1_199' title='bbox 991 2399 1073 2463; x_wconf 83' lang='lat' dir='ltr'><strong>satis</strong></span> 
     </span>
     <span class='ocr_line' id='line_1_26' title="bbox 60 2485 1072 2569; baseline 0.004 -22"><span class='ocrx_word' id='word_1_200' title='bbox 60 2486 139 2549; x_wconf 88' lang='lat' dir='ltr'><strong>enim</strong></span> <span class='ocrx_word' id='word_1_201' title='bbox 168 2507 239 2549; x_wconf 89' lang='lat' dir='ltr'><strong>esse</strong></span> <span class='ocrx_word' id='word_1_202' title='bbox 266 2485 328 2550; x_wconf 88' lang='lat' dir='ltr'><strong>hoo</strong></span> <span class='ocrx_word' id='word_1_203' title='bbox 354 2487 459 2552; x_wconf 91' lang='lat' dir='ltr'><strong>solum</strong></span> <span class='ocrx_word' id='word_1_204' title='bbox 487 2487 517 2550; x_wconf 92' lang='lat' dir='ltr'><strong>ei</strong></span> <span class='ocrx_word' id='word_1_205' title='bbox 543 2485 657 2566; x_wconf 87' lang='lat' dir='ltr'><strong>tribui,</strong></span> <span class='ocrx_word' id='word_1_206' title='bbox 684 2489 722 2549; x_wconf 91' lang='lat' dir='ltr'><strong>ut</strong></span> <span class='ocrx_word' id='word_1_207' title='bbox 745 2485 882 2550; x_wconf 87' lang='lat' dir='ltr'><strong>rescisso</strong></span> <span class='ocrx_word' id='word_1_208' title='bbox 906 2486 1072 2569; x_wconf 89' lang='lat' dir='ltr'><strong>superiore</strong></span> 
     </span>
     <span class='ocr_line' id='line_1_27' title="bbox 60 2572 1072 2655; baseline 0.004 -19"><span class='ocrx_word' id='word_1_209' title='bbox 60 2572 173 2638; x_wconf 89' lang='lat' dir='ltr'><strong>indicio</strong></span> <span class='ocrx_word' id='word_1_210' title='bbox 193 2574 228 2638; x_wconf 90' lang='lat' dir='ltr'><strong>iu</strong></span> <span class='ocrx_word' id='word_1_211' title='bbox 247 2574 386 2638; x_wconf 80' lang='lat' dir='ltr'><strong>alterum</strong></span> <span class='ocrx_word' id='word_1_212' title='bbox 406 2575 500 2639; x_wconf 89' lang='lat' dir='ltr'><strong>detur</strong></span> <span class='ocrx_word' id='word_1_213' title='bbox 518 2575 547 2638; x_wconf 93' lang='lat' dir='ltr'><strong>ei</strong></span> <span class='ocrx_word' id='word_1_214' title='bbox 566 2575 662 2655; x_wconf 85' lang='lat' dir='ltr'><strong>actio,</strong></span> <span class='ocrx_word' id='word_1_215' title='bbox 681 2594 754 2638; x_wconf 91' lang='lat' dir='ltr'><strong>cum</strong></span> <span class='ocrx_word' id='word_1_216' title='bbox 773 2574 875 2640; x_wconf 89' lang='lat' dir='ltr'><strong>electo</strong></span> <span class='ocrx_word' id='word_1_217' title='bbox 894 2596 950 2639; x_wconf 87' lang='lat' dir='ltr'><strong>reo</strong></span> <span class='ocrx_word' id='word_1_218' title='bbox 964 2576 1072 2640; x_wconf 90' lang='lat' dir='ltr'><strong>minus</strong></span> 
     </span>
     <span class='ocr_line' id='line_1_28' title="bbox 60 2666 363 2728; baseline -0.003 -1"><span class='ocrx_word' id='word_1_219' title='bbox 60 2666 140 2727; x_wconf 85' lang='lat' dir='ltr'><strong>esset</strong></span> <span class='ocrx_word' id='word_1_220' title='bbox 163 2667 363 2728; x_wconf 89' lang='lat' dir='ltr'><strong>consecutus.</strong></span> 
     </span>
    </p>
   </div>
   <div class='ocr_carea' id='block_1_3' title="bbox 61 2758 1069 2930">
    <p class='ocr_par' dir='ltr' id='par_1_6' title="bbox 61 2758 1069 2930">
     <span class='ocr_line' id='line_1_29' title="bbox 143 2758 1069 2848; baseline 0 -14"><span class='ocrx_word' id='word_1_221' title='bbox 143 2775 226 2834; x_wconf 72' lang='lat' dir='ltr'><strong>no.</strong></span> <span class='ocrx_word' id='word_1_222' title='bbox 249 2773 345 2834; x_wconf 69' lang='lat' dir='ltr'><strong>aaut:</strong></span> <span class='ocrx_word' id='word_1_223' title='bbox 370 2769 413 2834; x_wconf 71' lang='lat' dir='ltr'><strong>‘et</strong></span> <span class='ocrx_word' id='word_1_224' title='bbox 434 2774 492 2834; x_wconf 85' lang='lat' dir='ltr'><strong>hoc</strong></span> <span class='ocrx_word' id='word_1_225' title='bbox 514 2774 581 2833; x_wconf 80' lang='lat' dir='ltr'><strong>iure</strong></span> <span class='ocrx_word' id='word_1_226' title='bbox 604 2767 740 2834; x_wconf 78' lang='lat' dir='ltr'><strong>utimur&#39;.</strong></span> <span class='ocrx_word' id='word_1_227' title='bbox 782 2777 818 2848; x_wconf 71' lang='lat' dir='ltr'><strong>cf.</strong></span> <span class='ocrx_word' id='word_1_228' title='bbox 844 2775 962 2834; x_wconf 70' lang='lat' dir='ltr'><strong>erman</strong></span> <span class='ocrx_word' id='word_1_229' title='bbox 985 2776 1019 2834; x_wconf 81' lang='lat' dir='ltr'><strong>Z.</strong></span> <span class='ocrx_word' id='word_1_230' title='bbox 1042 2758 1069 2835; x_wconf 68' lang='lat' dir='ltr'><strong>css</strong></span> 
     </span>
     <span class='ocr_line' id='line_1_30' title="bbox 61 2861 360 2930; baseline 0 -8"><span class='ocrx_word' id='word_1_231' title='bbox 61 2861 178 2924; x_wconf 69' lang='lat' dir='ltr'><strong>rac-sc.</strong></span> <span class='ocrx_word' id='word_1_232' title='bbox 204 2863 276 2930; x_wconf 82' lang='lat' dir='ltr'><strong>xx,</strong></span> <span class='ocrx_word' id='word_1_233' title='bbox 289 2866 360 2922; x_wconf 81' lang='lat'><em>246.</em></span> 
     </span>
    </p>
   </div>
   <div class='ocr_carea' id='block_1_4' title="bbox 373 2999 752 3070">
    <p class='ocr_par' dir='ltr' id='par_1_7' title="bbox 373 2999 752 3070">
     <span class='ocr_line' id='line_1_31' title="bbox 373 2999 752 3070; baseline -0.003 -7"><span class='ocrx_word' id='word_1_234' title='bbox 373 2999 424 3064; x_wconf 85' lang='lat' dir='ltr'><strong>Dc</strong></span> <span class='ocrx_word' id='word_1_235' title='bbox 445 2999 604 3070; x_wconf 78' lang='lat' dir='ltr'><strong>institoria</strong></span> <span class='ocrx_word' id='word_1_236' title='bbox 625 3000 752 3063; x_wconf 68' lang='lat' dir='ltr'><strong>achone.</strong></span> 
     </span>
    </p>
   </div>
   <div class='ocr_carea' id='block_1_5' title="bbox 63 3118 1073 3466">
    <p class='ocr_par' dir='ltr' id='par_1_8' title="bbox 63 3118 1073 3466">
     <span class='ocr_line' id='line_1_32' title="bbox 145 3118 1072 3209; baseline -0.002 -20"><span class='ocrx_word' id='word_1_237' title='bbox 145 3124 197 3189; x_wconf 78' lang='lat'><strong>12.</strong></span> <span class='ocrx_word' id='word_1_238' title='bbox 221 3122 260 3187; x_wconf 92' lang='lat' dir='ltr'><strong>D.</strong></span> <span class='ocrx_word' id='word_1_239' title='bbox 271 3122 322 3204; x_wconf 90' lang='lat'><strong>14,</strong></span> <span class='ocrx_word' id='word_1_240' title='bbox 331 3123 424 3208; x_wconf 79' lang='lat'>3,17,</span> <span class='ocrx_word' id='word_1_241' title='bbox 433 3123 463 3186; x_wconf 90' lang='lat'><strong>4.</strong></span> <span class='ocrx_word' id='word_1_242' title='bbox 504 3121 594 3188; x_wconf 90' lang='lat' dir='ltr'><strong>Idem</strong></span> <span class='ocrx_word' id='word_1_243' title='bbox 618 3121 677 3208; x_wconf 84' lang='lat' dir='ltr'><strong>(so.</strong></span> <span class='ocrx_word' id='word_1_244' title='bbox 690 3118 825 3209; x_wconf 83' lang='lat' dir='ltr'><strong>Paulus)</strong></span> <span class='ocrx_word' id='word_1_245' title='bbox 848 3122 935 3189; x_wconf 90' lang='lat' dir='ltr'><strong>libro</strong></span> <span class='ocrx_word' id='word_1_246' title='bbox 954 3123 1072 3207; x_wconf 82' lang='lat' dir='ltr'><strong>trigen-</strong></span> 
     </span>
     <span class='ocr_line' id='line_1_33' title="bbox 63 3207 1073 3298; baseline -0.001 -22"><span class='ocrx_word' id='word_1_247' title='bbox 63 3210 139 3277; x_wconf 88' lang='lat' dir='ltr'><strong>simo</strong></span> <span class='ocrx_word' id='word_1_248' title='bbox 158 3212 200 3276; x_wconf 82' lang='lat' dir='ltr'><strong>ed</strong></span> <span class='ocrx_word' id='word_1_249' title='bbox 219 3211 359 3276; x_wconf 86' lang='lat' dir='ltr'><strong>edietum</strong></span> <span class='ocrx_word' id='word_1_250' title='bbox 377 3207 526 3298; x_wconf 79' lang='lat' dir='ltr'><strong>(P.457).</strong></span> <span class='ocrx_word' id='word_1_251' title='bbox 544 3248 587 3257; x_wconf 88' lang='lat'>—</span> <span class='ocrx_word' id='word_1_252' title='bbox 605 3209 763 3275; x_wconf 87' lang='lat' dir='ltr'><strong>Proculus</strong></span> <span class='ocrx_word' id='word_1_253' title='bbox 783 3211 838 3294; x_wconf 82' lang='lat' dir='ltr'><strong>eit,</strong></span> <span class='ocrx_word' id='word_1_254' title='bbox 858 3212 884 3275; x_wconf 90' lang='lat' dir='ltr'><strong>si</strong></span> <span class='ocrx_word' id='word_1_255' title='bbox 903 3212 1073 3275; x_wconf 86' lang='lat' dir='ltr'><strong>denuntia·</strong></span> 
     </span>
     <span class='ocr_line' id='line_1_34' title="bbox 64 3299 1071 3384; baseline 0 -21"><span class='ocrx_word' id='word_1_256' title='bbox 64 3320 132 3366; x_wconf 81' lang='lat' dir='ltr'><strong>vero</strong></span> <span class='ocrx_word' id='word_1_257' title='bbox 146 3299 218 3383; x_wconf 79' lang='lat' dir='ltr'><strong>tibi,</strong></span> <span class='ocrx_word' id='word_1_258' title='bbox 231 3322 272 3364; x_wconf 89' lang='lat' dir='ltr'><strong>ne</strong></span> <span class='ocrx_word' id='word_1_259' title='bbox 287 3321 380 3365; x_wconf 87' lang='lat' dir='ltr'><strong>servo</strong></span> <span class='ocrx_word' id='word_1_260' title='bbox 395 3323 415 3364; x_wconf 81' lang='lat' dir='ltr'>a</span> <span class='ocrx_word' id='word_1_261' title='bbox 424 3322 475 3364; x_wconf 90' lang='lat' dir='ltr'><strong>me</strong></span> <span class='ocrx_word' id='word_1_262' title='bbox 484 3299 673 3384; x_wconf 81' lang='lat' dir='ltr'><strong>praeposito</strong></span> <span class='ocrx_word' id='word_1_263' title='bbox 684 3299 837 3382; x_wconf 86' lang='lat' dir='ltr'><strong>crederes,</strong></span> <span class='ocrx_word' id='word_1_264' title='bbox 853 3302 1071 3383; x_wconf 86' lang='lat' dir='ltr'><strong>exceptionem</strong></span> 
     </span>
     <span class='ocr_line' id='line_1_35' title="bbox 64 3386 1071 3466; baseline -0.001 -14"><span class='ocrx_word' id='word_1_265' title='bbox 64 3386 208 3454; x_wconf 77' lang='lat' dir='ltr'><strong>dandam:</strong></span> <span class='ocrx_word' id='word_1_266' title='bbox 237 3388 277 3453; x_wconf 74' lang='lat' dir='ltr'><strong>‘si</strong></span> <span class='ocrx_word' id='word_1_267' title='bbox 304 3389 362 3454; x_wconf 88' lang='lat' dir='ltr'><strong>ille</strong></span> <span class='ocrx_word' id='word_1_268' title='bbox 389 3390 438 3453; x_wconf 92' lang='lat' dir='ltr'><strong>illi</strong></span> <span class='ocrx_word' id='word_1_269' title='bbox 465 3410 531 3452; x_wconf 90' lang='lat' dir='ltr'><strong>non</strong></span> <span class='ocrx_word' id='word_1_270' title='bbox 559 3388 809 3466; x_wconf 84' lang='lat' dir='ltr'><strong>denuntiaverit,</strong></span> <span class='ocrx_word' id='word_1_271' title='bbox 836 3410 876 3452; x_wconf 90' lang='lat' dir='ltr'><strong>ne</strong></span> <span class='ocrx_word' id='word_1_272' title='bbox 903 3388 953 3451; x_wconf 90' lang='lat' dir='ltr'><strong>illi</strong></span> <span class='ocrx_word' id='word_1_273' title='bbox 979 3409 1071 3451; x_wconf 83' lang='lat' dir='ltr'><strong>servo</strong></span> 
     </span>
    </p>
   </div>
   <div class='ocr_carea' id='block_1_6' title="bbox 128 3545 427 3614">
    <p class='ocr_par' dir='ltr' id='par_1_9' title="bbox 128 3545 427 3614">
     <span class='ocr_line' id='line_1_36' title="bbox 128 3545 427 3614; baseline 0 -15"><span class='ocrx_word' id='word_1_274' title='bbox 128 3550 143 3599; x_wconf 88' lang='lat'>1</span> <span class='ocrx_word' id='word_1_275' title='bbox 165 3545 241 3601; x_wconf 76' lang='grc' dir='ltr'><strong>Ττῶ.</strong></span> <span class='ocrx_word' id='word_1_276' title='bbox 260 3546 427 3614; x_wconf 87' lang='lat' dir='ltr'><strong>competere.</strong></span> 
     </span>
    </p>
   </div>
   <div class='ocr_carea' id='block_1_7' title="bbox 0 0 1231 3944">
    <p class='ocr_par' dir='ltr' id='par_1_10' title="bbox 0 0 1231 3944">
     <span class='ocr_line' id='line_1_37' title="bbox 0 0 1231 3944; baseline 0 0"><span class='ocrx_word' id='word_1_277' title='bbox 0 0 1231 3944; x_wconf 95' lang='lat' dir='ltr'><strong> </strong></span> 
     </span>
    </p>
   </div>
  </div>
 </body>
</html>
