2430 3944
412 191 437 240 5.
461 184 579 242 TITIUS
597 184 728 242 ARISTO
1012 186 1076 251 367

54 353 152 435 pater
181 350 266 414 male
294 352 409 415 conha
437 349 592 433 pietatem
622 348 807 434 adficiebat,
839 350 946 434 coegit
973 372 1080 416 eman-

56 439 176 523 cipare.
230 442 293 522 quo
325 442 441 522 postea
473 437 622 504 defuncto
658 441 752 522 pater
787 442 824 504 ut
862 441 1079 505 manumissor

55 528 218 593 bonorum
254 527 493 612 possessionem
530 526 593 591 sibi
630 529 812 612 competere
845 527 985 613 dicebat,
1021 528 1079 593 sed

57 616 197 683 consilio
220 615 348 682 Neratii
367 615 471 681 Prisci
494 618 526 680 et
544 615 710 680 Aristonis
734 615 763 680 ei
786 618 920 700 propter
941 618 1079 682 necessi-

56 709 164 771 tatem
197 704 372 770 solvendae
403 705 536 790 pietatis
569 700 796 791 (potestatisP)
829 704 989 796 denegata
1020 709 1078 772 est.

314 899 364 965 De
386 900 495 983 tepolis
518 904 548 964 et
568 900 823 984 fideicommissis.

147 1025 179 1091 3.
202 1022 241 1088 D.
257 1024 310 1107 33,
319 1025 350 1108 2,
359 1023 412 1089 22.
457 1023 619 1108 Ulpianus
643 1023 727 1088 libro
752 1023 1013 1109 quintodecimo
1038 1026 1079 1091 ad

55 1114 166 1199 legem
185 1111 305 1178 Iuliam
327 1117 361 1179 et
378 1112 515 1196 Papiam
534 1111 583 1197 (P.
593 1111 706 1199 2035).
725 1149 768 1160 -
789 1112 995 1179 ‘Patrimonii
1014 1115 1078 1180 mei

55 1201 199 1267 reditum
223 1202 372 1267 omnibus
396 1201 490 1267 annis
514 1203 608 1267 uxori
631 1223 722 1266 meae
742 1201 814 1266 dari
832 1202 928 1268 volo'.
965 1203 1077 1269 Aristo

54 1290 229 1376 respondit
256 1290 296 1355 ad
324 1291 475 1356 heredem
503 1291 615 1356 uxoris
642 1312 710 1356 non
736 1292 891 1377 transire,
919 1293 995 1376 quia
1021 1295 1079 1358 aut

54 1381 131 1445 usui
163 1378 285 1497 fructui
317 1378 422 1444 simile
456 1384 542 1444 esset
574 1383 631 1445 aut
656 1380 733 1445 huie
761 1380 872 1467 legato
902 1379 948 1446 ‘in
977 1403 1078 1446 annos

55 1469 226 1554 singulos.

145 1576 177 1640 4.
210 1572 250 1640 D.
273 1575 326 1654 36,
351 1576 379 1657 1,
403 1575 434 1655 3,
456 1575 486 1640 2.
532 1573 690 1658 Ulpianus
727 1575 811 1640 libro
843 1577 941 1640 tertio
974 1575 1078 1642 Fidei-

55 1664 307 1730 commissorum
335 1661 384 1751 (P.
402 1662 511 1747 1873).
538 1700 576 1711 -
603 1712 638 1728 ..
665 1662 865 1748 Pomponius
894 1664 1020 1748 scribit,
1049 1666 1078 1731 si

56 1752 205 1818 deductis
237 1752 358 1838 legatis
391 1752 562 1818 restituere
595 1753 666 1835 quis
694 1752 906 1819 hereditatem
934 1759 1078 1838 rogatur,

57 1842 244 1926 quaesitum
267 1844 324 1923 est,
347 1845 457 1906 utrum
481 1841 585 1906 solida
607 1842 717 1925 legata
740 1841 938 1924 praestanda
961 1844 1028 1907 sint
1046 1849 1079 1906 et

57 1935 211 2013 quartam
238 1951 277 1994 ex
305 1931 374 1995 solo
402 1929 655 1994 fideicommissa
684 1929 854 1995 detrahere
882 1931 1002 2015 possit,
1035 1953 1078 1995 an

55 2041 134 2084 vero
164 2023 197 2083 et
224 2040 263 2083 ex
289 2019 407 2103 legatis
438 2025 471 2082 et
499 2039 538 2082 ex
565 2017 815 2083 fideicommisso
844 2022 996 2102 quartam
1025 2018 1076 2084 de·

56 2108 188 2173 trahere
219 2107 346 2192 possit?
396 2111 430 2172 et
459 2106 559 2171 refert
586 2105 776 2172 Aristonem
803 2107 1011 2191 respondisse
1038 2129 1078 2171 ex

56 2196 211 2262 omnibus
244 2196 491 2279 detrahendam,
523 2195 585 2261 hoe
618 2200 669 2260 est
702 2217 742 2260 ex
773 2197 894 2281 legatis
927 2201 960 2259 et
988 2195 1078 2260 fidei-

56 2307 242 2351 commisso.

148 2391 179 2458 5.
211 2391 250 2457 D.
268 2392 348 2476 4,4,
369 2391 419 2475 16,
438 2392 468 2456 2.
519 2391 681 2475 Ulpianus
714 2391 798 2456 libro
831 2391 1001 2456 undecimo
1035 2391 1075 2456 ad

57 2482 201 2547 edictum
226 2478 378 2567 (P.406).
403 2517 444 2526 —
469 2480 716 2564 Pomponius..
740 2480 840 2545 refert
862 2480 945 2546 libro
968 2481 1075 2546 vicen·

57 2573 143 2636 simo
172 2572 302 2655 octavo,
328 2591 401 2634 cum
425 2569 556 2653 quidam
580 2569 674 2634 heres
697 2571 832 2653 rogatus
857 2573 942 2634 esset
964 2569 1076 2634 fratris

57 2660 144 2725 filiae
173 2660 356 2742 complures
384 2679 435 2723 res
465 2657 541 2722 dare
569 2680 608 2723 ea
636 2656 837 2741 condicione,
868 2661 919 2742 ut,
950 2658 978 2722 si
1005 2659 1077 2723 sine

57 2747 173 2814 liberis
201 2746 405 2830 decessisset,
432 2748 619 2812 restitueret
646 2767 701 2811 eas
730 2746 842 2811 heredi
864 2750 898 2812 et
920 2747 1000 2812 haec
1024 2748 1076 2813 de-

56 2837 170 2902 functo
208 2835 325 2900 herede
357 2835 467 2901 heredi
501 2836 569 2900 eius
602 2836 741 2900 cavisset
773 2855 807 2899 se
839 2836 1077 2921 restituturam,

57 2927 247 2991 Aristonem
269 2928 401 3008 putasse
423 2925 457 2987 in
479 2924 642 3008 integrum
666 2923 909 2989 restituendam.

395 3100 445 3166 Dc
468 3101 604 3166 libertate
625 3101 742 3167 relicto.

149 3228 179 3292 6.
201 3227 243 3293 D.
251 3227 305 3311 40,
314 3226 345 3305 4,
353 3226 407 3293 46.
438 3225 636 3310 Pomponius
655 3224 740 3290 libro
758 3226 895 3310 septimo
911 3248 950 3290 ex
968 3224 1076 3290 Variis

59 3317 267 3383 Lectionibus
291 3314 342 3401 (P.
358 3311 447 3398 825).
469 3352 506 3360 —
533 3314 644 3379 Aristo
668 3312 803 3381 Neratio
832 3313 1002 3400 Appiano¹
1029 3335 1076 3377 re·

113 3490 322 3618 ‘rtldommsen
341 3506 391 3559 pro
407 3489 560 3559 ‘Appiano’
581 3489 675 3560 potins
691 3487 808 3545 ‘Prisco'
825 3488 1001 3546 scribendum
1016 3502 1077 3543 esse

58 3578 149 3618 comer
165 3603 171 3616 .
