2430 3944
96 162 162 226 408
200 161 233 218 V.
251 159 403 217 NERVAE
422 159 468 214 ET
486 159 639 216 TRAIANI
657 160 765 216 ΤΕΜΡ.
783 159 881 214 IURIS
900 159 1081 217 CONSULTI

97 345 154 391 suo
185 344 222 390 en
253 325 319 389 dote
352 321 453 388 dioto¹
482 325 645 407 pecuniam
677 324 810 408 debebat,
841 324 944 389 oirum
974 323 1110 389 heredem

96 415 143 478 ita
169 413 360 491 instituerat,
386 413 416 478 si
442 433 511 477 eom
532 414 714 496 muniam,
741 433 835 495 quam
864 413 929 478 doti
958 409 1111 490 dixissed,

96 523 191 584 neque
211 503 339 584 petisset
359 522 455 584 neque
482 502 632 585 caepisset.
674 507 758 585 puto,
780 503 810 567 si
831 502 881 566 oir
903 502 1112 567 denuntiasset

96 591 202 656 ceteris
227 589 385 656 heredibus
406 611 466 673 per
487 611 520 656 se
541 610 605 655 non
626 595 721 675 stare,
746 611 805 673 quo
828 591 933 655 minus
956 596 1111 673 aeoeptnm

94 680 209 759 saeeret
225 680 261 744 id
275 680 358 763 quod
373 699 411 744 en
429 681 497 746 dote
513 679 573 745 sibi
589 679 752 762 deberetur,
771 680 876 744 statim
891 699 960 744 eum
973 679 1112 745 heredem

94 769 247 850 futurum.
297 769 380 850 quod
408 768 438 834 si
468 769 552 834 solus
583 767 668 834 heres
698 769 858 834 institutus
889 772 965 833 esset
991 769 1027 832 in
1056 768 1112 833 tali

96 858 278 936 condicione,
291 856 390 922 nihiho
404 858 510 922 ninus
516 861 595 940 puto
608 858 714 922 statim
727 878 796 922 eum
809 857 945 922 heredem
957 857 1112 938 freherum,

97 948 174 1028 quio
200 944 366 1022 ἀδύνατος
393 948 528 1011 eondioio
552 966 611 1028 pro
637 967 700 1011 non
722 947 839 1028 scripta
861 946 1039 1027 accipienda
1061 950 1112 1010 est.

188 1035 238 1099 17.
267 1033 306 1099 D.
329 1034 445 1115 ibid&
468 1037 494 1099 1.
518 1033 622 1099 -Si
647 1036 718 1117 quis
744 1034 964 1100 hereditarium
990 1054 1113 1100 serrum

96 1123 200 1188 iussus
222 1128 266 1188 est
287 1125 503 1188 manumittere
524 1128 553 1188 et
574 1123 658 1188 heres
679 1143 754 1204 esse,
777 1125 927 1206 quamuis,
949 1124 978 1188 si
1000 1143 1111 1187 monu-

96 1213 223 1294 miserit,
242 1212 323 1277 nihil
341 1217 422 1295 apat,
442 1217 544 1277 tamen
561 1212 647 1278 heres
665 1213 738 1290 erit;
758 1233 863 1277 unum
880 1216 926 1278 est
941 1212 1026 1276 enim
1044 1232 1112 1276 eum

97 1302 324 1366 manumisisse.
365 1302 418 1366 sai
446 1306 520 1384 post
554 1302 722 1366 aditionem
759 1301 884 1366 libertas
919 1320 1006 1366 servo
1038 1302 1112 1366 data

96 1391 263 1455 seeundum
285 1390 472 1454 uoluntatem
495 1391 645 1455 testatoris
666 1389 853 1456 oonoahesoit.

82 1561 86 1570 ι
191 1478 238 1543 18.
269 1477 305 1542 D.
319 1477 395 1542 ibid.
410 1481 430 1559 ξ
445 1478 475 1542 2.
494 1478 594 1544 —Si
615 1480 685 1561 quis
704 1484 731 1543 te
748 1478 884 1544 heredem
901 1479 949 1543 ito
965 1478 1111 1561 institnit,

97 1567 127 1631 si
156 1586 188 1631 se
214 1566 349 1632 heredem
376 1568 561 1633 instituisses
587 1573 644 1633 aut
669 1568 747 1649 qnid
771 1567 831 1632 subi
858 1568 1000 1651 leposses,
1032 1565 1113 1631 nihil

97 1656 234 1732 interest,
266 1677 325 1737 quo
347 1657 451 1739 prada
478 1657 507 1722 is
533 1677 554 1720 a
580 1655 713 1722 teheres
736 1657 896 1722 institutus
917 1657 964 1720 ueh
986 1655 1113 1738 quidei

98 1744 230 1827 hepatem
251 1745 304 1823 sit,
331 1746 495 1810 dummodo
516 1745 621 1827 oliano
640 1746 743 1829 aradu
767 1746 800 1811 id
823 1750 849 1809 te
870 1745 976 1826 fecisse
991 1744 1112 1828 probes.

189 1832 239 1897 19.
268 1832 307 1898 Ι).
331 1835 384 1916 29,
403 1834 432 1916 2,
452 1834 504 1899 64.
527 1870 570 1881 -
594 1832 764 1899 Iavolenus
793 1835 876 1898 libro
907 1833 1046 1898 secundo
1074 1855 1112 1897 ex

98 1921 332 2005 posterioribus
342 1921 513 1986 Labeonis.
527 1960 570 1970 —
585 1921 698 1988 Savus
711 1924 842 1988 duorum
855 1923 940 1987 heres
953 1923 1113 1988 institutus

89 2016 127 2083 ,et
153 2008 299 2076 eernere³
330 2013 447 2095 iussus,
478 2013 507 2077 si
538 2012 667 2077 alterins
694 2013 814 2077 domini
839 2014 927 2076 iussu
954 2007 1113 2091 ereverit⁴,

97 2100 205 2165 deinde
236 2102 446 2166 manumissus
474 2102 584 2181 fuerit,
610 2101 727 2182 poterit
757 2103 821 2184 ipse
847 2099 1050 2185 [adeundo3]
1077 2119 1113 2164 ea

91 2195 185 2271 parte
206 2189 340 2254 dimidio
361 2189 446 2254 heres
468 2209 538 2254 esse.

510 2367 560 2432 De
583 2368 697 2450 hepatis.

423 2489 470 2546 De
492 2506 549 2547 usu
571 2490 669 2562 fructu
692 2489 790 2562 leuato.

189 2597 240 2661 20.
269 2597 307 2662 D.
327 2598 379 2681 33,
397 2599 427 2680 2,
442 2599 485 2663 30
500 2621 546 2682 pr.
597 2596 766 2661 Iavolenus
794 2597 878 2661 libro
907 2597 1048 2661 seeundo
1076 2618 1113 2660 ex

99 2685 334 2768 posterioribus
366 2684 535 2753 Labeonis.
568 2724 610 2732 -
643 2685 703 2751 Oui
739 2705 815 2751 usus
843 2686 965 2767 fruetus
998 2687 1113 2770 hepatus

98 2779 185 2852 esset,
214 2776 306 2840 donee
332 2777 360 2840 ei
388 2778 479 2841 totius
505 2778 585 2841 dotis
611 2776 785 2857 satisfieret,
812 2795 881 2839 oum
905 2776 932 2839 ei
954 2775 1040 2840 heres
1057 2773 1113 2858 <en

92 2862 207 2948 parte>
223 2884 284 2946 pro
307 2885 365 2929 suo
380 2871 475 2947 parte
496 2866 573 2930 satis
591 2866 725 2942 dedisset,
748 2865 890 2946 quomeds
907 2864 1021 2946 reliqui
1038 2864 1113 2929 sotis

99 2973 161 3016 non
186 2953 309 3033 dorent,
337 2958 439 3018 tamen
456 2974 516 3036 pro
539 2974 575 3017 ea
593 2958 685 3035 parte
707 2953 957 3029 usumfructum
980 2954 1112 3036 desinere

99 3039 207 3104 habere
224 3042 383 3106 mutierem
400 3044 448 3106 ait
464 3042 574 3107 Laheo.
606 3043 687 3107 idem
705 3043 775 3122 heri
792 3046 821 3106 et
837 3042 867 3106 si
878 3063 937 3123 per
955 3042 1112 3106 mulierem

99 3131 308 3284 Μωα2ᾷῗνῖξ,
318 3151 394 3283 ihhh
408 3135 903 3299 {nhnu-s-shhhhsonhoeslhhrhhominns
920 3240 1013 3284 nsum
1029 3219 1112 3300 frue-

100 3313 166 3372 tum
186 3308 290 3388 fundi,
313 3328 401 3390 quem
425 3309 452 3373 is
474 3308 595 3390 eohebot,
619 3310 785 3391 hepooerat:
808 3313 883 3390 opat
903 3309 1028 3374 eohonns
1046 3327 1112 3373 eum

174 3470 186 3518 1
210 3465 285 3519 Trib.
303 3462 481 3532 promissam.
552 3469 568 3517 2
590 3465 666 3521 Trib.
685 3463 868 3534 promisisset.

171 3543 187 3590 3
210 3537 285 3591 Tuo.
304 3534 390 3591 adire.
462 3543 479 3590 4
499 3536 573 3590 Tito.
594 3535 704 3591 adieris.
