2430 3944
355 169 381 218 4.
404 162 436 217 L.
455 161 641 217 NERATIUS
659 162 807 220 PltISOUS
1022 164 1088 230 353

63 325 200 393 traditio
227 348 401 410 excausa,
429 348 526 411 quam
548 348 658 392 veram
682 348 752 392 esse
774 328 938 413 existimo,
967 328 1088 394 sufficit

64 416 108 483 ad
123 415 346 498 efficiendum,
369 419 406 480 ut
428 415 461 480 id
478 415 570 500 ¹quod
590 416 672 481 mihi
690 416 846 481 traditum
865 422 916 482 est
932 440 992 502 pro
1012 440 1085 483 meo

63 503 275 591 possideam}
322 505 425 569 etita
447 504 603 570 Neratius
626 505 765 590 scripsit.

155 599 338 675 Pomponius
361 597 458 659 addit:
482 593 584 675 ‘idque
606 618 714 660 verum
735 593 831 676 puto'.
868 600 905 660 de
927 600 1045 661 ratione
1068 620 1087 660 a

63 687 251 748 Triboniano
275 687 393 749 adiecta
415 708 444 748 v.
462 687 586 747 Pemioe
609 679 654 747 11¹
675 708 706 764 p.
720 690 795 749 401.
810 690 874 749 406
899 709 927 750 n.
943 692 972 750 2.

155 776 249 836 Lenel
277 777 485 855 fragmentum
512 775 756 836 Membranarum
783 777 862 837 libro
889 778 917 836 V
945 778 1087 839 attribuit

63 866 179 932 collata
199 865 237 925 D.
252 867 304 943 22,
320 869 348 942 6,
364 869 393 944 2,
417 866 469 926 sed
492 869 671 944 argumento
694 884 754 926 non
777 867 851 927 satis
873 866 980 926 idoneo
1004 887 1086 927 usus.
1194 910 1207 923 .

156 957 221 1024 62?
249 957 289 1022 D.
302 958 357 1042 41,
372 958 515 1041 10‚4pr.
561 956 652 1023 Idem
681 955 740 1046 (so.
758 956 972 1048 Pomponius)
1001 960 1085 1025 libro

63 1046 259 1132 trigensimo
289 1047 428 1112 secundo
457 1047 497 1110 ad
526 1044 683 1112 Sabinum
712 1044 763 1135 (P.
783 1047 871 1132 769).
899 1084 940 1096 -
968 1047 1003 1114 si
1031 1070 1086 1113 an·

62 1136 175 1201 cillam
211 1136 366 1201 furtivam
398 1136 507 1200 emisti
538 1135 601 1200 fide
634 1137 720 1200 bona
751 1136 946 1223 <quodque>
977 1159 1016 1202 ex
1048 1160 1086 1202 ea

63 1228 182 1290 natum
200 1229 234 1291 et
252 1225 337 1310 apud
356 1230 389 1290 tc
408 1228 599 1308 conceptum
617 1229 669 1289 est
684 1225 733 1290 ita
746 1225 930 1310 possedisti,
949 1230 986 1291 ut
998 1227 1086 1292 intra

61 1312 204 1379 (tarsum1
227 1335 440 1398 cognosceres
464 1317 602 1378 matrem
626 1313 695 1380 eius
717 1314 873 1380 furtivam
897 1337 981 1399 esse,
1008 1315 1086 1381 Tre-

63 1402 176 1468 batius
204 1401 374 1487 (Neratius
385 1399 417 1489 ?)
451 1405 539 1467 omni
570 1403 681 1487 modo,
710 1403 796 1488 quod
823 1404 871 1469 ita
896 1424 1086 1487 possessum

60 1495 163 1570 esset,
186 1499 380 1575 usucaptum
404 1513 484 1556 esse.

154 1585 278 1645 Pernice
301 1586 354 1662 qui
371 1586 403 1644 ΙΙ
416 1606 445 1661 p.
458 1587 520 1645 204
536 1587 618 1646 n.44
642 1583 756 1645 Cuiaoii
780 1585 982 1647 coniecturam
1005 1587 1085 1647 haud

61 1673 109 1733 ita
131 1693 258 1749 pravam
281 1693 345 1734 esse
368 1668 451 1753 (‘gar
467 1674 553 1734 nicht
572 1692 605 1734 so
623 1666 723 1755 libel')
743 1674 827 1751 dixit,
850 1674 881 1734 in
900 1675 997 1735 altera
1014 1677 1085 1735 libri

60 1762 197 1823 editione
224 1785 253 1839 p.
273 1765 336 1823 402
361 1766 424 1823 n.3
453 1763 550 1841 magis
576 1762 707 1836 dubitat,
736 1781 790 1822 nec
812 1764 912 1824 minus
936 1764 1028 1824 Lenel
1052 1766 1085 1824 in

61 1853 94 1913 P.
119 1852 203 1928 apud
225 1852 401 1912 Trebatium
426 1853 475 1910 77.

346 2068 375 2127 2.
407 2064 459 2124 Ad
482 2065 539 2123 ius
562 2064 807 2125 honorarium.

153 2183 338 2259 Fragmenta
356 2179 491 2256 disposui
510 2179 675 2240 secundum
694 2179 824 2240 edictum
844 2199 862 2239 a
879 2181 997 2241 Iuliano
1016 2199 1084 2241 con-

59 2273 215 2333 stitutum.

237 2391 299 2472 Qua·
321 2390 385 2454 cisi
402 2410 462 2471 pro
485 2389 575 2454 certis
592 2389 737 2471 personis
753 2389 918 2471 poenitent.

155 2498 206 2563 63.
225 2497 265 2563 D.
275 2499 306 2580 3,
315 2497 346 2580 2,
358 2498 408 2580 11,
418 2497 448 2560 3.
488 2494 649 2579 Ulpianus
668 2494 752 2560 libro
772 2498 864 2560 sexto
883 2495 923 2559 ad
942 2495 1082 2561 edictum

59 2584 113 2674 (P.
133 2587 224 2665 284).
252 2622 295 2633 —
323 2585 397 2650 Non
432 2584 538 2649 solent
567 2633 602 2649 ..
632 2583 749 2667 lugeri,
781 2590 819 2648 ut
845 2583 999 2649 Neratius
1028 2584 1082 2668 ait,
1113 2600 1117 2607 ·

60 2677 177 2740 hostes
204 2676 256 2739 vel
285 2673 517 2760 perduellionis
544 2673 688 2738 damnati
715 2694 775 2737 uec
798 2674 1000 2757 suspendiosi
1022 2694 1082 2738 nec

62 2766 120 2851 qui
145 2785 260 2830 manus
283 2764 347 2829 sibi
369 2763 549 2828 intulerunt
571 2784 638 2827 non
660 2761 768 2826 taedio
793 2762 892 2846 vitae,
916 2762 971 2827 sed
994 2764 1082 2827 mala

58 2855 270 2918 conscientia.

75 3031 169 3113 Quod
189 3033 394 3112 cuiuscunque
417 3028 641 3164 calamitatis?
652 3028 776 3093 nomine
798 3028 844 3093 cel
865 3034 973 3094 contro
995 3049 1063 3093 cum

504 3122 629 3200 apator.

154 3228 206 3292 64.
234 3226 274 3290 D.
288 3225 340 3309 50,
357 3226 407 3306 16,
422 3225 473 3291 85.
519 3223 693 3288 Marcellus
721 3223 805 3289 libro
833 3224 937 3308 primo
965 3221 1081 3307 Diges-

61 3321 172 3381 torum
191 3314 241 3398 (P.
251 3311 297 3400 6).
316 3351 358 3362 -
377 3311 532 3378 Neratius
552 3312 683 3378 Priscus
706 3315 773 3378 tres
791 3312 896 3378 facere
916 3311 1082 3375 existimat

59 3405 245 3490 collegium.

138 3535 149 3579 1
173 3526 249 3582 Trio.
268 3525 344 3580 intra
362 3523 545 3580 constitutum
564 3523 729 3594 usucapioni
747 3525 867 3592 tempus.

115 3625 215 3674 Inrlspr.
229 3625 348 3666 antebadr.
362 3624 411 3664 rell
427 3624 461 3665 ed.
476 3624 577 3667 Bremer.
601 3624 634 3679 11,
648 3627 668 3668 2.
838 3615 877 3666 ‘db
