2430 3944
94 191 160 255 568
465 184 741 241 ADDITAMEN'PA.

97 352 232 419 Masurii
251 355 284 416 et
298 350 501 436 quorundam
517 349 653 414 aliorum
672 348 938 433 iurisperitorum
957 371 1106 415 commen·

96 441 189 506 tariis
213 439 403 509 commoniti
426 444 459 502 et
482 437 705 502 adminiculati
729 459 851 502 sumus.

187 535 223 594 of.
248 533 390 593 Sabinus:
413 533 454 610 II,
479 536 495 592 1
520 553 550 609 p.
566 532 638 592 550.

380 706 409 769 b.
444 709 493 768 Do
520 711 598 768 iure
629 709 834 769 honorario.

387 818 436 884 De
458 819 625 905 mancipiis
646 820 824 885 vendundis.

154 938 156 942 ”
190 936 240 1000 11.
264 935 346 1000 Gell.
376 937 407 1019 4,
435 935 465 1015 2,
495 935 545 1000 13.
576 971 614 982 -
645 933 721 1001 Non
754 935 1028 1018 praetereundum
1056 936 1099 1012 est,

99 1025 133 1089 id
157 1075 185 1090 ..
209 1024 242 1087 in
266 1023 360 1088 libris
384 1027 529 1089 veterum
553 1023 633 1088 iuris
661 1022 840 1107 peritorum
865 1026 1023 1108 seriptum
1046 1043 1098 1087 esse

74 1118 132 1178 -0i
154 1134 267 1282 q'usp
293 1207 365 1266 250.

504 1288 703 1355 Oommoetoti.

191 1406 240 1469 12.
263 1403 302 1470 D.
323 1405 374 1489 13,
394 1404 423 1490 6,
444 1403 485 1470 18
504 1427 550 1486 pr.
588 1403 688 1470 Gaius
706 1405 791 1485 libro
809 1427 897 1470 nono
919 1406 959 1471 ad
979 1404 1096 1470 edictum

98 1492 305 1576 provinciale.
328 1529 371 1538 —
396 1543 457 1558 ...
487 1495 515 1559 si
543 1516 747 1559 communem
770 1493 912 1558 amioum
941 1493 982 1560 ed
1005 1511 1096 1559 cenom

98 1581 341 1646 invitaverimus
355 1585 457 1666 tuque
476 1583 545 1647 eius
565 1604 674 1648 euram
694 1582 891 1668 suscepisses
915 1586 948 1646 et
972 1604 1030 1668 ego
1051 1576 1097 1645 tibi

60 1743 62 1747 p
99 1673 270 1754 argentum
299 1671 581 1755 commodaverim,
611 1672 766 1756 scriptum
790 1721 824 1736 ..
849 1671 935 1754 opud
961 1669 1096 1756 quosdam

97 1759 236 1844 invenio,
259 1760 352 1843 quasi
375 1759 485 1825 dolum
509 1764 637 1824 tentum
660 1763 826 1843 praestare
850 1758 978 1826 debeas.

500 1985 713 1992 -—.—-.

130 2148 188 2214 ΙΙΙ.
213 2147 332 2224 QUAE
356 2149 662 2225 QUAERUNTUR
689 2149 772 2215 VEL
794 2147 1077 2216 DUBITANTUR

99 2262 310 2340 QUAEQUE
349 2263 570 2341 QUAESITA
602 2264 690 2330 VEL
728 2264 956 2332 DUBITATA
994 2259 1098 2330 SUNT.

187 2412 233 2471 Ea
250 2412 388 2490 inprimis
406 2413 549 2489 proposui
568 2431 644 2489 quae
663 2413 754 2474 huius
772 2414 892 2491 generis
911 2413 992 2489 apud
1008 2410 1098 2471 Guium

99 2499 251 2576 leguntur.
288 2521 348 2561 non
370 2503 455 2561 nulla
479 2502 539 2562 iam
559 2502 619 2560 alis
642 2503 758 2562 ratione
776 2503 897 2579 prolato.
915 2503 1026 2561 iterum
1044 2515 1099 2575 pro·

99 2587 222 2646 ferenda
245 2594 339 2650 erant.

408 2693 434 2748 1.
459 2688 514 2747 Ad
536 2689 592 2748 ius
615 2690 811 2765 publicum.

485 2798 533 2863 De
549 2799 726 2880 plebiscitis.

190 2911 218 2975 1.
241 2910 309 2975 Liv.
332 2913 361 2996 3,
382 2912 434 2978 55.
458 2952 500 2961 —
525 2911 678 2980 Omnium
701 2912 852 2997 primum,
876 2936 949 2978 oum
972 2909 1098 2978 velutin

99 3006 308 3065 controverso
353 3002 422 3066 iure
465 3007 565 3086 osset,
609 3006 837 3067 tenerenturne
878 3006 987 3086 potres
1028 2997 1098 3084 plebl

100 3090 200 3171 scitis,
223 3091 327 3174 legem
352 3092 542 3155 centuriatis
566 3091 707 3156 comitiis
731 3092 846 3173 tulere,
869 3095 907 3155 ut
929 3090 1013 3175 quod
1031 3140 1038 3153 .
1055 3135 1081 3151 ..

426 3250 476 3315 De
498 3256 623 3317 senatus
645 3242 789 3316 consulto.

189 3366 219 3430 2.
252 3365 320 3430 Gai.
356 3368 383 3449 1,
415 3368 445 3429 4.
480 3402 519 3412 -
556 3365 694 3431 Senatus
727 3366 909 3431 consultum
945 3367 995 3430 est
1028 3355 1096 3445 qood

101 3458 234 3518 senatus
271 3454 362 3518 iubet
399 3458 496 3538 utque
533 3455 718 3539 constituit,
760 3454 858 3538 idque
895 3454 978 3538 legis
1011 3452 1096 3515 vicem

98 3541 234 3626 optinet,
258 3544 405 3625 quamvis
428 3544 526 3608 fuerit
550 3544 740 3629 quaesitum.
