2430 3944
10 528 14 559 i

10 564 13 601 ἒ

335 194 361 245 4.
380 190 409 246 C.
424 189 571 246 CASSIUS
589 189 774 246 LONGINUS
1020 192 1061 256 31

139 352 176 418 D.
195 356 248 436 33,
269 356 298 432 7,
321 355 373 432 12,
391 355 444 418 27.
498 351 657 437 Ulpianus
694 354 778 418 libro
815 355 991 420 vicensimo
1024 357 1063 420 ad

67 441 205 507 Sabinum
232 440 282 528 (P.
297 439 411 528 2611).
434 479 476 488 -
500 491 530 506 ..
550 443 578 506 si
605 441 724 507 fundus
752 465 815 506 non
845 445 889 508 sit
916 465 988 508 cum
1016 445 1063 508 in·

68 535 229 596 strumento
249 532 387 616 legatus,
411 531 466 595 sed
485 531 534 595 ita
551 535 589 594 ut
606 532 784 596 instructus
804 532 856 614 sit,
880 533 1064 616 quaesitum

68 624 118 698 cst,
144 643 184 684 an
211 621 286 704 plus
315 620 534 702 contineatur,
562 641 660 703 quam
688 621 716 684 si
744 642 818 685 cum
845 621 1062 686 instrumento

12 768 15 773 .
67 708 176 793 legatus
204 712 301 773 esset.
348 712 381 772 et
404 706 543 773 Sabinus
573 708 665 773 libris
689 709 730 773 ad
753 708 926 774 Vitellium
950 710 1064 775 scribit

10 810 12 867 ἱ
67 796 213 862 1111111111
232 819 304 862 esse
314 798 390 880 plus
409 818 489 879 csse,
507 819 581 862 cum
599 798 778 862 instructus
793 798 913 863 fundus
927 798 1064 884 legetur,

10 896 12 901 ’
67 886 197 968 quamsi
220 907 294 950 cnm
316 886 534 952 instrumento
550 935 579 950 ..
596 934 604 949 .
619 891 742 970 quanto
765 887 868 970 igitur
890 887 953 951 hoc
975 887 1064 972 lega·

10 990 13 1011 ²
66 980 123 1039 tun
142 975 271 1040 uberius
296 978 354 1058 est,
377 975 550 1039 videndum
574 979 633 1039 est.
670 979 703 1039 et
722 974 861 1041 Sabinus
885 975 999 1040 definit
1017 977 1065 1057 [et

67 1059 180 1128 Cassius
212 1063 299 1148 apud
326 1063 501 1128 Vitellium
533 1066 655 1145 notat]:
688 1066 799 1129 omnia
828 1086 909 1149 quae
939 1087 977 1129 eo
1005 1062 1064 1151 (sc.

66 1149 164 1238 fundo)
183 1153 343 1217 collocata
362 1156 446 1233 sunt,
464 1159 501 1216 ut
514 1153 705 1218 instructior
719 1157 805 1219 esset
818 1153 1065 1238 paterfamilias,

66 1240 217 1323 instructo,
231 1241 349 1325 inquit,
367 1241 629 1306 continebuntur.
651 1241 686 1306 id
706 1247 755 1306 est
774 1264 856 1326 quae
874 1243 922 1306 ibi
938 1241 1064 1327 habuit,

66 1332 95 1393 ut
124 1330 311 1395 instructior
348 1332 456 1411 esset}
511 1330 566 1413 <et
604 1328 737 1396 Cassius
775 1331 859 1415 apud
892 1329 1065 1395 Vitellium

65 1421 152 1482 notat:
173 1419 206 1482 id
230 1418 294 1482 sibi
316 1419 474 1502 placere).

139 1537 305 1598 Verborum
332 1541 504 1598 contextum
533 1539 748 1599 aTriboniani
775 1541 912 1611 adiutore
934 1541 1065 1601 brevita-

64 1626 98 1684 tis
114 1645 199 1686 causa
216 1631 379 1707 mutatum,
391 1629 487 1687 rerba
501 1623 545 1687 ‘et
559 1627 680 1688 Cassius
694 1630 775 1704 apud
790 1628 948 1688 Vitellium
967 1624 1064 1689 notat’

64 1717 236 1864 p3su052loco
259 1719 377 1776 remota
399 1735 464 1776 esse
488 1720 571 1792 puto.
618 1718 657 1776 ad
678 1735 744 1776 rom
767 1718 805 1777 cf.
827 1717 912 1778 Paul.
937 1719 965 1778 S.
987 1720 1015 1795 3,
1036 1722 1065 1797 6,

375 1921 472 1980 Iuris
497 1921 620 1982 civilis
643 1920 739 1981 libri.

140 2043 263 2103 Masurii
280 2044 383 2104 Sabini
400 2045 604 2122 praeceptoris
622 2047 792 2121 exemplum
807 2049 928 2106 secutus
945 2045 1066 2107 Cassius

63 2150 166 2209 quoquo
192 2133 269 2192 iuris
297 2133 394 2193 civilis
421 2134 516 2193 libros
545 2135 726 2210 composuit,
754 2153 829 2212 quos
858 2154 926 2194 cum
952 2135 1065 2194 Paulus

62 2219 136 2279 libris
166 2223 204 2280 ad
237 2222 368 2281 edictum
400 2214 452 2304 (D.
472 2225 524 2298 37,
544 2225 573 2299 6,
593 2225 661 2299 2‚5
695 2217 800 2283 ‘Caius
833 2222 955 2283 Cassius
987 2223 1065 2282 libro

61 2310 176 2384 septimo
203 2311 280 2370 iuris
307 2312 404 2371 civilis
494 2305 611 2388 putat’)
644 2316 708 2371 tum
737 2313 887 2388 Ulpianus
913 2313 999 2371 libris
1027 2313 1066 2370 ad

62 2395 193 2457 Sabinum
225 2399 332 2460 laudat
364 2393 413 2480 (D.
438 2402 490 2476 29,
515 2403 543 2470 2,
567 2402 660 2477 25,4
693 2395 799 2460 ‘Caius
833 2400 954 2460 Cassius
986 2401 1065 2461 libro

60 2490 177 2546 secundo
195 2489 271 2548 iuria
290 2489 388 2549 civilis
407 2483 530 2549 scribit'.
567 2490 604 2548 D.
621 2493 649 2564 7,
666 2493 695 2564 1,
710 2493 738 2568 7,
754 2493 772 2550 3
793 2484 927 2549 ‘Cassius
946 2510 1065 2567 quoque

59 2576 152 2636 scribit
180 2573 258 2637 libro
287 2581 393 2637 octavo
420 2578 494 2636 iuris
522 2573 639 2637 civilis'.
686 2580 722 2638 D.
739 2583 767 2655 7,
788 2584 817 2654 1,
838 2583 866 2655 9,
887 2582 905 2639 5
931 2574 1065 2638 ‘Cassius

59 2665 96 2722 ait
125 2666 200 2725 libro
234 2670 338 2726 octavo
370 2667 444 2725 iuris
477 2661 596 2727 civilis'.
646 2668 679 2726 D.
700 2671 728 2741 7,
750 2672 778 2744 1,
798 2671 887 2743 23,1
923 2663 1065 2726 ‘Sabinus

59 2754 204 2828 respondit
236 2759 267 2814 et
294 2753 416 2814 Cassius
447 2755 525 2814 libro
559 2759 664 2815 octavo
692 2757 768 2815 iuris
797 2757 895 2816 civilis
923 2751 1065 2832 scripsit'.

57 2840 88 2900 D.
108 2845 134 2917 7,
156 2847 185 2919 1,
205 2846 248 2903 70
260 2864 304 2919 pr.
333 2838 437 2904 ‘Caius
461 2843 583 2904 Cassius
612 2845 717 2904 scribit
742 2846 819 2905 libro
848 2845 962 2905 decimo
991 2846 1066 2902 iuris

57 2924 188 3013 cirilis'),
226 2932 334 3008 quibus
371 2952 407 2992 ex
437 2933 524 2992 libris
557 2933 716 2994 Iavolenus
748 2935 870 3010 Priscus
897 2935 953 2992 XV
985 2934 1065 3005 fecit,

57 3012 99 3077 ‘er
120 3015 238 3080 Cassio'
265 3022 318 3099 qui
344 3022 538 3081 nominantur
571 3015 618 3102 (Ρ.
644 3025 750 3083 1-69
785 3027 816 3081 et
843 3023 923 3082 infra
949 3023 981 3080 in
1009 3023 1066 3079 hac
1091 3041 1097 3052 ·

56 3105 253 3190 collectione):
295 3105 515 3169 ‘commentarii
548 3105 627 3170 Gaii'
658 3113 708 3171 rel
744 3105 826 3171 ‘libri
859 3110 926 3171 Caii
957 3106 1065 3170 Cassii'

55 3216 87 3256 ve
131 3193 217 3257 ‘libri
254 3194 341 3271 Caii',
384 3200 437 3274 qui
473 3219 491 3258 a
521 3199 663 3260 Iavoleno
699 3201 731 3258 in
763 3201 909 3260 librorum
941 3200 1064 3260 illorum

56 3285 231 3362 fragmentis
254 3287 418 3347 laudantur
442 3282 493 3368 (Ι).
509 3289 559 3364 35,
577 3293 604 3368 1,
620 3291 671 3349 54.
695 3291 747 3367 40,
763 3293 792 3365 7,
811 3292 862 3349 28.
882 3292 934 3362 46,
955 3291 983 3360 3,
1000 3283 1065 3366 78),

54 3376 121 3449 quin
144 3375 244 3435 Cassii
267 3376 340 3435 iuris
364 3377 460 3437 civilis
485 3378 557 3455 sint,
581 3398 667 3438 nemo
691 3378 819 3437 dubitat.
866 3377 1065 3437 Tribonianus

54 3465 101 3538 qui
128 3465 256 3525 Masurii
283 3466 357 3523 iuris
385 3466 482 3525 civilis
509 3467 604 3527 libros
632 3471 668 3526 ut
694 3468 726 3526 in
754 3471 911 3527 auctorum
938 3465 1066 3522 indicem

54 3555 172 3631 recepit,
195 3555 240 3613 ita
264 3553 295 3612 in
318 3554 404 3614 novis
427 3554 561 3632 Digestis
585 3557 795 3632 componendis
818 3553 952 3632 neglexit
975 3543 1062 3631 (11,1
