2430 3944
367 166 392 219 4.
412 161 441 217 C.
456 159 603 216 cassum
621 159 808 218 uouemus
1051 159 1093 227 57

100 324 173 391 socio
191 345 261 389 esse
279 323 443 390 actionem
461 324 501 389 ad
520 323 763 408 reciperandum
783 329 948 410 sumptum
963 322 1097 393 Cassius

101 413 223 496 scripsit

175 503 225 568 80.
247 500 289 566 D.
304 502 356 583 17,
370 503 401 584 2,
414 502 468 587 29,
483 505 512 567 1.
548 499 709 585 Ulpianus
732 501 816 566 libro
839 502 1032 586 trigensimo
1056 504 1096 568 ad

103 589 240 656 Sabinum
266 586 316 677 (P.
332 588 447 677 2742).
469 625 513 637 -
534 589 587 654 Ita
609 589 688 655 coiri
712 591 900 656 societatem
923 612 1031 676 posse,
1059 596 1097 657 ut

103 679 207 744 nullam
229 684 357 764 partem
380 679 490 744 damni
512 679 596 743 alter
619 679 748 763 sentiat,
766 680 896 744 lucrum
918 700 993 743 vero
1013 702 1097 746 com·

103 789 183 832 nune
204 767 260 842 sit,
284 765 417 832 Cassius
440 770 544 851 putat.

176 857 225 921 81.
242 855 284 921 D.
301 856 352 936 17,
365 857 396 938 2,
410 857 464 942 65,
472 857 501 920 3.
530 855 649 920 Paulus
659 856 742 921 libro
752 855 942 941 trigessimo
957 857 1097 923 seeundo

104 944 136 1008 al
155 946 289 1009 edictum
313 943 363 1030 (P.
376 943 466 1030 495).
488 982 533 992 —
555 944 704 1009 Diximus
728 945 874 1010 dissensu
897 947 979 1010 solvi
997 946 1097 1010 socie-

104 1037 201 1118 tatem3
227 1034 290 1099 hoc
312 1034 362 1098 ita
384 1041 448 1118 est,
473 1034 502 1098 si
524 1054 636 1099 omnes
660 1033 865 1098 dissentiunt.
909 1034 988 1118 quid
1010 1055 1098 1120 ergo,

105 1122 128 1185 si
143 1144 219 1187 unus
241 1121 428 1187 renuntiet?
469 1120 601 1187 Cassius
620 1121 751 1206 scripsit
769 1144 841 1187 eum
861 1122 917 1207 qui
935 1124 1098 1188 renuntia·

105 1210 175 1274 verit
195 1211 355 1294 societati,
383 1232 401 1274 a
425 1232 459 1274 se
487 1211 615 1295 quidem
639 1209 778 1275 liberare
806 1211 912 1276 socios
941 1233 1030 1296 suos,
1062 1234 1096 1277 se

106 1303 197 1363 antem
219 1300 259 1363 ab
282 1299 351 1364 illis
374 1321 441 1364 non
463 1298 613 1365 liberare.

253 1491 298 1549 De
320 1491 523 1551 donationibus
544 1493 620 1550 tuter
642 1492 740 1549 cirum
762 1494 937 1550 clusorem.

180 1609 226 1674 82.
259 1607 297 1673 Ι).
317 1610 370 1692 24,
391 1609 418 1693 1,
445 1611 494 1693 11,
514 1609 542 1674 3.
597 1606 758 1691 Ulpianus
790 1609 874 1674 libro
906 1608 1096 1695 trigensimo

107 1697 225 1763 secundo
258 1698 299 1762 ad
328 1696 485 1762 Sabinum
517 1694 568 1784 (P.
586 1693 711 1784 27680).
739 1735 782 1745 -
809 1697 899 1762 Idem
932 1694 989 1784 (sc.
1012 1696 1098 1763 Mar·

108 1783 204 1871 cellos)
225 1787 286 1852 ait:
309 1787 471 1872 placuisse
495 1787 562 1851 scio
581 1784 775 1869 Sabinianis,
799 1788 827 1851 si
848 1786 1096 1851 filiasfamilias

109 1872 184 1938 uxori
207 1877 342 1940 maritus
365 1875 473 1940 tradet
496 1872 647 1962 (fundum
671 1875 786 1940 mortis
810 1897 907 1940 causa
934 1875 1095 1960 mancipio

109 1959 194 2047 leil),
223 1964 431 2029 donationem
463 1964 531 2029 eius
559 1984 632 2028 cum
665 1963 755 2028 omni
787 1986 844 2028 suo
877 1966 1095 2028 emolumento

107 2047 172 2133 lieri,
191 2053 217 2116 si
238 2053 312 2118 vivo
336 2053 440 2117 adhuc
463 2052 580 2117 marito
605 2051 656 2116 sui
678 2050 757 2116 iuris
781 2052 877 2118 fucrit
901 2053 1021 2116 effecta.

180 2171 389 2231 Tribonianum
406 2172 543 2232 Marcelli
565 2172 659 2234 verba
682 2172 853 2247 corrupisse
871 2173 998 2247 apparet
1017 2165 1095 2251 (³do-

106 2257 238 2319 nationem
260 2261 325 2320 eius
340 2309 346 2320 .
362 2309 368 2321 .
384 2308 390 2321 .
405 2255 505 2341 fieri').

342 2439 390 2498 De
410 2457 510 2499 rerum
532 2443 697 2499 amotarum
718 2441 833 2500 iudicio.

179 2556 227 2622 83.
250 2557 289 2623 D.
303 2557 356 2642 25,
370 2559 401 2638 2,
417 2559 445 2624 1.
480 2556 602 2622 Paulus
621 2557 706 2622 libro
725 2557 863 2641 septimo
883 2558 923 2621 ad
939 2557 1096 2622 Sabinum

104 2639 146 2726 (P.
167 2644 272 2732 1773).
306 2683 345 2694 -
380 2646 501 2711 Rerum
534 2650 716 2710 amotarum
748 2646 900 2710 iudicium
933 2646 1097 2730 singulare

101 2729 305 2799 introductum
339 2741 388 2799 ost
415 2733 569 2799 adversus
597 2747 671 2796 eam¹
696 2755 779 2818 quae
806 2755 895 2797 uxor·
914 2733 990 2816 fuit,
1022 2735 1097 2818 quia

100 2840 155 2883 non
189 2823 308 2905 placuit
344 2845 417 2888 cum
452 2845 490 2887 oa
521 2819 601 2887 furti
632 2843 727 2906 agere
760 2843 867 2905 posse,
905 2822 1096 2905 quibusdam

100 2909 348 2976 existimantibus
367 2933 408 2976 ne
427 2912 556 2995 quidem
575 2910 697 2974 furtum
717 2933 788 2974 eam
806 2910 920 2992 facere,
938 2915 975 2975 ut
989 2910 1097 2976 Nerva

96 2995 211 3148 fCassiu
229 2999 306 3083 quia
324 3000 462 3064 societas
481 2998 567 3064 vitae
587 2999 823 3082 quodammodo
843 2999 1006 3063 dominam
1026 3021 1097 3062 cam

108 3094 214 3151 sceret.

431 3193 481 3258 Dc
504 3195 598 3258 tutela
620 3198 649 3257 et
669 3214 753 3258 cccco.

511 3315 558 3372 Dc
579 3315 675 3373 tutelo.

175 3425 226 3490 84.
253 3423 292 3488 D.
312 3424 365 3506 26,
381 3424 409 3508 1,
424 3425 453 3506 3,
468 3425 497 3487 2.
533 3422 693 3504 Ulpianus
712 3423 795 3488 libro
814 3425 1007 3508 trigensimo
1026 3442 1097 3503 sep-

91 3512 167 3577 timo
194 3513 234 3577 ad
258 3510 414 3577 Sabinum
439 3511 487 3597 (P.
506 3513 626 3598 2837)..
644 3548 682 3558 -
708 3509 743 3576 Si
766 3513 909 3596 pupillus
932 3509 1097 3594 pupillave
