2430 3944
368 178 393 227 4.
413 171 442 227 C.
456 169 603 227 cessitis
621 170 806 228 LONGINUS
1052 173 1093 237 41

100 342 165 400 certo
189 340 269 415 apud
291 340 458 399 Masurium
482 338 627 398 Sabinum
655 340 787 416 primum
809 341 908 400 locum
931 341 1096 401 obtinuisse

99 429 208 488 vidimus
225 421 304 510 (111
325 448 354 504 p.
364 420 453 509 449).
490 427 543 488 sed
565 447 633 488 cum
651 429 742 504 capiti
761 430 797 489 dc
816 430 975 489 usufructu
991 431 1096 508 legato

101 519 234 594 generalia
247 518 397 594 quaedam
411 517 448 576 de
461 518 570 596 legetis
584 519 751 594 praemissa
761 519 854 578 fuisse
865 522 1097 578 consentaneum

101 607 188 682 sitos
210 626 287 684 quae
312 607 348 665 de
371 606 516 667 codicillis
539 609 570 665 et
593 608 629 666 de
647 608 819 684 legatorum
837 607 996 684 generibus
1015 609 1096 684 apud

102 693 217 754 tussim
240 698 362 756 servata
385 698 468 770 sunt,
491 696 714 770 praemittenda
736 696 875 773 putavi..

411 873 522 946 Quibus
543 878 617 932 recte
640 875 771 946 locemus.

176 993 222 1056 16.
246 992 316 1056 Gai.
327 992 356 1071 2,
366 991 441 1055 244.
463 1029 501 1037 —
523 992 576 1055 An
600 993 629 1055 ei
654 992 709 1076 qui
731 993 765 1055 in
784 995 947 1075 potestate
966 993 1009 1059 sit
1028 993 1097 1059 eius

103 1101 178 1164 quem
207 1081 358 1145 heredem
386 1081 603 1159 instituimus,
634 1085 721 1145 recte
749 1081 894 1165 legemus
922 1083 1097 1164 quaeritur.

103 1166 211 1233 Servius
233 1175 320 1234 recte
343 1169 446 1253 legari
468 1172 571 1252 putat,
597 1168 653 1233 sed
677 1191 867 1234 evanescere
891 1171 1046 1255 legatum,
1069 1172 1098 1236 si

104 1277 152 1339 quo
179 1262 322 1341 tempore
355 1257 422 1322 dies
451 1256 635 1341 legatorum
664 1256 774 1322 cedere
803 1259 899 1342 solet,
932 1259 1036 1325 adhuc
1062 1260 1097 1324 in

102 1350 242 1428 potestate
270 1347 314 1411 sit
428 1344 567 1411 Sabinus
597 1349 629 1410 et
658 1343 789 1411 Cassius
819 1347 878 1411 sub
908 1348 1097 1413 condicione

103 1437 307 1521 reintegrari,
335 1457 414 1519 pure
437 1456 503 1499 non
526 1437 628 1516 recte,
655 1438 785 1520 putant3
813 1435 890 1501 licet
914 1437 1000 1501 enim
1023 1437 1097 1502 vivo

102 1525 239 1589 testatore
258 1526 365 1607 possit
383 1524 526 1588 desinere
544 1523 579 1587 in
597 1528 760 1607 potestate
779 1523 908 1589 heredis
927 1547 1006 1608 esse,
1025 1525 1097 1590 ideo

102 1614 193 1675 tamen
223 1613 336 1676 inutile
365 1614 511 1697 legatum
538 1612 687 1696 intellegi
715 1618 876 1697 oportere,
909 1615 985 1697 quia
1012 1614 1098 1697 quod

102 1701 188 1764 nullas
201 1703 285 1765 vires
299 1701 487 1765 habiturum
502 1701 596 1782 foret,
610 1701 639 1766 si
654 1702 766 1766 statim
778 1706 854 1785 post
863 1707 1095 1767 testamentum

102 1786 205 1853 fectum
223 1790 413 1854 decessisset
431 1793 580 1871 testator,
598 1791 661 1855 hoc
678 1790 752 1854 ideo
768 1791 888 1876 valere,
905 1792 982 1876 quia
995 1793 1095 1856 vitem

103 1876 212 1962 longius
234 1880 383 1963 traxerit,
406 1878 582 1943 absurdum
606 1883 699 1944 esset¹

347 2053 394 2111 De
416 2054 507 2127 iepoto
526 2070 582 2126 per
603 2055 833 2112 vindicationem.

175 2171 222 2235 17.
253 2169 322 2234 Gai.
337 2173 372 2254 2,
389 2172 461 2236 195.
486 2209 528 2218 -
552 2220 581 2236 ..
606 2170 746 2236 Sabinus
775 2220 805 2235 ..
833 2174 866 2236 et
889 2171 1021 2237 Cassius

100 2257 170 2340 quod
196 2260 242 2323 ita
270 2260 413 2344 legatum
442 2261 484 2324 sit
512 2257 568 2346 (so.
592 2282 651 2342 per
677 2260 957 2345 vindicationem),
985 2263 1097 2327 statim

97 2352 161 2427 post
182 2347 304 2412 aditam
326 2349 538 2413 hereditatem
562 2353 680 2433 putant
699 2349 769 2413 fieri
788 2349 947 2434 legatarii,
970 2352 1097 2417 etiamsi

96 2435 211 2517 ignoret
240 2437 304 2501 sibi
331 2438 476 2520 legatum
505 2459 590 2516 esse,
618 2438 674 2502 sed
696 2441 909 2523 posteaquam
934 2440 1042 2504 scierit
1066 2446 1098 2505 ct

95 2521 281 2608 <spreverit>
310 2526 469 2610 legatum,
496 2527 632 2608 proinde
661 2548 746 2610 esse,
774 2531 869 2612 atque
898 2529 926 2592 si
953 2530 1098 2615 legatum

94 2632 149 2676 non
171 2618 266 2678 esset.

172 2703 223 2767 18.
253 2701 461 2785 Gai.2,200.
492 2740 530 2748 —
558 2753 587 2769 ..
615 2703 795 2786 quaeritur,
823 2705 908 2789 quod
936 2707 995 2771 sub
1024 2728 1098 2771 oon-

95 2787 210 2854 dicione
234 2812 292 2875 per
313 2790 563 2856 vindicationem
585 2792 731 2877 legatum
755 2797 816 2874 est,
842 2794 1001 2878 pendente
1024 2816 1098 2860 con·

93 2876 207 2944 dicione
231 2879 322 2943 cuius
345 2884 439 2944 esset.
489 2881 595 2944 nostri
618 2886 848 2964 praeceptores
876 2882 1001 2947 heredis
1027 2905 1098 2948 esse

93 2972 203 3049 putant
235 2968 383 3052 exemplo
417 2972 504 3032 statu
536 2968 646 3048 liberi,
677 2970 710 3033 id
739 2976 789 3034 est
817 2971 885 3034 eius
914 2973 1012 3054 servi,
1044 2972 1099 3055 qui

92 3058 278 3120 testamento
297 3058 357 3121 sub
377 3056 487 3140 aliqua
506 3057 693 3122 condicione
711 3057 794 3122 iiber
817 3080 886 3123 esse
909 3059 1016 3126 iussus
1041 3067 1100 3144 cst,

94 3164 177 3227 quem
203 3149 333 3210 constat
354 3145 480 3210 interea
501 3145 629 3210 heredis
654 3168 782 3211 servum
806 3169 886 3212 esse.

351 3320 399 3378 De
421 3321 512 3393 loquio
529 3337 586 3394 per
608 3320 832 3380 damnationem.

172 3440 223 3504 19.
247 3437 286 3503 D.
296 3437 351 3524 45,
360 3439 390 3522 2,
402 3439 452 3504 17.
492 3437 615 3504 Paulus
638 3439 722 3503 libro
742 3444 856 3505 octavo
876 3439 916 3506 ad
935 3439 1099 3503 Plautium

93 3522 134 3610 (P.
144 3527 257 3611 1158).
274 3565 318 3575 -
336 3526 409 3592 Sive
429 3528 560 3594 ocertis
574 3529 723 3612 personis
738 3528 891 3594 heredum
905 3527 1100 3592 nominatim
