2430 3944
153 173 221 238 410
257 173 291 228 V.
309 172 460 228 NERVAE
478 172 526 227 ET
545 171 700 228 TRAIANI
718 172 826 230 ΤΕΜΡ.
844 173 941 228 IURIS
956 172 1139 230 CONSULTI

152 342 188 402 ut
212 336 298 402 Titia
319 357 398 402 uuor
421 357 490 401 mea
512 337 691 402 mutarulcm
711 341 831 418 partem
853 336 963 416 babeat
983 337 1167 419 quantulam

151 446 233 491 uuus
251 425 344 505 bores,
362 427 390 491 si
405 447 468 490 non
481 426 622 507 aequales
631 430 738 507 partes
753 430 851 490 essent
860 426 1014 506 heredum,
1034 425 1167 506 Qicintns

154 514 279 580 Mucius
310 519 341 580 et
368 513 482 580 Gallus
503 515 662 597 putabant
689 516 862 580 maalmam
884 519 1008 596 partem
1036 515 1167 598 leqatam

151 622 222 685 esse,
240 604 316 684 quia
333 605 368 668 in
386 605 504 668 maiore
521 604 624 668 minor
641 623 757 686 quoque
774 606 892 683 inesset,
911 602 1040 669 Seruius
1056 603 1168 687 Ofilius

151 690 325 774 minimam,
348 693 424 774 quia
445 712 515 757 curu
536 691 620 758 beres
643 693 718 757 dare
741 692 909 758 damnalia
931 697 1013 775 esset,
1036 693 1074 757 in
1085 698 1167 775 pole

149 785 229 846 state
249 783 316 870 eius
342 785 436 864 esset,
456 801 551 862 qnam
570 785 694 862 partem
716 782 811 847 daret.
857 781 959 846 Labeo
981 781 1036 846 boc
1054 782 1167 863 probol

150 870 241 951 idque
262 891 368 934 ouum
390 874 442 935 est.

240 958 292 1023 26.
315 958 354 1023 Ι).
368 959 446 1022 ibid.
460 961 480 1038 ξ
495 959 524 1022 2.
547 994 584 1004 -
606 957 685 1024 Oum
708 959 754 1022 ita
773 958 904 1041 leqaturn
921 963 1013 1024 esset:
1037 957 1166 1041 ‘quanto

145 1047 279 1130 pecunia
306 1068 344 1112 eu
371 1047 533 1112 beralitate
563 1047 640 1112 Titii
661 1048 704 1112 acl
724 1068 772 1112 mo
788 1048 940 1129 peruenit,
970 1052 1094 1111 tantam
1110 1068 1164 1130 pe·

150 1136 276 1200 cuniam
298 1135 383 1201 beros
405 1155 490 1200 meus
513 1135 602 1200 Seiae
624 1134 716 1218 cloto,'
740 1137 774 1200 iol
796 1136 927 1218 leqatm
940 1141 1037 1217 putat
1055 1137 1166 1215 Labeo,

149 1225 232 1306 quod
256 1230 411 1306 accepturu
437 1225 472 1289 in
499 1225 612 1289 tabulis
638 1226 705 1290 suis
731 1245 769 1289 en
793 1245 829 1289 ea
851 1224 1016 1290 beredilatc
1040 1229 1166 1297 testator

148 1314 327 1391 rettulisset;
353 1318 482 1378 ceterum
502 1318 594 1396 neqot
610 1314 778 1378 cauendum
795 1312 898 1378 borecli
916 1335 937 1378 a
956 1314 1116 1400 bqalario,
1137 1315 1165 1380 si

148 1403 225 1483 quid
244 1401 324 1482 forle
339 1407 447 1484 postea
469 1404 535 1468 eius
556 1402 733 1467 beatitatis
749 1403 873 1468 nomine
889 1402 975 1467 beros
993 1404 1162 1468 damnatus

148 1495 231 1555 esset.
271 1511 324 1572 eqo
345 1496 452 1556 eontra
469 1496 555 1573 puto,
577 1492 654 1572 quia
675 1512 738 1556 nou
758 1496 856 1573 potest
873 1492 972 1557 videri
984 1493 1162 1573 peruenisse

147 1581 192 1643 acl
216 1578 365 1659 heredem,
395 1581 477 1660 quool
502 1581 567 1644 eius
593 1580 769 1644 hereditatis
796 1582 919 1645 nomine
944 1586 1162 1661 praestaturus

148 1671 237 1743 esset·
260 1668 341 1732 idem
363 1667 496 1749 Alfenus
532 1669 634 1734 Varus
652 1668 757 1734 Seruio
770 1669 925 1750 placuisse
942 1670 1058 1753 scribit,
1081 1670 1161 1752 quod

148 1760 179 1821 ct
200 1776 306 1821 oerum
328 1762 380 1822 ost.

496 1868 543 1949 De
559 1871 688 1943 pecnnia
710 1870 811 1943 leqata.

238 1979 291 2043 21.
318 1978 357 2044 D.
373 1980 426 2062 33,
439 1979 469 2062 4,
484 1979 504 2043 6
519 2001 567 2061 pr.
618 1977 726 2044 Labeo
754 1978 838 2042 libro
862 1979 1001 2043 secundo
1027 1983 1164 2062 posteri·

149 2089 241 2131 orum
260 2089 278 2130 a
295 2066 452 2132 Iavoleno
472 2069 731 2152 epitomatorum.
751 2103 792 2113 -—
812 2065 890 2132 Onu
908 2068 1059 2150 scriptum
1073 2073 1162 2132 esset:

149 2155 243 2239 ‘quac
262 2157 395 2238 peccunia
411 2163 539 2239 propter
560 2177 688 2221 cruorem
710 2177 811 2220 meam
832 2157 876 2220 ael
896 2157 1050 2221 mevenit
1073 2158 1162 2239 quiu-

147 2246 310 2327 quaqinta‚
352 2246 531 2310 lantunoleru
564 2266 622 2327 pro
658 2266 694 2309 ca
725 2246 791 2310 cloto
827 2245 911 2310 lieres
946 2265 1032 2309 meus
1069 2245 1161 2327 clato',

147 2335 290 2416 quamuis
312 2335 522 2416 quodraqinta
543 2335 621 2399 dotis
642 2334 786 2415 fuissent,
810 2338 911 2398 tamen
934 2335 1161 2418 quinquaqinta

147 2422 249 2488 debere
271 2421 406 2503 Alfenus
435 2423 536 2488 Varus
559 2421 701 2487 Servium
727 2424 917 2503 respondisse
940 2422 1060 2506 scribit,
1088 2424 1160 2505 quia

141 2511 305 2593 proposita
327 2531 450 2576 mmma
471 2512 698 2594 quinquaqinta
720 2513 839 2576 adiecta
861 2512 910 2576 sit.

238 2600 287 2664 28.
317 2599 355 2665 D.
374 2600 451 2665 ibid.
470 2603 490 2680 ξ
511 2601 538 2665 1.
568 2636 609 2646 -
637 2600 719 2665 Item
745 2602 786 2679 ei,
814 2621 892 2682 quac
915 2601 1014 2665 cloteno
1039 2602 1160 2666 nullam

146 2687 282 2770 babebat,
304 2690 354 2752 oir
370 2690 415 2754 sic
433 2689 599 2771 lcqaoerat:
623 2688 753 2771 ‘quanta
771 2689 906 2770 monnio
928 2690 1009 2754 dolis
1026 2688 1160 2754 nomine'

146 2781 175 2840 et
201 2777 334 2857 reliqua,
362 2775 428 2862 ‘prq
455 2799 492 2842 ea
514 2778 743 2860 quinquaqinta
765 2777 850 2842 bores
871 2777 964 2843 dolo'.
1010 2779 1114 2843 deberi
1134 2779 1161 2843 ei

148 2865 278 2947 lcqatnnr
299 2864 412 2947 Ofilius
432 2864 607 2946 Cascellius,
629 2867 701 2932 item
723 2872 751 2931 el
769 2864 871 2932 Seruii
894 2868 1051 2932 auditores
1069 2873 1159 2932 rettu-

147 2954 266 3028 urnul-
281 2955 409 3035 perinole
426 2954 598 3020 babendum
617 2975 679 3021 esse
696 2976 733 3020 ac
750 2957 779 3021 si
792 2975 896 3021 seruus
910 2955 1007 3020 alicui
1021 2962 1159 3021 mortuus

146 3048 204 3107 aut
222 3063 282 3124 pro
305 3064 338 3108 eo
361 3049 480 3108 eentum
503 3044 602 3126 leqata
624 3049 727 3110 essent.
772 3046 854 3127 quocl
875 3065 980 3109 oasim
1003 3050 1061 3128 est,
1087 3046 1159 3127 quia

145 3130 195 3195 bis
227 3132 324 3197 ocrbis
354 3153 417 3197 nson
449 3134 504 3198 dos
530 3134 612 3215 ipsa,
643 3135 696 3198 secl
717 3154 779 3215 qoro
806 3135 873 3198 olote
895 3135 1031 3215 pecunia
1060 3135 1157 3218 leqata

145 3221 271 3285 nactur.

393 3333 441 3391 Do
462 3337 536 3391 sesto
559 3337 585 3392 et
605 3334 781 3393 uestimentis
804 3335 912 3407 leqatis.

236 3443 287 3507 29.
325 3443 362 3506 D.
382 3443 435 3524 32,
455 3441 530 3527 100,
548 3442 577 3506 2.
632 3442 802 3507 Iavolenus
830 3443 913 3509 libro
948 3445 1088 3510 seeundo
1120 3465 1154 3507 ex

146 3530 379 3613 posterioribus
407 3529 578 3596 Labeonis.
604 3567 642 3577 -
668 3529 784 3598 ‘Uocori
811 3553 895 3597 meae
920 3538 1045 3618 vestem,
1071 3552 1154 3599 mun·
