2430 3944
165 179 198 234 11.
218 178 458 235 INCERTORUM
477 180 707 236 SENTENTIAE
726 183 774 236 ΕΤ
793 182 898 238 LIBRI.
975 134 1051 249 563.

253 359 295 426 Ut
315 360 495 441 usufructus
516 362 641 425 nomiae
662 367 813 426 caecetur.

115 475 203 541 171?
249 474 287 540 D.
318 477 351 557 7,
375 475 409 558 5,
439 476 546 560 10,1.
593 475 754 559 Ulpianus
790 476 873 541 libro
911 483 1040 562 septua-

68 565 171 628 nsimo
189 586 277 629 nono
297 563 336 628 ad
357 563 504 629 edictum.
529 563 622 630 —Si
641 586 718 628 usus
737 569 865 630 tantum
884 568 1040 651 pecuniae

68 658 151 736 gatus
171 653 224 738 sit,
247 654 323 736 quia
346 654 380 716 in
394 654 455 717 hac
474 654 581 736 specie
601 675 677 717 usus
697 654 917 738 appellatione
941 656 1040 722 etiam

68 747 166 807 ictum
200 741 360 806 contineri
392 743 497 826 magis
530 743 747 826 accipiendam
780 747 838 822 est,
871 744 1041 827 stipulatio

68 854 88 895 a
121 831 183 895 erit
215 830 458 914 interponenda
514 835 546 894 et
574 831 705 916 quidam
738 831 830 896 aiunt
861 854 926 898 non
965 840 1039 898 ante

68 942 110 984 nc
126 920 290 1003 interponi
305 919 559 1002 stipulationem,
579 941 677 1003 quam
691 919 768 985 data
781 919 880 985 fuerit
892 923 1039 1004 pecunia.

371 1078 421 1143 De
444 1079 557 1143 damno
581 1079 696 1160 infecte.

116 1195 189 1259 172.
222 1193 260 1258 Ι).
284 1195 337 1277 39,
360 1195 389 1275 2,
413 1195 465 1259 32.
490 1191 591 1258 Gaius
615 1194 699 1259 libro
723 1195 898 1260 vicensimo
924 1200 1038 1261 octavo

91 1283 230 1347 edictum
255 1283 461 1366 provinciale.
485 1319 527 1328 -
551 1280 586 1346 Si
610 1285 744 1348 aedibus
768 1284 849 1348 meis
872 1285 1038 1368 proximae

68 1376 93 1436 rt
117 1371 212 1436 aedes
236 1393 328 1436 meae
352 1374 385 1436 et
402 1376 487 1454 tuae,
511 1373 686 1456 quaeritur,
710 1394 760 1455 an,
784 1373 813 1437 si
835 1371 898 1437 hae
920 1374 1037 1438 vitium

68 1460 107 1525 ‚hi
141 1461 276 1546 faciant,
307 1481 420 1526 cavere
457 1460 537 1524 mihi
572 1461 688 1526 debeas
723 1483 783 1546 pro
813 1461 930 1527 damno
963 1484 1038 1546 pro-

68 1551 168 1613 iarum
184 1571 327 1614 mearum
342 1548 479 1627 aedium,
494 1549 619 1614 scilicet
632 1571 692 1633 pro
707 1573 769 1634 qua
783 1555 876 1634 parte
891 1551 1048 1616 dominus-

68 1639 153 1704 istes.
199 1642 232 1702 et
253 1639 315 1702 hoo
338 1637 501 1722 plerisque
523 1639 638 1721 placet.

116 1728 188 1791 173.
233 1726 272 1792 D.
292 1727 344 1809 39,
368 1727 398 1808 2,
422 1726 473 1807 24,
499 1728 526 1790 7.
572 1725 663 1791 Idem
687 1725 745 1811 (sc.
760 1725 935 1814 Ulpianus)
953 1727 1038 1793 libro

68 1816 245 1900 tegensimo
269 1817 374 1899 primo
396 1815 436 1879 ad
456 1814 602 1879 edietum.
629 1851 667 1861 -
694 1867 722 1882 ..
747 1816 775 1880 si
798 1816 885 1879 furni
907 1816 1039 1880 nomine

67 1904 134 1968 mni
166 1902 279 1968 infecti
311 1904 409 1968 luerit
445 1906 589 1987 cautum,
622 1903 737 1968 deinde
774 1903 911 1967 furnarii
944 1904 1039 1988 eulpa

68 2014 178 2057 mnum
198 1992 309 2057 datum
323 1993 428 2071 firerit,
446 2013 513 2057 non
526 1993 636 2056 venire
650 1994 684 2056 in
698 1993 782 2057 hanc
797 1992 1039 2074 stipulationem

68 2083 185 2164 erisque
209 2080 343 2146 videtur.

108 2184 288 2265 Sequuntur
311 2185 399 2243 haec:
424 2178 559 2243 ‘Cassius
583 2203 702 2261 quoque
725 2184 790 2243 ait.
805 2230 812 2242 .
827 2177 847 2243 .'

117 2285 203 2350 1747
249 2285 289 2350 D.
312 2285 365 2366 39,
388 2286 419 2367 2,
446 2287 539 2369 l7pr.
584 2284 746 2369 Ulpianus
774 2285 858 2349 libro
882 2285 1038 2369 quinqua·

68 2375 173 2439 nsimo
201 2375 298 2439 tertio
337 2374 377 2438 ad
405 2374 553 2438 edictum.
589 2412 626 2420 -
662 2372 698 2439 Si
731 2374 802 2458 quis
836 2374 972 2438 missum
1002 2375 1038 2438 in

68 2465 271 2546 ssessionem,
295 2485 367 2527 oum
392 2466 477 2528 esset
499 2463 531 2526 in
556 2464 663 2527 aliena
690 2467 860 2545 potestate,
890 2484 956 2528 non
986 2463 1038 2526 ad·
1142 2511 1143 2515 ,

72 2552 159 2634 serit,
172 2553 315 2637 plerique
329 2554 447 2634 putant
461 2551 611 2616 noxalem
622 2549 670 2637 (t)
680 2553 842 2616 actionem
856 2572 893 2616 eo
908 2552 1037 2644 nominc

68 2644 213 2793 mpfflebrg·
247 2727 361 2808 D..39,
385 2730 415 2812 2,
440 2728 481 2793 13
488 2751 533 2811 pr.
579 2727 739 2813 Ulpianus
767 2728 851 2794 libro
881 2729 1035 2814 quinqua-

68 2818 171 2882 nsimo
198 2819 296 2882 tertio
324 2817 365 2882 ad
395 2817 544 2882 edictum.
569 2853 611 2864 -
636 2817 699 2893 Qui
726 2817 811 2882 bona
838 2818 900 2882 fide
929 2840 948 2882 a
970 2840 1036 2883 non

68 2908 155 2971 mino
180 2908 266 2984 emit,
289 2907 461 2970 videndum
481 2909 539 2984 est,
557 2905 714 2990 numquid
732 2908 947 2991 repromittat,
969 2929 1036 2972 non

68 3018 125 3059 ‚am
149 2996 230 3059 eatis
255 2995 316 3061 det.
358 2995 443 3080 quod
467 2994 660 3077 quibusdam
683 2995 819 3062 videtur.

361 3153 411 3218 De
433 3154 572 3219 incendio
594 3155 697 3220 ruina.

115 3271 187 3334 176.
233 3268 271 3335 D.
295 3271 347 3352 47,
370 3269 400 3354 9,
422 3269 454 3334 ὃ.
505 3267 604 3334 Gaius
633 3270 718 3334 libro
746 3269 899 3334 vicesimo
928 3269 1033 3352 primo

95 3359 236 3423 edietum
262 3358 469 3441 provinciale.
494 3395 538 3406 -
561 3355 597 3423 Si
620 3360 692 3444 quis
721 3380 760 3422 ex
788 3357 959 3441 naufragio
983 3357 1034 3421 vel

90 3447 239 3514 incendio
262 3448 393 3512 ruinave
417 3450 579 3512 servatam
607 3470 674 3516 rem
699 3451 732 3510 et
762 3445 826 3510 alio
849 3445 920 3511 loeo
950 3447 1035 3529 posi·

68 3559 92 3599 n
116 3536 314 3600 subtraxerit
338 3539 394 3600 aut
412 3538 564 3619 rapuerit,
583 3535 663 3602 furti
680 3535 805 3600 seilicet
827 3538 884 3599 aut
903 3535 983 3598 alias
1005 3534 1034 3597 vi

772 3637 825 3691 36*
