2430 3944
161 157 229 222 478
266 159 300 214 V.
319 155 468 211 NERVAE
487 157 535 211 ET
553 154 706 210 TRAIANI
724 155 833 212 TEMP.
851 155 949 212 IURIS
968 155 1150 212 causum

161 320 368 386 commodum
400 318 498 383 medii
530 318 687 402 temporis
719 319 789 404 ipse
822 318 973 404 sentiret,
1004 319 1175 385 liberatum

163 431 237 474 eum
268 409 427 492 intellegi3
459 429 534 471 nam
568 413 600 470 et
631 409 704 490 plus
737 429 810 471 eum
844 410 1050 491 praestitisse
1084 431 1174 494 quam

164 497 338 562 debuisset.
664 584 680 649 ?

250 692 302 756 41.
330 690 369 756 D.
383 690 436 772 41,
450 692 479 773 3,
495 691 546 756 22.
592 690 681 755 Idem
705 687 761 776 (so.
784 689 973 770 Iavolenus)
997 692 1087 757 libro
1110 713 1173 776 sep-

160 783 242 846 timo
270 781 503 864 Epistularum.
533 815 571 826 -
602 780 702 844 Heres
729 783 758 843 et
778 779 931 845 hereditas
954 782 1080 846 tametsi
1101 783 1173 847 duas

160 869 380 952 appellationes
424 868 588 954 recipiunt,
637 868 733 933 nnius
770 887 923 950 personae
968 874 1075 935 tamen
1119 871 1174 935 oioo

158 959 343 1040 fnnpuntur.
659 1044 675 1109 ?

249 1162 303 1226 42.
336 1159 376 1225 D.
390 1161 443 1243 44,
457 1160 488 1236 3,
500 1159 530 1226 4.
574 1158 747 1226 Iavolenus
770 1160 854 1224 libro
879 1160 1022 1246 septimo
1047 1161 1171 1247 Epistu-

160 1251 276 1315 larum.
292 1286 330 1296 —
348 1249 387 1314 Si
403 1269 508 1313 seruus
526 1247 729 1313 hereditarius
747 1254 803 1314 aut
819 1250 893 1335 eius,
916 1251 972 1332 qui
988 1251 1027 1314 in
1044 1250 1170 1316 hostium

154 1344 304 1421 potestate
331 1339 385 1420 sit,
412 1339 489 1401 satis
516 1339 674 1420 acceperit,
701 1338 844 1402 continuo
873 1339 939 1404 dies
960 1341 1171 1405 satisdationis

160 1429 260 1492 oedem
281 1427 422 1509 inei'piet5
446 1426 562 1490 intueri
583 1428 665 1490 onim
687 1427 834 1510 debemus,
856 1447 899 1492 an
922 1428 1110 1509 exportandi
1120 1449 1169 1512 po

161 1521 253 1580 testas
277 1515 374 1596 fuerit
394 1516 540 1585 aduersus
561 1535 643 1594 eum,
666 1517 721 1596 qui
743 1516 893 1598 obtipatus
914 1521 974 1602 est,
995 1537 1061 1582 non
1083 1519 1170 1582 anu

159 1624 248 1686 apere
265 1605 412 1685 potnerit,
439 1603 580 1684 quirem
601 1605 638 1668 in
660 1604 872 1686 obtipationem
899 1606 1068 1671 deduxerit.
1101 1606 1169 1670 aiio

159 1693 236 1774 quin
254 1694 314 1757 erit
329 1692 562 1773 iniquissimam
579 1712 616 1758 eoo
633 1695 806 1758 oondioiono
822 1698 963 1758 aomrum
976 1694 1168 1778 oblipationu

159 1802 283 1845 reorum
309 1781 442 1858 extendi,
466 1801 524 1862 per
550 1801 625 1863 quos
646 1781 867 1866 uitiosorum
889 1783 962 1866 erit,
986 1785 1168 1865 quominus

160 1891 230 1935 oum
254 1870 303 1935 tis
325 1871 378 1953 api
394 1871 503 1952 possit.

421 2029 471 2094 Do
493 2031 592 2112 operis
613 2030 686 2093 nooi
708 2031 910 2095 nuntiatione.

247 2146 301 2209 43.
329 2145 367 2209 D.
382 2144 434 2227 39,
450 2143 479 2227 1,
492 2144 545 2209 23.
580 2142 751 2208 lavolenus
770 2145 854 2208 libro
875 2146 1018 2230 septimo
1040 2146 1165 2231 Epistu-

158 2234 273 2297 larum.
299 2271 336 2280 -
362 2233 399 2298 Is
421 2235 472 2297 oui
496 2253 571 2315 opus
592 2253 705 2297 nouum
727 2234 906 2297 nuntiatum
928 2239 1008 2318 orat,
1038 2237 1166 2301 uendidit

72 2365 74 2369 .
156 2324 334 2404 praedium,
367 2327 481 2403 emptor
512 2322 692 2404 aedificarit.
726 2327 889 2402 emptorem
915 2343 959 2387 an
985 2326 1165 2389 uenditorem

159 2412 254 2475 teneri
270 2416 376 2493 putas,
399 2411 481 2493 quod
500 2412 645 2475 aduersus
667 2411 796 2475 edictum
815 2412 934 2493 fautum
957 2411 1023 2476 sit?

248 2498 434 2579 Respondit:
466 2519 534 2563 oum
556 2500 655 2581 operis
680 2500 751 2563 noui
772 2500 928 2564 nuntiatio
951 2501 1040 2581 faeta
1062 2507 1117 2585 est,
1141 2501 1165 2566 si

159 2588 237 2668 quid
253 2589 448 2670 aedificatum
466 2593 517 2670 est,
535 2592 650 2670 emptor
668 2588 781 2671 [idest
798 2587 1163 2672 dominuspraediorum]

159 2679 287 2754 tenetur,
319 2678 395 2757 quia
425 2677 580 2741 nuntiatio
611 2678 710 2758 operis
740 2697 803 2742 non
828 2697 980 2759 personae
1012 2681 1051 2762 rit
1085 2684 1113 2744 et
1140 2680 1164 2741 is

158 2766 281 2829 demum
308 2765 458 2846 obiipatus
484 2770 538 2848 est,
566 2767 620 2846 qui
642 2785 711 2830 eum
734 2766 833 2831 laeum
850 2767 999 2851 possidet,
1025 2769 1163 2849 inquom

158 2873 234 2934 opus
255 2873 368 2917 nouum
390 2855 569 2918 nuntiatum
591 2859 642 2919 est.

247 2963 348 3023 Eisele
372 2965 402 3025 Z.
422 2964 449 3024 d.
469 2964 595 3027 Suu-St.
608 2965 653 3024 XI
665 2986 694 3041 p.
710 2969 760 3025 11.

655 3138 672 3203 2

246 3245 298 3309 44.
330 3244 370 3311 D.
388 3245 446 3328 50,
466 3247 521 3323 17,
540 3246 614 3310 200.
664 3244 754 3310 Idem
785 3243 842 3331 (se.
870 3244 1057 3335 Iavolenus)
1083 3247 1157 3310 libro

158 3333 298 3417 septimo
326 3332 558 3417 Epistularum.
588 3370 626 3381 —
662 3335 808 3415 Quotiens
833 3334 914 3400 otuu
940 3337 1008 3401 sine
1032 3337 1157 3418 coptum

155 3423 336 3593 iiimeiiddiid
355 3427 467 3507 potest,
495 3423 666 3505 stipendum
692 3426 843 3508 estquod
867 3425 1035 3490 minimum
1060 3423 1157 3490 tabeat
