2430 3944
211 215 244 271 Π.
264 215 505 272 INCERTORUM
524 215 753 271 SENTENTIAE
771 217 818 270 ET
835 218 942 274 LIBRI.
1019 218 1084 283 565

509 399 593 466 Unde
615 400 654 463 oi.

160 521 234 587 181.
280 522 319 587 D.
350 523 403 601 43,
438 523 488 605 16,
521 525 550 605 1,
584 524 633 587 14.
687 522 848 606 Ulpianus
882 524 965 588 libro
999 545 1086 588 sexa-

66 611 217 696 gensimo
253 631 340 676 nono
378 611 418 674 ad
454 611 601 675 edictum.
637 648 682 658 —
821 614 849 676 si
884 612 969 697 quod
1002 612 1084 677 alius

67 700 200 780 deiecit,
231 703 339 765 ratum
372 699 532 778 habuer0,
563 705 640 765 sunt
677 701 732 784 qui
764 704 879 784 putent
911 701 1085 766 secundum

67 787 226 854 Sabinum
264 792 296 852 et
338 785 486 853 Cassium
525 790 580 872 qui
625 788 891 854 ratihabitionem
931 789 1085 854 mandato

67 881 276 961 comparant,
317 898 370 941 me
407 878 509 942 videri
548 877 700 943 deiecisse
746 877 981 963 interdictaque
1020 879 1084 942 isto

65 966 181 1031 teneri.

496 1054 653 1120 Derieis.

159 1171 232 1235 182.
279 1168 317 1233 D.
350 1171 405 1251 43,
435 1171 487 1251 21,
522 1171 549 1249 1,
583 1172 611 1236 7.
657 1169 816 1256 Ulpianus
848 1171 930 1236 libro
959 1175 1086 1255 septua-

67 1260 216 1343 gensimo
247 1259 286 1322 ad
318 1258 467 1324 edictum.
498 1297 540 1306 -
569 1256 720 1345 (Praetor
748 1261 807 1325 ait:
839 1260 943 1325 rivam
973 1282 1084 1344 specus
1194 1332 1197 1339 ,

67 1351 160 1431 septa
195 1347 326 1412 reficere
362 1368 503 1433 purgare
537 1370 640 1432 aquae
682 1349 843 1413 ducendae
880 1371 977 1413 eausa
1009 1348 1083 1431 ...)

65 1435 230 1521 purgandi
260 1437 395 1502 verbum
423 1437 568 1522 plerique
597 1485 626 1501 ..
654 1442 771 1522 putant
800 1438 840 1502 ad
873 1460 946 1502 eum
978 1439 1084 1502 rivum
1136 1447 1138 1451 '

66 1526 228 1609 pertinere
252 1524 307 1610 qui
329 1526 456 1610 integer
479 1531 536 1591 est.

294 1701 333 1767 Si
356 1723 432 1785 opas
454 1723 568 1767 novam
589 1704 769 1768 nuntiatum
791 1705 857 1768 erit.

160 1826 231 1891 183.
282 1826 320 1892 D.
352 1827 405 1910 39,
435 1828 463 1910 1,
491 1827 543 1909 20,
572 1828 600 1893 8.
647 1826 806 1910 Ulpianus
838 1828 922 1892 libro
958 1831 1085 1910 septua·
1178 1895 1181 1900 ,

67 1915 214 1999 gensimo
244 1917 348 1998 primo
373 1916 413 1979 ad
437 1915 585 1981 edietum.
608 1951 653 1962 —
676 1965 704 1979 ..
729 1916 757 1980 si
781 1920 963 2000 quaeratur,
987 1938 1028 1979 an
1051 1915 1085 1980 in

66 2003 219 2068 heredem
235 2004 304 2068 eius
324 2005 379 2088 qui
399 2027 480 2087 opus
499 2003 585 2082 feeit,
604 2004 811 2070 interdictum
830 2004 892 2070 hoc
911 2008 1084 2088 competat,

67 2091 233 2157 sciendum
249 2095 299 2156 est
313 2091 498 2157 Labeonem
518 2094 722 2158 existimasse
741 2093 775 2157 in
794 2093 827 2156 id
847 2093 932 2176 quod
952 2093 992 2156 ad
1011 2114 1085 2156 eum

66 2181 215 2264 pervenit
233 2180 402 2246 dumtaxat
422 2182 493 2246 dari
517 2186 665 2266 oportere
690 2183 740 2246 vel
761 2183 789 2246 si
808 2181 883 2266 quid
903 2182 977 2246 dolo
997 2180 1083 2244 malo

66 2269 170 2353 ipsius
203 2269 326 2335 factum
357 2271 415 2350 sit,
448 2293 511 2355 quo
551 2272 657 2335 minus
690 2273 881 2355 perveniret.
936 2268 1084 2334 nonnulli

66 2363 186 2442 putant
208 2358 242 2422 in
266 2359 390 2424 factum
414 2381 482 2424 esse
506 2360 645 2424 dandam
670 2383 767 2444 quam
792 2358 1008 2424 interdictum.

361 2536 411 2601 Dc
432 2537 593 2603 aracaeus
615 2536 782 2602 caedendis.

160 2659 233 2725 184.
280 2659 320 2726 D.
347 2661 399 2743 43,
428 2662 479 2737 27,
509 2663 537 2744 1,
566 2662 594 2725 2.
647 2660 807 2746 Ulpianus
840 2660 922 2724 libro
955 2664 1084 2744 septua-

10 2789 35 2816 .·
69 2748 218 2833 gensimo
241 2747 347 2831 primo
368 2750 408 2813 ad
428 2750 577 2816 edictum.
596 2787 631 2796 —
651 2747 687 2814 Si
701 2750 798 2814 arbor
818 2748 949 2814 aedibus
970 2749 1083 2813 alienis

68 2837 243 2919 impendet,
267 2842 376 2902 utrum
399 2842 505 2902 totam
530 2839 680 2903 arborem
699 2840 810 2903 iubeat
829 2841 961 2923 praetor
985 2836 1083 2902 adimi

69 2947 110 2989 an
140 2947 213 3009 vero
236 2925 271 2988 id
294 2927 411 3006 solum,
441 2929 526 3011 quod
551 2926 804 3010 superexcurrit,
832 2928 1005 3011 quaeritur.
1052 2928 1084 2988 et

68 3013 212 3079 Rutilius
233 3015 280 3078 ait
300 3037 319 3079 a
336 3017 437 3100 stirpe
452 3015 658 3080 excidendam
672 3015 768 3101 idque
782 3017 944 3101 plerisque
959 3013 1084 3079 videtur

66 3124 183 3167 venus.

521 3192 638 3259 Ueraci.

161 3306 234 3373 185.
280 3307 318 3372 D.
342 3309 395 3389 41,
418 3309 449 3391 2,
474 3309 524 3390 13,
548 3310 577 3373 2.
623 3308 712 3373 ldem
732 3307 789 3392 (sc.
808 3306 984 3393 Ulpianus)
998 3306 1082 3371 libro

69 3397 334 3481 septuagensimo
369 3397 511 3462 secundo
539 3397 579 3460 ad
608 3397 754 3462 edictum.
783 3433 821 3444 -
856 3447 885 3462 ..
910 3395 1083 3480 quaeritur,

70 3485 194 3568 siquis
219 3485 384 3551 hominem
406 3486 568 3550 venditori
592 3486 801 3568 redhibuerit,
830 3507 870 3549 an
902 3483 1083 3550 accessione

69 3573 117 3636 uti
140 3574 246 3659 possit
269 3596 308 3639 ex
336 3596 476 3658 persona
500 3575 579 3640 eiua.
626 3579 659 3640 et
689 3578 764 3644 sunt
787 3575 844 3659 qui
870 3576 992 3658 putent
1019 3593 1097 3633 non
