2430 3944
486 198 512 248 7.
529 189 718 248 Psocosus
1045 196 1105 260 111

322 370 373 437 De
394 373 584 454 adquirendo
605 394 712 438 rerum
734 374 880 440 doruiuio.

187 497 235 564 16.
255 496 296 563 D.
312 496 364 579 19,
375 497 404 580 1,
414 495 467 580 38,
475 497 506 563 2.
539 494 654 562 Celsus
669 497 753 562 libro
769 501 882 564 octavo
898 498 1107 584 Digestorum

120 582 155 672 (P.
166 582 228 670 te).
246 623 292 634 -
314 585 445 651 Firmus
469 607 489 650 a
507 584 646 651 Proculo
669 587 817 670 quaesiit,
839 588 868 652 si
892 587 930 652 de
952 589 1107 673 plumbeo

120 674 229 741 nstsllo
251 674 383 740 fistulae
408 674 469 739 sub
492 676 613 739 terram
631 676 748 740 missae
767 697 884 760 uquam
903 677 1056 742 ducerent
1074 679 1108 742 in

119 784 209 829 uuum
227 763 383 834 lateribus
403 764 693 846 circumstructum,
712 786 754 828 an
771 764 834 829 hae
853 765 979 829 aedium
1000 772 1109 831 essent

119 872 147 917 an
170 857 203 917 ut
232 856 310 918 ruta
341 873 437 917 caesa
467 851 577 916 vincta
607 851 736 936 fixaque
769 875 852 938 quae
884 853 1012 918 aedium
1042 877 1107 920 non

119 946 210 1007 mant.
253 941 311 1006 ille
333 939 502 1024 rescripsit
524 939 658 1024 referre,
682 940 759 1025 quid
783 941 848 1006 acti
870 946 964 1006 esset.

182 1053 398 1130 Fragmentum
427 1051 559 1113 fortasse
586 1051 797 1128 Epistularum
828 1053 914 1113 libris
943 1054 1108 1114 attribuen-

119 1139 170 1200 dum
188 1145 242 1202 m
405 1222 456 1289 De
477 1223 653 1290 maroniae
673 1225 798 1290 dadino.

182 1350 233 1415 17.
261 1347 384 1433 uate,
403 1348 476 1414 163.
501 1385 543 1393 -
566 1347 645 1434 (Si)
665 1348 950 1414 ..restitutorium
978 1349 1029 1414 vel
1058 1371 1109 1415 ex·

118 1433 288 1502 bibitorium
314 1435 523 1501 interdictum
551 1436 711 1521 redditur,
732 1436 901 1503 modo
929 1438 999 1502 sine
1027 1439 1108 1522 peri-

117 1525 170 1590 culo
200 1547 253 1591 res
287 1526 327 1591 ad
356 1527 476 1590 exitum
503 1526 700 1610 perducitur,
733 1525 829 1591 modo
856 1547 928 1591 cum
956 1526 1109 1610 periculo.

114 1632 235 1699 namque
263 1615 293 1679 si
320 1614 478 1680 arbitrum
505 1616 718 1698 postulaverit
744 1615 773 1678 is
801 1636 874 1679 cum
902 1637 965 1699 quo
993 1615 1109 1700 amtor,

60 1754 63 1785 2
112 1702 214 1788 recipit
235 1703 413 1769 formulam
436 1724 519 1787 quae
542 1704 726 1789 appellatur
749 1703 943 1768 arbitraria.
958 1755 964 1768 .
979 1753 987 1768 .
1002 1703 1057 1768 sed
1077 1708 1109 1768 et

111 1795 187 1858 actor
203 1793 274 1858 sine
293 1813 399 1894 poena
413 1792 579 1894 experitur
593 1813 666 1857 cum
681 1814 718 1858 eo
733 1813 828 1876 quem
841 1813 944 1876 neque
959 1792 1109 1894 exhibere

107 1884 1109 2054 tldrzztlltzmtltssztcottiopollentii}

105 2078 293 2207 sumu
315 2057 1048 2213 ¹²³⁰⁰¹²ltdr⁰¹²itlzlslll¹¹millilus
1062 2058 1109 2211 s·

104 2168 272 2300 cddidddsud1
289 2169 439 2300 ddlaldr
466 2170 636 2300 restitdbre
665 2257 698 2300 se
725 2236 778 2301 vel
791 2169 954 2300 'adhibere
985 2169 1110 2301 debdre.

378 2453 418 2512 Π.
451 2453 704 2529 Epistularum
726 2452 823 2513 libri.

181 2577 217 2635 In
243 2577 405 2636 Iustiniani
432 2576 567 2654 Digestis
598 2577 766 2637 afferuntur
794 2577 976 2655 fragmenta,
1012 2578 1038 2636 si
1066 2577 1109 2635 in·

100 2666 309 2741 scriptionibus
332 2665 407 2725 fides
429 2666 567 2725 habenda
583 2669 645 2738 est,
668 2685 704 2724 ex
725 2665 812 2724 libris
835 2665 859 2744 I,
877 2666 917 2742 Π,
935 2665 989 2742 IV,
1002 2665 1038 2738 V,
1057 2666 1110 2742 VI,

95 2754 162 2830 VII,
192 2753 279 2831 VIII,
310 2752 363 2813 XI.
395 2755 474 2830 quod
502 2756 533 2812 in
561 2758 718 2813 auctorum
743 2753 839 2813 indice
866 2755 940 2814 haec
968 2755 1111 2830 leguntur

95 2837 287 2924 ‘Hposodtov
296 2840 456 2904 ἐπιστολῶν
465 2838 670 2922 βιβλίαόκτώ’,
679 2842 1111 2904 erroritribuendumvidetur.

182 2932 329 2992 Proculus
357 2932 389 2991 in
416 2933 470 2993 hos
497 2933 590 2992 libros
617 2950 762 3008 responsa
789 2950 842 2990 sua
865 2933 975 2990 selecta
999 2931 1110 2990 additis

92 3021 139 3097 iis,
163 3039 240 3096 quac
264 3022 454 3080 consulentes
477 3020 514 3079 de
537 3041 570 3080 re
593 3022 632 3080 ad
650 3040 718 3079 eum
737 3021 928 3098 scripserant,
950 3022 1109 3096 congessit.

92 3129 222 3185 quorum
236 3128 273 3169 ex
285 3128 410 3169 numero
424 3112 546 3186 recepte
560 3111 631 3168 sunt
643 3090 782 3184 inprimis
802 3128 846 3182 ea,
865 3128 940 3185 quae
954 3109 1109 3168 Licinnius

93 3198 230 3259 Lucusta
244 3200 276 3257 et
284 3197 447 3257 Atilicinus
462 3201 493 3258 et
505 3198 606 3274 Nepos
621 3198 842 3272 consuluerant,
856 3216 914 3274 quo
928 3199 1041 3257 factum
1056 3201 1111 3273 est,

91 3290 128 3345 ut
148 3292 178 3346 et
196 3287 331 3363 partium
348 3287 470 3346 nomina
489 3288 667 3346 afferrentur
689 3290 721 3346 et
739 3305 795 3362 res,
819 3285 982 3361 dequibus
1001 3286 1111 3363 agitur,

93 3380 234 3435 accurate
259 3375 490 3453 designarentur
514 3367 564 3455 (D.
580 3378 613 3453 8,
629 3379 662 3451 2,
680 3378 719 3435 13
744 3369 884 3444 ‘Quidem
904 3375 1034 3433 Hiberus
1057 3392 1110 3430 no-

93 3465 184 3539 mine,
206 3464 258 3540 qui
280 3465 375 3523 babet
396 3467 465 3540 post
488 3465 596 3524 horrea
617 3483 685 3524 mea
707 3465 846 3539 insulam,
869 3460 1022 3522 balnearia
1039 3460 1112 3519 fecit

95 3553 258 3612 secundum
272 3553 421 3628 parietem
440 3548 646 3613 communem'.
679 3554 715 3613 D.
727 3555 817 3631 18,1,
829 3554 871 3612 60
885 3544 1012 3608 ‘Rutilia
1026 3548 1112 3607 Polla
