2430 3944
355 160 380 209 6.
402 151 611 208 IAVOLENUS
629 152 777 208 PRISOUS
1004 153 1072 217 479

459 357 565 416 Liber
587 356 672 416 VIII.

434 467 483 532 De
506 468 701 532 testamentis.

148 581 202 647 45.
231 581 270 647 D.
285 583 338 666 38,
355 584 386 665 2,
408 582 460 648 36.
504 579 594 644 Idem
619 577 675 667 (so.
698 578 887 667 Iavolenus)
911 581 994 646 libro
1019 604 1071 647 oe·

58 674 139 735 lavo
167 669 400 754 Epistularum.
424 706 463 717 -
488 670 631 734 Libertus
659 672 714 752 qui
739 671 879 735 soluendo
906 691 970 736 non
996 676 1073 755 erat,

51 761 223 842 praeterito
236 765 371 841 patrono
389 759 541 825 eaharios
558 759 706 840 relinquit
720 759 849 824 heredes.
888 780 1010 841 quaero,
1028 781 1072 824 an

52 848 157 930 possit
170 852 321 929 patronus
328 853 429 930 petere
442 852 549 913 eontra
558 847 680 912 tabulas
689 848 1073 929 honornmpossessionem.

149 936 333 1018 Respmdit:
358 958 427 1002 oum
449 957 470 1000 a
492 937 615 1018 seriptis
636 936 795 1001 heredrhns
816 939 904 1001 adita
926 943 971 1002 est
990 937 1072 1001 here-

57 1026 156 1107 ditas,
189 1030 341 1106 patronus
376 1031 483 1090 eontra
519 1025 640 1090 tabnhrs
675 1026 822 1090 honorum
851 1028 1071 1106 possessionem

53 1119 158 1196 petere
177 1118 291 1197 potest,
317 1115 393 1196 quia
419 1115 559 1179 soluendo
581 1114 730 1179 hereditas
752 1119 808 1194 est,
834 1135 913 1196 quae
934 1116 1074 1179 inumiat

58 1202 206 1267 heredem.
250 1209 278 1266 et
303 1222 378 1268 sane
404 1203 572 1268 absurdum
599 1208 643 1267 est
668 1204 719 1267 ius
734 1205 865 1285 patroni
886 1204 922 1268 in
938 1205 1072 1286 petenda

58 1291 209 1356 honoram
220 1293 410 1373 possessione
428 1297 534 1356 omtra
552 1291 673 1356 tabulas
690 1292 825 1356 aliorum
841 1293 1072 1374 computatione,

58 1401 124 1444 non
151 1380 265 1445 indioio
287 1382 387 1462 ipsius
404 1382 532 1462 patroni
554 1382 713 1444 aestimari
735 1381 912 1463 auferrique
929 1386 1073 1465 patrono,

58 1469 143 1552 quod
163 1470 316 1533 modicum
338 1471 551 1534 uindicaturus
572 1475 623 1534 est.
663 1469 753 1534 multi
770 1471 852 1534 enim
869 1491 959 1535 casus
976 1471 1071 1534 inter-

58 1559 164 1622 uenire
184 1563 327 1640 possunt,
354 1558 462 1640 quihus
491 1559 630 1639 expediat
649 1563 783 1640 patrono
801 1565 902 1640 petere
923 1559 1072 1624 honorum

51 1648 291 1728 possessionem,
328 1649 468 1729 quamuis
504 1650 586 1711 aeris
620 1648 716 1711 alieni
747 1649 941 1731 maqnitndo,
977 1646 1083 1730 quam

59 1734 187 1800 hhertus
222 1736 391 1820 reliquerit,
429 1735 593 1816 facultates
623 1736 810 1818 patrimonii
845 1738 910 1802 eins
941 1739 1071 1814 enoedat,

61 1823 156 1888 ueluti
177 1824 207 1889 si
223 1825 357 1906 promia
378 1830 452 1890 sunt
473 1825 581 1906 aliqua
603 1844 641 1888 en
663 1824 751 1889 honis
773 1824 881 1908 liberti,
904 1826 939 1888 in
961 1825 1072 1906 quihus
1160 1876 1164 1883 .

61 1913 218 1978 maiorum
240 1914 368 1994 patroni
394 1912 553 1996 sepulchra
580 1914 645 1976 sint
669 1918 698 1976 et
723 1914 830 1995 maqni
853 1914 997 1977 aestimat
1014 1933 1072 1994 pa-

62 2005 170 2066 tronus
202 2001 349 2066 honorum
377 2003 597 2084 possessionem
630 2008 764 2084 propter
790 2023 826 2065 ea
852 1998 945 2066 iura1
973 2003 1017 2066 ad
1041 2021 1073 2065 se

53 2091 224 2173 pertinere,
246 2091 293 2155 oel
319 2091 440 2173 aliquid
464 2091 667 2172 mancipium,
694 2091 775 2171 quod
795 2110 857 2154 non
878 2091 993 2173 pretio,
1019 2091 1074 2154 sed

59 2177 174 2258 affata
202 2180 245 2242 sit
274 2181 510 2245 aestimandum.
554 2199 616 2244 non
648 2200 716 2261 erqo
744 2180 809 2243 ideo
836 2180 940 2243 minus
966 2178 1074 2243 hahere

58 2267 144 2332 dehet
160 2269 211 2332 ius
224 2270 370 2350 petendae
387 2268 535 2333 bonorum
547 2268 750 2350 possessionis
769 2266 834 2350 ‘qni
850 2268 956 2332 animo
968 2269 1073 2348 potius

58 2377 157 2439 quam
184 2358 320 2421 aliorum
342 2357 575 2439 computatione’
598 2357 678 2421 lona
700 2356 800 2421 liherti
821 2357 975 2439 aestimat,
1003 2377 1072 2420 oum

59 2467 93 2510 eo
132 2447 199 2524 ipso
232 2447 371 2528 snfhoere
401 2448 629 2528 patrimonium
664 2446 762 2511 uideri
785 2446 900 2527 possit,
936 2447 1019 2527 qnod
1045 2450 1075 2509 et

57 2534 199 2599 heredem
220 2533 331 2598 haheat
351 2540 380 2599 et
401 2535 549 2599 honorum
566 2554 776 2616 possessorem.
1016 2553 1020 2560 ·

347 2712 396 2777 De
418 2712 577 2777 valorum
599 2712 789 2794 olliqatione.

151 2827 204 2891 46.
232 2825 469 2911 D.45,1,107.
509 2827 599 2890 Idem
623 2823 681 2914 (so.
703 2824 890 2906 Iavolenus)
913 2826 997 2890 libro
1020 2847 1071 2890 oc·

57 2919 138 2979 lavo
156 2915 390 2998 Epistularum.
412 2954 449 2962 -
476 2917 586 2983 Utrum
599 2921 718 2996 turpem
736 2916 827 2980 talem
845 2915 1074 2996 stipulationem

53 3009 148 3086 putes
179 3025 223 3069 an
253 3025 330 3090 non,
360 3026 480 3088 quaero.
528 3009 620 3087 pater
650 3005 806 3068 naturalis
836 3005 951 3086 hlium,
984 3024 1073 3085 quem

62 3092 168 3157 Titius
184 3093 312 3158 habehat
328 3096 363 3158 in
381 3095 582 3176 adoptimem,
604 3093 740 3157 heredem
757 3094 899 3171 institnit,
921 3095 951 3157 si
964 3093 1074 3172 patria

54 3185 205 3264 potestate
231 3182 377 3248 liberatus
403 3188 483 3248 esset.
516 3187 607 3264 pater
633 3203 702 3246 eum
724 3183 885 3264 adoptivus
905 3202 968 3245 non
991 3181 1074 3244 alias

60 3271 258 3352 emancipare
274 3273 378 3356 uoluit,
400 3293 494 3353 qnam
512 3272 582 3336 siei
598 3271 734 3354 dedisset,
757 3292 778 3334 a
795 3291 854 3353 qno
872 3270 1074 3351 stipularetnr

62 3365 178 3425 eertum
208 3380 375 3446 summam,
405 3362 434 3426 si
465 3381 533 3424 eum
565 3360 800 3425 manumisisset.
840 3363 915 3441 post
942 3359 1075 3422 emansi-

136 3532 150 3579 1
170 3526 218 3582 Fl.
236 3527 374 3582 bonorum
391 3526 569 3597 possessione
587 3526 648 3582 iura
666 3543 717 3597 pro
736 3527 817 3596 parte
836 3541 881 3581 es..
