2430 3944
185 184 232 238 iv.
253 183 349 249 ouis
370 183 536 238 saonem
554 184 657 254 sunu,
676 183 920 240 Puncusauur
938 183 1016 241 aro.
1039 187 1104 251 577

94 347 265 412 testatoris
302 350 384 412 sunt
422 347 477 411 sed
514 370 568 412 eas
606 347 734 432 quidem
768 370 819 412 res
852 371 934 432 quae
965 350 1107 434 pondere

93 457 230 501 numero
254 457 405 500 mensura
428 441 588 520 constant,
610 437 733 520 placuit
752 437 906 520 sufficere,
935 439 963 502 si
991 440 1106 503 mortis

93 531 242 608 tempore
272 524 337 588 sint
364 546 402 587 ex
434 526 503 589 iure
534 524 710 602 Quiritium
737 525 914 610 testatoris,
936 527 1037 591 veluti
1060 527 1105 591 vi·

94 636 174 677 num
203 613 310 676 oleum
333 612 529 677 frumentum
552 614 723 698 pecuniam
746 617 956 678 numeratam.
980 620 1104 680 ceteras

94 723 173 767 vero
201 721 252 765 res
282 701 406 785 placuit
432 705 568 786 utroque
596 705 742 784 tempore
765 702 931 767 testatoris
966 725 1004 767 ex
1037 704 1107 767 iure

94 789 270 866 Quiritium
303 811 372 854 esse
404 789 530 871 debere,
561 790 593 853 id
624 795 674 854 est
702 794 736 854 et
762 813 825 875 quo
853 791 974 856 faceret
1004 795 1106 857 testa·

96 882 243 943 mentum
261 882 294 943 et
311 900 374 962 quo
389 883 580 964 moreretur,
600 879 744 962 alioquin
760 880 873 943 inutile
889 884 939 944 est
952 880 1106 966 legatum.

190 994 239 1058 13.
279 992 348 1058 Gai.
380 994 416 1076 2,
449 993 521 1058 199.
552 1030 595 1039 -
626 993 710 1058 Illud
742 997 878 1072 constat,
914 995 942 1059 si
983 996 1108 1060 duobus

96 1082 286 1166 pluribusve
318 1103 376 1165 per
406 1082 657 1147 vindicationem
690 1081 800 1146 cadem
831 1104 883 1146 res
915 1084 1024 1168 legata
1055 1085 1108 1168 sit,

98 1171 165 1235 sive
202 1171 399 1236 coniunctim
439 1170 506 1235 sive
538 1170 737 1256 disiunctim,
766 1175 799 1234 et
831 1193 941 1235 omnes
974 1171 1107 1237 veniant

93 1259 140 1324 ad
167 1260 320 1344 legatum,
352 1261 461 1343 partes
498 1258 539 1323 ad
567 1260 711 1344 singulos
740 1260 901 1345 pertinere
938 1264 971 1324 et
998 1261 1107 1325 defici-

97 1348 183 1413 entis
208 1348 396 1432 portionem
420 1347 628 1432 collegatario
652 1348 845 1414 adcrescere.

307 1539 354 1599 Dc
376 1540 466 1613 lepoto
483 1557 540 1613 per
562 1507 776 1621 domationem
797 1541 903 1601 relicte.

190 1657 241 1722 14.
284 1655 354 1721 Gai.
383 1659 417 1740 2,
441 1657 515 1724 245.
545 1695 587 1702 -
621 1705 655 1723 ..
687 1661 815 1722 constat
850 1659 890 1721 ab
918 1680 955 1723 eo
988 1658 1044 1742 qui
1075 1660 1110 1722 in

97 1750 263 1832 potestate
292 1745 391 1831 <tua>
413 1750 473 1830 est,
495 1745 613 1811 herede
636 1746 788 1810 instituto
809 1750 895 1810 recte
913 1747 976 1811 tibi
994 1747 1110 1830 legari;

99 1835 155 1901 sed
180 1835 207 1900 si
235 1838 272 1898 tu
294 1856 353 1918 per
370 1857 443 1907 eum
461 1835 555 1899 heres
575 1833 728 1911 extiteris
752 1855 939 1899 evanescere
957 1835 1111 1919 legatum,

97 1925 177 2008 quia
209 1923 278 2007 ipse
310 1923 372 1987 tibi
399 1923 541 2007 legatum
570 1923 685 1986 debere
718 1944 785 1986 non
813 1923 932 2005 possis,
970 1923 997 1987 si
1034 1945 1110 1988 vero
1147 1941 1152 1951 ’

98 2013 186 2077 filius
225 2011 445 2095 emancipatus
481 2016 537 2076 aut
569 2033 680 2075 servus
712 2011 930 2075 manumissus
964 2012 1026 2074 erit
1058 2011 1111 2075 vel

98 2101 133 2165 in
162 2100 264 2165 alium
291 2101 478 2180 translatus,
501 2099 625 2183 etipse
648 2100 740 2164 heres
765 2099 908 2163 extiterit
930 2101 987 2162 aut
1011 2099 1110 2163 alium

98 2189 221 2269 fecerit,
244 2189 351 2253 deberi
375 2189 527 2272 legatum.

193 2293 243 2359 15.
267 2293 304 2360 D.
329 2294 381 2378 33,
404 2295 435 2376 4,
461 2295 509 2359 15.
556 2292 655 2358 Gaius
675 2294 758 2358 libro
778 2294 916 2359 seeundo
936 2293 975 2357 de
993 2293 1111 2378 legatis

100 2384 143 2448 ad
176 2384 315 2448 edictum
348 2383 517 2467 praetoria.
554 2419 591 2428 -
630 2381 722 2464 Licet
758 2383 887 2467 placeat
921 2380 1111 2466 pigneratus

99 2494 154 2536 res
179 2474 230 2536 vel
253 2471 289 2536 in
306 2469 471 2555 publicum
491 2471 650 2556 obligatas
669 2471 826 2554 heredem,
841 2470 896 2554 qui
910 2471 986 2534 dare
1004 2472 1112 2536 iussus

99 2565 161 2640 est,
184 2561 323 2624 liberare
348 2560 471 2643 debere,
494 2564 603 2623 tamen

256 2751 303 2836 De
325 2750 417 2825 leuato
440 2753 515 2824 qaod
536 2752 650 2810 macodo·
672 2751 754 2810 modo
776 2712 958 2823 relinquitur.

195 2869 258 2934 16?
283 2867 352 2934 Gai.
372 2870 402 2950 2,
422 2869 494 2935 280.
513 2905 555 2914 -
652 2868 719 2933 scio
734 2918 764 2932 ..
796 2867 921 2933 Iuliano
944 2869 1114 2953 placuisse,

99 2961 137 3024 in
166 2980 202 3023 eo
235 2958 358 3041 legato,
395 2958 480 3042 quod
512 2957 639 3021 sinendi
666 2957 761 3022 modo
789 2957 995 3040 relinquitur,
1027 2957 1114 3020 idem

99 3048 182 3112 iuris
211 3045 282 3111 esse
310 3046 395 3130 quod
425 3046 461 3109 in
488 3044 758 3130 fideicommissis,
788 3068 884 3129 quam
917 3045 1113 3109 sententiam

100 3143 136 3201 et
160 3135 212 3200 his
236 3135 436 3218 temporibus
459 3135 564 3219 magis
589 3134 732 3217 optinere
755 3135 856 3199 video.

410 3319 460 3386 De
482 3325 576 3402 lepato
598 3320 809 3385 condictorroli.

198 3445 248 3508 17.
271 3445 310 3509 D.
334 3443 385 3527 35,
412 3445 439 3526 1,
462 3445 505 3509 63
514 3466 562 3527 pr.
609 3442 708 3508 Gaius
727 3443 810 3507 libro
829 3442 926 3506 tertio
946 3441 985 3504 ad
1009 3440 1115 3524 legem

100 3533 223 3608 Iuliam
252 3537 285 3597 et
312 3532 520 3616 Papiam-
545 3531 626 3598 Cum
653 3532 700 3596 ita
722 3531 866 3616 legatum
896 3529 939 3593 sit
962 3527 1002 3594 ‘si
1026 3529 1115 3593 Titio

160 3646 257 3696 Iurispr.
272 3647 390 3717 antehadr.
405 3647 455 3687 rell
470 3647 503 3687 ed.
518 3647 617 3688 Bremer.
637 3646 670 3699 Π,
679 3646 699 3686 2.
875 3637 911 3684 31
