2430 3944
101 212 168 277 454
203 211 236 266 V.
254 210 404 265 NERVAE
423 209 469 264 ΕΤ
487 207 640 264 TRAIANI
656 207 764 262 TEMP.
783 206 880 263 IURIS
899 206 1080 263 CONSULTI

102 378 145 441 ad
165 396 254 458 qoem
270 375 408 457 pretium
423 373 540 456 peculii
557 373 709 454 peroeaii;
733 375 739 452 Ι
765 377 885 436 etcum
906 360 992 436 heres
1011 371 1108 437 iussus

101 465 306 547 estpeeuliem
323 464 399 528 dore
415 466 535 544 oeeepio
553 466 634 526 certo
651 481 782 538 summo,
805 481 869 525 oon
885 461 1007 525 oideior
1019 479 1107 543 penes

102 554 239 618 heredem
260 571 323 618 esse
340 551 503 634 peepiipm.

453 699 504 765 De
525 701 560 764 io
582 721 646 764 rem
668 720 760 765 verso.

190 809 241 873 66.
275 806 314 871 Ι).
335 807 390 888 15,
408 807 443 889 3,
461 807 491 871 2.
541 806 711 871 Iavolenus
742 806 826 870 libro
854 805 1046 871 duodecimo
1062 813 1108 870 'ex

101 894 224 961 Caesio.
249 933 288 942 -
318 895 380 976 Qui
401 896 537 960 noemmis
559 895 686 978 oeoepiis
707 892 828 959 'sooom
845 895 1039 974 manumisit,
1060 895 1109 977 opi

100 1006 170 1051 eom
197 1006 229 1049 eo
255 986 292 1050 de
317 986 353 1049 ia
379 1005 443 1049 rem
470 1004 554 1049 verso
580 1004 644 1048 poa
660 988 771 1068 potest,
798 984 874 1064 quie
895 984 1000 1048 doado
1024 983 1107 1048 iiber·

101 1079 194 1139 ioieoi
217 1074 390 1155 locupletior
411 1093 448 1138 eo
469 1074 606 1137 nummis
627 1094 690 1137 pop
711 1074 775 1155 fii..

190 1163 241 1227 67.
269 1162 307 1227 Ι).
333 1160 388 1244 15,
411 1162 446 1244 3,
470 1162 499 1226 9.
543 1161 716 1225 Iavolenus
746 1158 828 1225 libro
856 1159 1046 1226 duodecimo
1072 1182 1106 1225 ex

100 1248 221 1317 Cassio.
240 1288 284 1298 —
303 1250 340 1315 Si
362 1271 430 1315 vero
449 1255 539 1331 poter
556 1251 654 1315 dotem
672 1251 801 1314 daturus
817 1269 881 1314 pop
895 1250 969 1331 seii,
992 1251 1028 1314 ia
1046 1270 1107 1314 rem

95 1341 201 1423 patris
222 1360 342 1404 persam
364 1359 426 1404 esse
447 1359 510 1403 ooo
532 1340 657 1403 oideioo.

190 1450 227 1508 of.
249 1449 285 1508 D.
307 1452 357 1528 15,
377 1452 406 1526 3,
426 1452 454 1527 7,
475 1451 493 1509 5
516 1449 586 1526 Ulp.
614 1449 647 1509 si
678 1449 759 1509 filius
789 1449 920 1509 familias
953 1450 1107 1526 pecuniam

99 1541 256 1599 mutuatus
287 1556 341 1615 pro
373 1537 437 1597 filia
468 1557 523 1597 sua
551 1538 651 1597 dotem
679 1537 807 1615 dederit,
839 1539 871 1597 in
899 1557 964 1597 ram
991 1557 1107 1599 versum

99 1627 195 1704 patris
217 1627 350 1705 videtur,
373 1630 521 1704 quatenus
544 1645 617 1686 avua
641 1645 695 1702 pro
718 1629 807 1703 nepte
831 1627 958 1687 daturus
981 1628 1049 1688 fuit.

498 1839 607 1898 Liber
628 1839 709 1899 XIII.

479 1956 529 2022 De
551 1959 728 2024 interdictis.

189 2076 239 2140 68.
263 2074 301 2140 D.
316 2075 369 2152 41,
384 2076 414 2155 2,
429 2076 480 2138 22.
529 2073 619 2137 Idem
644 2073 700 2155 (se.
724 2071 907 2161 Iavolenus)
931 2075 1018 2141 libro
1049 2079 1105 2139 ter·

99 2164 146 2229 iio
179 2163 301 2228 decimo
334 2187 373 2227 ex
405 2161 526 2228 Cassio.
561 2198 598 2208 -
633 2161 708 2227 Nep
738 2164 856 2227 videtur
886 2166 1105 2247 possessionem

99 2255 226 2336 adeptos
248 2251 276 2318 is
298 2254 352 2334 qai
375 2253 419 2315 iio
441 2256 549 2316 aoeies
572 2255 625 2334 esi,
642 2256 678 2315 oi
694 2272 763 2317 eom
780 2254 908 2317 retinere
925 2274 989 2317 pop
1002 2253 1104 2335 possit.

189 2342 240 2407 69.
268 2340 305 2404 D.
321 2341 374 2424 43,
392 2340 422 2420 5,
437 2341 466 2404 5.
507 2338 679 2404 Iavolenus
702 2341 786 2404 libro
809 2341 906 2405 tertio
927 2341 1052 2406 decimo
1070 2363 1104 2405 ex

100 2429 222 2494 Cassio.
250 2465 286 2476 —
312 2428 362 2494 De
384 2429 497 2493 tabuiis
513 2429 709 2510 proferendis
731 2430 926 2494 interdictam
947 2436 1105 2513 competere

99 2539 162 2582 pop
184 2523 304 2601 oporto,
327 2518 355 2582 si
376 2517 552 2582 hereditatis
574 2520 778 2582 controversia
800 2538 837 2581 ee
859 2517 908 2582 his
926 2521 1040 2600 pendet
1055 2522 1106 2583 oei

99 2608 128 2671 si
146 2608 189 2670 od
200 2607 357 2687 publicam
374 2608 579 2687 quaestionem
596 2608 735 2689 pertinet.
758 2609 860 2687 iiopoe
877 2607 912 2670 ip
929 2609 1005 2672 aede
1020 2627 1105 2673 soora

100 2696 225 2758 inierim
247 2697 438 2775 deponendae
460 2700 534 2760 sont
555 2700 612 2758 eoi
633 2697 718 2776 opud
738 2697 840 2759 virum
863 2697 1017 2762 idoneum.

189 2784 239 2849 70.
264 2782 521 2867 1).5Ο,17,198.
567 2783 739 2847 Iavolenus
762 2783 846 2847 libro
865 2785 965 2849 tertio
985 2784 1103 2850 decimo

101 2894 139 2936 ex
158 2870 280 2936 Cassio.
300 2908 342 2918 —
362 2873 467 2954 Neque
488 2874 523 2937 ip
545 2872 702 2937 interdicto
720 2893 814 2954 oeque
831 2874 865 2937 ia
883 2875 991 2939 ceteris
1009 2874 1104 2939 oensis

92 2961 215 3063 pppiiio
246 2982 351 3114 poegre
382 2966 495 3044 oporiet
525 2961 628 3025 doiom
657 2962 778 3042 tutoris,
809 2963 872 3026 sioe
898 2963 1041 3028 solvendo
1066 2965 1105 3027 esi

98 3070 246 3114 savonen
268 3071 320 3115 es.

498 3179 607 3238 Liber
625 3178 705 3238 XIV.

186 3303 251 3362 Hoc
278 3304 354 3362 libro
378 3304 414 3362 de
436 3302 554 3379 legibus
577 3303 743 3380 veteribus,
768 3302 883 3362 scilieet
905 3303 966 3361 XII
990 3303 1101 3363 tabula·

98 3411 176 3468 rum,
198 3392 329 3469 Aquilia,
349 3390 460 3466 Ginaia,
478 3391 612 3450 Falcidia
631 3392 744 3450 dietum
761 3391 856 3450 fuisse
874 3390 969 3450 Lenel
987 3392 1102 3464 iudicat,

99 3481 130 3539 id
168 3480 247 3555 quod
284 3500 352 3539 cum
382 3480 619 3558 fragmentorum
652 3481 838 3558 argumentis
870 3481 1019 3541 convenii.
1074 3479 1100 3536 at

92 3569 336 3650 fragmentorum
371 3569 429 3630 duo
462 3587 573 3648 genera
604 3587 668 3628 esse
682 3584 684 3588 ·
700 3571 839 3645 apparet,
870 3589 966 3628 unum
998 3586 1099 3640 aarum,
