2430 3944
153 178 218 242 272
254 178 288 233 V.
308 177 457 234 Nunvnu
476 177 523 232 ET
542 176 693 230 TRAIANI
711 175 818 232 ΤΕΜΡ.
836 176 932 232 IURIS
952 175 1134 232 CONSUL'PI

153 347 282 408 conubio
321 344 482 404 contractis
519 346 617 422 legem
653 343 780 420 rogandi
816 344 847 403 et
882 345 1030 404 rationem
1066 343 1166 421 potuit

154 435 266 495 hebere
290 437 320 493 et
343 434 560 493 auctoritatem.
597 437 730 492 ceterum
753 433 916 509 optandum
940 435 993 511 est,
1016 433 1101 491 utin
1119 432 1164 491 ins

155 524 235 599 qnod
263 524 301 582 ad
327 522 519 582 matrimonio.
541 523 596 581 ille
618 523 717 581 aetate
740 522 772 579 in
793 522 917 597 imperio
940 522 1076 580 Romano
1100 540 1165 581 con-

151 611 299 671 trahenda
330 611 493 688 attinebat,
524 610 661 687 inprimis
694 610 729 668 de
761 609 951 669 matrimonio
984 609 1065 686 qnod
1091 610 1164 669 iuris

151 700 289 778 gentium
316 717 380 758 esse
408 698 524 775 dicunt,
552 697 724 775 diligentius
750 716 839 774 quem
863 697 959 758 adhuc
981 698 1098 757 fectum
1120 701 1165 757 est

151 788 327 866 inquiratur.
377 787 409 846 id
435 806 529 846 unum
556 805 674 859 moneo,
703 785 811 845 (icium
842 787 874 845 in
903 786 940 846 iis
968 806 1044 862 quoe
1076 789 1105 863 1,
1125 789 1164 847 78

152 877 188 935 de
215 880 302 952 perte
329 877 405 953 legis
428 876 565 935 Miniciee
593 893 780 951 supervacue
807 878 838 934 et
868 879 895 953 1,
911 878 963 935 84.
977 877 1018 935 85
1048 875 1087 934 de
1110 869 1165 934 ‘ro

152 959 271 1024 stitute’
308 965 383 1024 iuiis
419 964 554 1040 gentium
586 964 694 1042 regule
724 963 780 1039 cit,
817 965 938 1040 regulas
970 963 1082 1040 quibus
1113 963 1165 1022 ille

152 1055 251 1113 notate
282 1053 446 1112 utebantur
477 1053 553 1112 falso
582 1052 643 1110 iam
671 1051 710 1111 od
736 1051 867 1127 priorem
889 1055 1022 1112 oetatem
1044 1053 1165 1112 referre.

527 1228 567 1289 II.
598 1228 791 1304 Responsa.

240 1352 394 1413 Minicium
412 1371 556 1428 responso
574 1352 691 1412 dedisse
710 1352 820 1412 diserte
837 1352 984 1412 traditum
1002 1357 1056 1413 est.
1090 1371 1165 1431 quae

152 1461 295 1519 response
316 1459 383 1500 cum
401 1440 432 1498 in
452 1459 540 1516 opere
559 1441 595 1499 do
614 1459 674 1518 qno
693 1441 772 1500 infre
790 1439 950 1501 videndum
969 1443 1024 1515 est,
1037 1440 1166 1501 edidisse

153 1530 305 1608 videatur,
337 1529 440 1588 ecdem
471 1530 528 1588 hoc
556 1529 622 1589 loco
649 1548 814 1605 proponere
842 1529 1004 1606 supersedi.
1055 1530 1167 1590 sufficit

153 1619 260 1679 seriem
281 1618 493 1694 responsorum
514 1617 702 1679 indicavisse.

487 1770 537 1836 De
560 1770 667 1854 tepetis
691 1771 835 1837 tabernis.

247 1880 273 1943 1.
308 1877 348 1942 D.
362 1877 414 1961 33,
429 1878 459 1956 3,
477 1881 505 1942 1.
551 1876 696 1942 Iulianus
724 1877 809 1942 libro
836 1878 940 1962 primo
969 1899 1008 1942 ex
1033 1875 1165 1944 Minicio

154 1966 204 2055 (P.
219 1962 299 2054 845)
322 1989 351 2031 v.
369 1966 454 2030 infra
476 1987 507 2049 p.
522 1966 596 2030 276.

378 2106 428 2172 De
450 2109 639 2190 adquirendo
661 2128 765 2172 rernm
787 2108 931 2173 dominic

243 2217 272 2280 2.
296 2214 337 2279 D.
357 2214 407 2296 14,
421 2214 452 2296 2,
466 2212 495 2278 8.
531 2212 679 2277 Iulianus
702 2213 786 2278 libro
810 2215 947 2279 secundo
972 2236 1011 2278 ex
1033 2214 1165 2281 Minicio

155 2303 205 2388 (P.
220 2300 300 2390 857)
325 2326 352 2367 v.
370 2301 455 2366 infra
477 2323 506 2384 p.
521 2301 595 2366 278.

242 2392 271 2457 3.
295 2390 438 2474 D.41,4‚
450 2390 501 2454 10.
546 2388 635 2454 Idem
660 2387 893 2475 (solutionus)
916 2391 1001 2456 libro
1026 2393 1166 2458 secundo

154 2481 194 2546 ed
218 2479 385 2544 Minicium
408 2475 458 2564 (P.
474 2475 553 2564 856)
577 2500 606 2542 u.
625 2477 711 2542 infre
733 2500 763 2561 p.
778 2479 852 2544 277.

525 2636 575 2702 De
592 2637 795 2703 succutiens.

241 2743 271 2807 4.
296 2743 336 2807 D.
351 2742 379 2827 8,
390 2743 484 2821 3,31.
528 2741 676 2808 Iulianus
699 2743 782 2808 libro
808 2744 946 2810 secundo
971 2767 1009 2809 ex
1031 2743 1165 2811 Minicio

155 2829 205 2916 (P.
219 2827 299 2917 852)
323 2854 351 2896 v.
370 2832 454 2896 infra
476 2854 507 2915 p.
521 2832 595 2897 279.

577 2973 627 3039 De
649 2993 739 3055 aqnc.

94 3123 97 3131 ·
243 3077 272 3143 5.
296 3077 336 3142 D.
346 3079 399 3161 43,
408 3079 460 3161 20,
471 3079 501 3160 5,
514 3081 541 3145 1.
583 3078 674 3143 Idem
697 3076 755 3165 (so.
768 3078 928 3166 Iulianus)
947 3080 1031 3147 libro
1051 3088 1164 3168 quarto

156 3188 196 3231 ex
218 3165 349 3230 Minicio
375 3165 425 3252 (P.
439 3165 518 3252 869)
542 3190 571 3232 v.
590 3167 676 3233 infra
698 3191 730 3252 p.
744 3168 819 3233 282.

484 3325 533 3391 De
555 3329 601 3391 rei
623 3328 834 3394 vindicatione.

244 3431 273 3496 6.
306 3431 344 3496 D.
366 3432 395 3515 6,
416 3433 444 3511 1,
463 3432 515 3497 61.
566 3432 711 3497 Iulianus
738 3433 821 3499 libro
850 3437 941 3500 sexto
969 3456 1008 3501 ex
1034 3433 1163 3501 Minicio

22 3608 26 3618 ι
155 3516 204 3606 (Ρ.
219 3519 297 3606 878)
320 3542 349 3585 v.
368 3519 454 3584 infra
476 3543 507 3604 p.
522 3521 595 3587 285.
