2430 3944
157 201 223 266 286
260 201 294 256 V.
312 199 461 256 NERVAE
479 198 527 254 ΕΤ
545 199 698 255 TRAIANI
715 200 824 256 ΤΕΜΡ.
842 200 938 256 IURIS
958 199 1141 256 consumi

246 369 383 429 Iulianus
411 371 509 429 notat:
538 387 609 428 nam
635 369 804 446 proprietas
826 369 922 428 totius
943 369 1030 430 navis
1054 368 1172 428 carinae

157 477 277 519 causam
301 459 445 534 sequitur.

247 546 349 606 Verba
376 541 465 606 ‘num
491 546 586 605 nihilo
615 546 715 605 minus
743 545 877 605 eiusdem
906 546 991 607 navia
1022 538 1172 606 maneret'

156 655 216 696 non
237 637 357 712 integra
381 654 444 695 esse
466 635 590 695 Pernice
614 638 724 694 censet.

475 770 526 837 De
547 772 633 836 bonis
651 772 852 853 possidendis.

246 879 312 946 39?
340 879 378 944 D.
395 878 468 963 8,5,
484 879 535 945 18.
581 877 727 943 Iulianus
751 876 836 942 libro
860 881 952 943 sexto
976 899 1015 942 ex
1038 875 1170 943 Minicio

158 968 206 1052 (P.
217 966 307 1055 879).
319 1003 363 1014 —
377 967 422 1052 Is,
440 965 530 1032 cuius
546 966 672 1032 familia
685 966 828 1031 ricinum
842 966 1040 1051 prohibebat
1055 988 1170 1051 aquam

157 1057 285 1137 ducere,
319 1057 369 1122 sni
400 1059 597 1140 potestatem
629 1077 695 1120 non
724 1054 878 1139 faciebat,
909 1076 951 1120 ne
979 1077 1090 1121 secum
1120 1053 1171 1140 agi

156 1150 274 1229 posset.
317 1146 442 1230 quaerit
464 1149 563 1229 actor,
587 1144 664 1229 quid
688 1144 752 1208 sibi
775 1143 957 1209 faciendum
980 1148 1077 1210 esset.
1124 1165 1171 1208 re-

155 1234 286 1387 (aar
308 1237 664 1387 uisuntur
681 1233 1066 1386 ἕζὲἳέἕὲᾟέξῖἒὲἓῗθ
1085 1231 1172 1386 tt:

155 1346 184 1476 is
198 1345 331 1477 viiidiil
345 1345 395 1475 iiis
420 1432 522 1494 aquae
546 1411 708 1477 ducendae
732 1410 953 1475 constituisset
977 1413 1009 1475 et
1033 1343 1172 1494 iiqqnid,

157 1501 232 1584 qnia
256 1522 372 1585 aquam
396 1499 510 1564 ducere
533 1499 718 1583 prohibitus
738 1502 833 1583 esset,
856 1499 1055 1564 siccitatibus
1076 1497 1172 1563 detri-

156 1590 257 1653 menti
286 1590 437 1673 cepisset,
465 1588 566 1652 veluti
594 1587 623 1652 si
650 1592 744 1671 prata
767 1587 939 1652 arboresve
962 1587 1173 1670 exaruissent,

72 1690 78 1709 ’-
154 1673 359 1743 restituisset&

496 1771 541 1829 Ex
563 1770 673 1830 Iuliani
695 1770 773 1829 libro
796 1769 832 1828 X.

452 1871 502 1938 De
525 1873 675 1955 emptione
697 1872 875 1936 venditione.

245 1979 310 2045 40?
334 1979 601 2063 D.19,1,11‚1o.
633 1978 722 2042 Idem
738 1973 797 2064 (sc.
812 1975 990 2064 Ulpianus)
1010 1977 1094 2044 libro
1114 1981 1171 2044 tri-

155 2070 303 2153 gensimo
319 2068 459 2133 secundo
474 2067 514 2132 ad
529 2067 669 2133 edictum
685 2065 734 2151 (P.
746 2064 834 2151 882).
851 2102 889 2112 -
906 2066 1029 2131 ..libro
1045 2067 1169 2133 decimo

155 2159 239 2241 apud
267 2157 434 2223 Minicium
465 2156 510 2221 ait
532 2155 591 2237 (sc.
614 2152 791 2240 Iulianus),
822 2156 849 2219 si
876 2156 946 2239 quis
975 2178 1104 2221 servum
1133 2178 1171 2222 ea

155 2247 343 2312 condicione
371 2244 564 2323 vendiderit,
597 2251 634 2309 ut
660 2245 748 2308 intra
774 2243 912 2328 triginta
940 2243 1007 2308 dies
1035 2245 1169 2329 duplam

153 2336 374 2420 promitteret,
406 2337 520 2417 postea
546 2354 586 2396 ne
614 2333 692 2416 quid
719 2335 951 2416 praestaretur,
982 2337 1014 2397 et
1041 2337 1170 2419 emptor

153 2426 216 2490 hoc
239 2425 309 2488 fieri
330 2425 417 2487 intra
436 2423 521 2486 diem
539 2443 606 2485 non
626 2420 864 2502 desiderauerit,
887 2419 936 2485 ita
955 2420 1084 2487 demum
1102 2445 1170 2487 non

154 2515 256 2578 teneri
280 2512 489 2589 venditorem,
515 2511 544 2574 si
566 2511 720 2594 ignorans
744 2510 886 2574 alienum
909 2510 1066 2593 vendidit3
1090 2515 1169 2577 tunc

70 2630 73 2636 ·
155 2602 238 2665 enim
263 2602 295 2665 in
319 2601 381 2665 hoc
404 2596 524 2680 onor,
546 2602 583 2662 ut
603 2620 661 2683 per
680 2599 786 2681 ipsum
805 2601 839 2662 et
855 2619 914 2681 per
931 2598 1080 2664 heredem
1099 2601 1168 2665 eius

155 2693 335 2772 emptorem
368 2689 486 2752 habere
518 2687 637 2753 liceret.
689 2692 739 2768 qui
773 2695 874 2751 antem
907 2692 1038 2751 alienum
1071 2694 1168 2754 sciens

153 2783 300 2858 vendidit,
329 2781 411 2861 dolo,
438 2781 551 2859 inquit,
581 2799 641 2840 non
671 2784 754 2840 caret
781 2784 812 2839 et
837 2780 905 2840 ideo
934 2783 1027 2857 empti
1054 2782 1167 2842 iudicio

153 2871 312 2931 tenebitur.

354 3058 395 3140 4.
430 3063 470 3136 L.
497 3061 739 3135 Nonnullis
767 3061 960 3136 Perseus

243 3208 356 3285 origine
386 3207 542 3284 Saepinas,
573 3207 652 3266 filius
683 3206 717 3265 L.
744 3206 875 3278 Neratii,
905 3208 999 3266 frater
1030 3207 1166 3267 Marcelli

154 3289 205 3380 (D.
221 3299 271 3370 33,
288 3299 316 3375 7,
333 3299 382 3368 12,
397 3294 467 3373 43),
494 3296 663 3372 praefectus
691 3295 800 3354 aerarii
823 3294 957 3370 Saturni,
981 3296 1086 3356 consul
1104 3296 1165 3356 suf-

153 3387 249 3445 fectus
277 3404 345 3445 cum
372 3385 412 3443 Μ.
434 3384 532 3444 Annio
560 3384 639 3444 Vero
669 3377 716 3465 (D.
732 3385 783 3458 48,
799 3385 828 3462 8,
844 3376 879 3465 6)
908 3384 963 3443 snb
991 3384 1165 3445 Domitiano

226 3507 239 3554 1
259 3501 306 3556 Fi.
324 3500 485 3556 exaruisset.

225 3577 240 3625 2
262 3571 308 3627 Fu.
327 3571 388 3626 fieri
405 3573 506 3628 emend.
522 3571 660 3628 Cretonius.
