2430 3944
153 206 199 270 34
225 206 272 262 111.
287 205 363 260 unu
376 205 522 262 eunucu
533 205 670 262 uncos.
681 205 827 260 eunucu
839 205 948 262 nune.
957 205 1056 260 iouis
1067 205 1170 264 conc.

247 374 313 434 um
335 374 483 434 utrorum
506 374 611 434 saum
632 374 767 434 avolent
790 372 887 433 cassu
909 374 995 448 oreo,
1022 378 1172 451 quatenus
1207 348 1211 425 ἐ

156 463 359 541 cognoscitur,
381 464 438 522 hoc
462 466 623 539 conspectu
644 463 793 522 illustrari
815 465 927 539 potest:

155 622 282 682 Sabini
310 622 403 681 iuris
429 622 477 682 oi·
535 622 731 683 Iavolenus
754 642 795 681 ex

211 711 298 772 vius
322 710 419 770 utri.
597 709 729 770 cassio.
932 657 1091 719 cassus.
1208 704 1211 725 ¹

155 846 216 935 (Ea
241 855 363 912 tantum
391 852 495 911 Sabini
522 855 553 912 et
575 852 711 913 Iauoleni
739 853 838 928 capita
866 854 1005 931 apposui,
1034 873 1113 931 quae
1141 855 1171 914 in

425 944 553 1017 utroque
578 960 667 1018 opere
690 935 900 1022 reperiuntur)

152 1083 197 1141 De
229 1083 419 1142 testamentis
500 1083 545 1141 De
576 1084 767 1143 testamentis
848 1082 893 1141 De
921 1083 1054 1143 aditione
1083 1042 1170 1146 hera
1203 1062 1211 1143 ἷ

198 1162 230 1251 (1.
245 1165 283 1250 Ι).
545 1163 580 1253 (1.
594 1166 632 1253 1).
892 1172 997 1232 utatis
1021 1165 1055 1254 (ι.
1069 1169 1127 1255 11).
1206 1160 1211 1220 J

150 1285 196 1345 De
220 1287 329 1362 legatis
353 1281 387 1361 (1.
401 1279 455 1367 H).
500 1287 545 1345 De
573 1287 682 1364 legatis
711 1280 744 1367 (L
765 1279 820 1368 II),
848 1285 892 1345 De
923 1287 1072 1347 bonorum
1104 1309 1170 1367 pos·
1209 1284 1211 1289 ’

546 1372 820 1452 [debonorumpos-
893 1376 1025 1436 sessione
1041 1371 1075 1458 (1.
1087 1373 1170 1454 VH).

545 1461 697 1539 sessione].
892 1464 937 1522 De
977 1466 1091 1541 legatis
1138 1458 1171 1550 (l.

891 1551 969 1613 VIII
992 1559 1023 1614 et
1045 1555 1098 1635 X).
1163 1564 1164 1569 ’

151 1666 198 1725 De
212 1667 352 1726 libertate
366 1667 473 1727 relicta

197 1747 231 1836 (l.
245 1749 300 1836 H).

154 1870 201 1929 De
245 1871 342 1947 operis
383 1870 471 1930 iiber-

196 1963 297 2020 torum
320 1952 354 2041 (l.
369 1950 424 2040 Π).

152 2075 197 2134 De
212 2075 430 2150 mancipatione
443 2078 474 2134 et

197 2164 349 2239 emptione
386 2165 472 2223 vend.

199 2245 232 2334 (l.
247 2245 303 2333 H).

152 2367 198 2425 De
245 2367 312 2425 iure
358 2367 472 2425 dotium
499 2367 544 2426 De
589 2370 654 2427 iure
701 2369 818 2430 dotium

199 2449 232 2536 (1.
246 2447 302 2534 Π).
544 2448 578 2537 (1.
592 2450 660 2537 tv).

152 2571 197 2630 De
220 2570 326 2629 tutelis
351 2562 383 2651 (l.
398 2562 452 2648 H).
498 2571 543 2630 De
566 2573 672 2632 tutelis
696 2565 730 2654 (l.
744 2567 796 2653 V).

152 2687 197 2745 De
220 2686 310 2745 furtis
334 2677 367 2766 (l.
382 2679 435 2766 II).
499 2687 544 2745 De
588 2689 819 2749 manumissione

544 2767 579 2857 (1.
593 2769 659 2858 VI).

152 2890 198 2948 De
240 2890 307 2966 lege
348 2889 473 2966 Aquilia
499 2891 545 2950 De
591 2893 688 2968 operis
728 2894 817 2952 liber-

197 2973 229 3056 (l.
244 2971 298 3060 H).
543 2984 644 3040 torum
668 2974 701 3063 (l.
716 2975 784 3062 VI).

499 3089 818 3179 DeJmancipationeQ)

543 3188 574 3243 et
601 3190 691 3260 empt.
714 3186 818 3245 vendi-

542 3274 622 3333 tione
647 3271 680 3354 (l.
695 3267 778 3355 VH).

153 3388 197 3446 De
242 3387 426 3463 usucapione
499 3388 542 3446 De
574 3389 758 3464 possessione
787 3393 818 3449 et

198 3468 231 3557 (l.
246 3467 317 3557 III).
542 3478 723 3554 usucapione
777 3471 815 3560 (l.

543 3559 624 3646 VH).
