2430 3944
161 180 225 245 218
251 180 296 238 lV.
311 179 530 235 VESPASIANI
543 179 617 234 ΤΙΤΙ
630 179 827 234 DOMITIANI
839 178 945 234 TEMP.
959 177 1057 234 IURIS
1073 176 1171 236 OONS.

245 352 307 432 Qui
329 353 495 417 arbitrium
517 352 697 434 receperim,
719 353 958 417 pisculentum
980 351 1095 416 duent.

242 465 293 531 25.
320 466 360 531 D.
374 468 405 546 4,
421 468 451 550 8,
466 467 518 551 32,
533 468 563 531 8.
608 465 729 530 Paulus
755 466 839 530 libro
862 467 960 530 tertio
984 466 1110 531 decimo
1134 466 1172 530 ad

152 557 293 620 edictum
322 552 372 641 (P.
392 554 495 643 251⁰).
522 591 565 602 —
594 554 629 620 Si
661 576 772 620 servus
801 554 1074 639 compromiserit,
1107 576 1172 620 non

152 644 333 730 cogendum
361 645 465 709 dicere
494 644 690 708 sententiam
714 644 887 727 arbitrum,
914 665 973 708 nec
996 644 1025 707 si
1048 643 1171 727 dixerit,

151 755 275 817 poenae
288 733 528 798 exsecutionem
538 733 676 796 dandam
686 732 726 796 de
736 733 861 814 peculio
872 735 968 815 putat
977 731 1171 797 Octauenus.

240 828 277 886 ef.
296 827 398 887 Nerva
419 827 500 886 filius
523 827 559 887 D.
577 828 626 902 15,
643 828 672 904 1,
687 827 715 899 3,
731 829 749 885 8
776 819 882 907 (supra
904 847 933 901 p.
949 818 995 908 8).

240 912 292 975 26.
319 909 450 995 Fragm.
474 910 512 974 de
535 910 676 974 formula
699 909 845 973 Fabiana
867 906 1017 996 (Collect.
1031 910 1107 974 libr.
1122 908 1171 973 ΙΙΙ

150 1022 180 1083 p.
195 999 285 1083 300).
305 1036 344 1045 —
436 999 475 1062 de
498 999 558 1064 illo
582 998 757 1082 quaeritur,
780 999 809 1061 si
829 1020 887 1082 pro
906 998 1042 1062 muliere
1062 1000 1170 1063 dotem

151 1088 288 1170 dederit,
316 1088 387 1173 quis
414 1091 560 1151 teneatur
582 1088 644 1151 hae
667 1086 817 1151 formula.
864 1087 919 1151 sed
943 1087 977 1151 in
1001 1088 1170 1171 proposito

151 1182 183 1241 et
209 1175 382 1242 Iavolenus
411 1177 582 1239 confitetur
608 1197 682 1240 cum
705 1177 776 1241 viro
801 1175 963 1240 actionem
987 1197 1059 1241 esse
1084 1180 1117 1241 et
1139 1175 1170 1240 id

150 1267 185 1329 in
202 1266 248 1328 rei
263 1265 396 1328 uxoriae
410 1266 559 1330 actionem
573 1265 731 1329 dissoluto
746 1263 955 1330 matrimonio
969 1285 1037 1330 non
1051 1266 1169 1330 venire.

151 1352 333 1418 Octauenus
357 1358 508 1417 manente
532 1353 662 1437 quidem
681 1353 889 1419 matrimonio
908 1375 1005 1438 posse
1024 1354 1080 1438 agi
1099 1375 1169 1418 cum

149 1442 266 1506 marito
300 1446 334 1505 et
366 1448 440 1524 post
470 1442 661 1526 divortium,
693 1446 869 1526 antequam
902 1442 1014 1506 dotem
1043 1442 1169 1525 reddat,

149 1530 234 1613 quod
258 1529 286 1594 si
309 1530 495 1615 reddiderit,
522 1553 595 1596 cum
617 1532 766 1615 muliere,
789 1535 823 1595 et
846 1531 873 1594 si
898 1530 975 1614 quid
998 1531 1170 1595 retinuerit

149 1618 301 1702 maritus,
325 1641 398 1683 cum
420 1625 568 1704 utroque.

210 1777 347 1861 Siquid
367 1783 474 1844 metra
497 1779 592 1863 lepem
613 1783 775 1844 senatusue
796 1779 969 1844 consultum
989 1779 1111 1859 foetum

553 1888 616 1933 esse
638 1868 764 1932 dicetur.

236 1975 288 2038 27.
321 1973 360 2038 D.
378 1975 563 2058 20,3,1,2.
609 1972 796 2038 Marcianus
824 1973 908 2038 libro
938 1973 1100 2058 singulari
1129 1973 1169 2037 ad

148 2063 321 2126 formulam
344 2063 612 2146 hypothecariam
636 2058 688 2147 (P.
706 2057 774 2147 35).
799 2099 841 2108 —
945 2061 973 2125 si
997 2062 1168 2145 praedium

148 2153 220 2236 quis
242 2151 425 2236 litigiosum
449 2152 579 2234 pignori
602 2150 777 2234 acceperit,
805 2173 846 2214 an
869 2150 1057 2233 exceptione
1083 2175 1170 2216 sum·

147 2240 325 2304 movendus
340 2240 405 2304 sit?
429 2248 462 2303 et
472 2239 654 2304 Octauenus
668 2240 807 2323 putabat
821 2240 919 2303 etiam
930 2239 965 2302 in
974 2239 1169 2323 pignoribus

147 2329 252 2393 locum
278 2329 399 2392 habere
422 2328 652 2413 exceptionem.

235 2422 406 2481 Marcianus
433 2421 530 2480 addit:
559 2415 649 2497 ‘quod
677 2420 721 2479 ait
744 2420 888 2481 Scaevola
996 2421 1169 2500 procedere,

146 2514 184 2569 ut
206 2511 237 2568 in
261 2510 351 2569 rebus
374 2509 536 2569 mobilibus
560 2509 695 2584 exceptio
719 2511 820 2568 locum
842 2504 973 2568 habeat'.

235 2598 348 2675 Agitur
366 2598 402 2656 de
422 2598 595 2672 exceptione
613 2616 648 2655 ex
663 2597 760 2657 edicto
774 2597 916 2674 Augusti,
936 2617 995 2673 quo
1010 2598 1168 2674 litigIosus

146 2687 258 2745 fundus
282 2705 300 2744 a
323 2705 382 2745 non
404 2686 576 2761 possidente
595 2687 762 2759 comparari
779 2686 959 2763 prohibetur
978 2683 1030 2764 (fr.
1044 2686 1082 2746 de
1100 2689 1168 2748 iure

145 2775 210 2834 fisci
228 2773 248 2850 ξ
269 2766 313 2856 8),
337 2775 435 2833 danda
454 2768 535 2855 (Gai.
554 2776 585 2852 4,
606 2768 696 2833 117h.
739 2776 776 2834 cf.
794 2775 888 2834 Lenel
906 2775 1005 2834 Edict.
1025 2795 1055 2850 p.
1076 2769 1168 2857 406).

145 2864 274 2923 fortasse
299 2865 336 2922 de
360 2863 470 2922 fiducia
494 2862 664 2925 Octauenus
689 2863 774 2922 dixit.

391 3145 394 3152 '
503 3122 542 3203 4.
575 3126 811 3199 PLAUTIUS

236 3271 310 3330 iuris
334 3271 452 3347 peritus
475 3270 578 3330 Cassio
602 3272 634 3329 st
651 3269 779 3330 Proculo
802 3271 901 3330 minor
922 3274 1006 3347 natu,
1030 3273 1166 3330 ceterum

147 3360 233 3420 nobis
252 3361 385 3438 ignotus,
408 3359 462 3437 qui
483 3360 558 3418 iuris
582 3360 791 3418 consultorum
813 3361 964 3436 responsis
987 3359 1166 3438 colligendis

145 3452 176 3509 et
208 3449 378 3527 digerendis
409 3467 530 3522 operam
557 3447 679 3507 videtur
706 3448 833 3507 dedisse.
885 3453 964 3508 certe
992 3447 1090 3524 ipsius
1117 3468 1164 3507 re·

146 3557 256 3613 sponsa
279 3556 340 3597 non
363 3536 534 3595 traduntur.
