2430 3944
135 173 201 237 216
228 172 274 227 IV.
289 171 506 228 VESPASIANI
520 171 592 227 ΤΙΤΙ
605 171 802 228 DOMITIANI
816 172 924 231 TEMP.
938 173 1036 229 IUltIS
1052 172 1152 230 CONS.

228 336 280 402 18.
301 335 341 401 D.
350 336 403 420 40,
414 336 443 418 7,
454 335 484 418 9,
494 336 524 400 2.
561 333 721 420 Ulpianus
740 337 824 401 libro
843 336 1021 402 uicensimo
1040 339 1155 402 octauo

136 425 175 489 ad
211 423 370 490 Sabinum
403 423 452 507 (P.
472 424 584 508 2701).
616 461 660 471 -
689 423 775 488 Illud
808 429 985 490 tractatum
1018 428 1081 508 est,
1115 447 1156 489 an

137 512 290 578 liberatio
315 513 486 597 contingat
511 513 540 577 ei
563 512 619 598 qui
641 534 744 578 noxae
769 514 891 579 dederit
914 514 1158 598 statuliberurn3

136 606 170 666 et
193 600 377 666 Octauenus
403 602 542 684 putabat
568 602 708 667 liberari.
755 603 894 667 ebidem
919 602 1047 666 dicebat
1073 604 1158 666 etsi

136 712 175 754 ex
212 690 373 774 stipulatu
406 688 554 754 Stichum
591 689 723 754 deberet
756 712 892 775 eumque
925 691 1157 756 statulibarum

136 779 299 863 soluisset3
332 801 410 842 nasu
443 783 476 842 et
508 779 535 842 si
568 785 644 842 ante
677 777 872 843 solutionem
902 779 941 844 ad
969 779 1159 843 libertatem

134 868 351 950 peruenisset,
380 867 622 951 extingueretur
650 865 809 952 obligatio
836 871 922 953 tota3
949 889 988 933 ea
1011 869 1099 932 enim
1122 868 1159 931 in

136 956 337 1040 obligatione
365 957 556 1037 consistere,
584 977 666 1040 qaae
693 956 831 1039 pecunia
858 957 905 1020 lui
931 957 1160 1041 praestarique

135 1049 286 1128 possunt,
318 1045 454 1109 libertas
488 1049 596 1108 autem
627 1044 766 1127 pecunia
794 1045 840 1109 lui
867 1067 934 1111 non
960 1049 1072 1129 potest
1099 1066 1160 1110 nec

134 1134 281 1218 reparari
304 1137 421 1216 potest.

489 1221 540 1286 De
562 1222 798 1304 acceptilatione.

230 1329 279 1393 19.
316 1326 357 1392 D.
379 1328 432 1411 46,
455 1329 486 1406 4,
510 1329 540 1405 8,
564 1326 592 1392 1.
647 1326 738 1391 Idem
776 1326 832 1413 (sc.
856 1326 1035 1415 Ulpianus)
1073 1329 1162 1394 libro

136 1417 412 1501 quadragensimo
432 1422 547 1481 octauo
567 1417 607 1480 ad
622 1413 776 1481 Sabinu-nr
794 1416 843 1495 (P.
852 1413 965 1503 2954).
981 1453 1021 1463 -
1038 1415 1162 1483 Seruus

138 1506 320 1571 communis
348 1505 434 1570 siout
461 1505 516 1569 uni
544 1527 583 1569 ex
609 1505 748 1570 dominis
777 1506 927 1590 stipulari
954 1509 1078 1589 potest,
1110 1506 1161 1570 ita

135 1593 235 1658 etiam
260 1595 428 1677 acceptum
451 1616 567 1680 rogare
590 1595 647 1657 uni
670 1615 709 1657 ex
732 1595 870 1658 dominis
889 1597 999 1677 potest
1019 1616 1162 1679 eumque

135 1683 170 1746 in
195 1681 336 1747 solidum
358 1683 492 1768 liberat3
515 1682 618 1747 etita
642 1681 828 1766 Octauenus
851 1686 957 1766 putat.

225 1777 262 1837 cf.
278 1775 342 1835 aar.
359 1778 476 1853 3,167.
495 1779 567 1835 172.

472 1947 523 2013 De
545 1950 581 2013 ia
603 1969 669 2013 rem
691 1950 817 2014 aeliam.

445 2069 494 2128 Dc
515 2057 681 2128 hereditatis
698 2071 844 2142 petitione.

225 2170 277 2236 20.
306 2168 346 2235 D.
360 2169 390 2245 5,
404 2170 435 2250 3,
452 2170 491 2235 18
502 2191 550 2252 pr.
596 2167 757 2252 Ulpianus
785 2169 869 2233 libro
893 2171 1008 2253 quinto
1035 2171 1160 2236 decimo

136 2260 175 2324 ad
204 2259 345 2323 edictum
375 2255 425 2344 (P.
444 2256 548 2343 513⁰).
582 2294 617 2304 -
649 2307 682 2324 ..
711 2258 898 2335 uidendum,
929 2258 957 2322 si
986 2280 1161 2342 possessor

135 2348 328 2413 hereditatis
352 2346 540 2411 venditione
562 2369 620 2430 per
639 2347 861 2430 argentarium
880 2346 968 2411 facta
985 2349 1160 2430 pecuniam

136 2435 222 2520 apud
245 2458 319 2499 eum
337 2434 524 2518 perdiderit,
548 2457 589 2498 an
610 2436 767 2518 petitione
786 2435 978 2499 hereditatis
997 2439 1161 2520 teneatur,

135 2524 213 2609 quia
235 2523 319 2588 nihil
338 2523 440 2588 habet
458 2545 517 2586 neo
536 2527 690 2608 consequi
708 2527 826 2607 potest.
864 2522 915 2587 et¹
932 2525 1043 2588 Labeo
1063 2528 1161 2608 putat

135 2635 208 2677 eum
228 2612 341 2693 teneri,
359 2612 437 2695 quia
457 2634 515 2677 suo
536 2611 678 2693 periculo
698 2613 782 2675 male
801 2615 987 2698 argentario
1007 2614 1161 2698 credidit3

136 2702 191 2766 sed
221 2700 406 2765 Octauenus
439 2699 487 2763 ait
519 2701 601 2764 nihil
629 2721 704 2764 eum
732 2706 863 2783 praeter
890 2705 1036 2766 actiones
1066 2725 1159 2787 prae·

136 2794 313 2873 staturum,
351 2789 392 2853 ob
429 2789 489 2852 has
526 2788 628 2872 igitur
663 2789 808 2853 actiones
840 2791 999 2873 petitione
1033 2791 1159 2855 heredi·

135 2880 215 2944 tatis
239 2879 352 2942 teneri.

225 2967 278 3032 21.
307 2965 347 3030 D.
361 2965 390 3044 5,
405 2967 436 3048 3,
452 2965 551 3048 16pr.
597 2965 757 3049 Ulpianus
783 2967 868 3030 libro
893 2966 1159 3050 quintodecimo

137 3056 178 3120 ad
202 3056 343 3120 edictum
367 3050 417 3139 (P.
432 3050 537 3141 513b).
562 3090 604 3100 —
629 3055 722 3132 Quod
746 3055 774 3120 si
797 3055 832 3118 in
855 3055 940 3118 diem
965 3056 1008 3119 sit
1031 3057 1160 3123 debitor

135 3145 187 3209 uel
219 3145 277 3209 sub
306 3143 508 3225 condicione,
538 3166 557 3207 a
586 3165 648 3226 quo
675 3144 782 3227 petita
809 3147 860 3207 est
886 3143 1065 3228 hereditas,
1092 3167 1159 3210 non

135 3234 252 3297 debere
274 3254 347 3296 eum
366 3231 520 3296 damnari.
562 3233 609 3295 rei
627 3232 723 3316 plane
741 3232 901 3297 iudicatae
920 3236 1050 3317 tempus
1069 3256 1160 3319 spec·

135 3323 270 3387 tandum
299 3340 369 3384 esse
393 3320 569 3384 secundum
593 3320 750 3386 Octaueni
774 3321 984 3406 sententiam,
1012 3325 1050 3386 ut
1073 3322 1160 3408 apud

135 3409 351 3494 Pomponium
376 3409 534 3492 scriptum
559 3415 621 3492 est,
646 3432 688 3474 an
713 3410 781 3474 dies
805 3410 939 3474 uenerit.

207 3545 221 3594 1
243 3539 291 3595 Fl.
310 3540 367 3595 sed.
