2430 3944
493 155 519 208 4.
537 150 715 209 PLAUTIUS
1048 154 1115 220 225
1136 180 1139 185 ·

96 335 134 379 ex
156 314 302 380 nummis
325 315 428 399 ipsius
452 315 580 380 heredis
600 316 706 399 solvit,
729 316 799 401 ipse
819 316 949 401 quidem
968 321 1114 402 repetere

94 424 161 468 non
196 406 321 488 potest3
360 405 415 470 sed
448 405 476 469 ei
507 403 680 490 ignorante
711 405 828 470 herede
860 428 1009 473 nummos
1046 408 1115 474 eius

94 491 242 576 tradidit,
261 491 421 576 dominus,
439 492 560 577 <Plaut
562 493 656 578 inst>
674 494 729 575 ait,
748 517 804 560 eos
822 500 909 560 reete
927 497 1114 564 vindicabit.

183 603 223 664 In
244 604 422 681 fragmentis
446 624 483 664 ex
505 605 617 665 Plaut''
584 607 619 664 tu
641 606 760 666 libris
751 627 784 666 ru
807 605 881 667 Iust‘
859 607 966 667 tmiani
989 608 1115 687 Digesta

95 692 225 769 receptis
257 711 441 771 quamquam
473 713 621 771 nusquam
652 695 794 755 Plautius
824 690 981 776 laudatur,
1011 701 1115 759 tamen

97 772 162 841 ait'
184 781 226 841 ed
251 800 321 862 eum
339 783 529 842 referendum
549 802 613 843 esse
633 782 767 843 eiusdem
784 784 920 845 Iauoleni
942 786 1115 863 fragmenta

98 888 131 928 ex
165 855 387 946 posterioribus
419 871 569 931 Labeonis
605 874 728 948 recepta
760 874 903 949 probant,
939 876 971 953 in
1004 875 1114 953 quibus

98 976 183 1036 saepe
206 959 334 1036 legitur.
359 955 471 1021 Labeo
494 955 560 1038 ait',
583 980 628 1021 er
646 981 690 1038 gr.
709 961 746 1022 D.
762 964 813 1040 29,
829 964 858 1039 2,
874 965 925 1023 60
941 944 992 1024 dt.
1017 965 1112 1042 35,1,
1148 995 1152 1002 ·

100 1049 180 1127 39,1
206 1049 257 1109 vel
280 1042 337 1109 ait
359 1044 473 1110 Labeo'
496 1069 540 1108 ex.
564 1069 610 1127 gr.
633 1050 670 1111 D.
687 1052 738 1129 33,
753 1053 781 1124 2,
798 1053 848 1112 30.
873 1053 925 1130 41,
942 1055 970 1130 2,
986 1055 1037 1115 51.

338 1217 383 1273 Dc
401 1219 498 1288 tapetes
516 1220 566 1274 eut
586 1221 743 1275 condicione
761 1221 872 1277 relictis.

183 1327 228 1392 5?
252 1327 291 1393 D.
306 1327 359 1411 35,
375 1331 404 1411 1,
417 1327 471 1409 44,
487 1329 537 1395 10.
577 1328 668 1393 Idem
691 1327 748 1413 (sc.
766 1328 903 1415 Paulus)
923 1330 1008 1396 libro
1026 1353 1113 1398 nono

102 1415 137 1480 ad
152 1416 321 1482 Plautium
339 1413 581 1503 (P.11.r4).-
606 1417 764 1483 Plautius.
800 1418 865 1484 Uni
883 1443 922 1484 ex
940 1419 1113 1485 heredibus

101 1504 231 1570 fundum
254 1505 421 1591 legavi,
395 1528 422 1570 s1
446 1509 520 1570 cent
521 1529 576 1570 um
598 1506 771 1572 heredibus
791 1507 941 1574 dedisset
978 1508 1113 1574 deducet

102 1615 186 1660 suam
217 1597 347 1678 partem
375 1593 502 1659 heredit
488 1594 606 1659 teriam
634 1599 667 1660 et
693 1596 851 1680 reliquam
877 1608 1038 1662 summam
1060 1599 1114 1664 he·

101 1683 225 1748 redibus
255 1705 315 1767 pro
348 1677 498 1767 portione
531 1705 642 1749 eorum
675 1685 861 1750 dabitat
892 1684 921 1750 si
952 1686 1044 1752 heres
1074 1710 1113 1753 ex

101 1775 185 1854 parte
209 1773 259 1837 ita
281 1773 452 1836 institutus
474 1776 570 1857 esset,
594 1795 622 1837 sr
613 1772 813 1838 heredibus
833 1773 943 1839 decern
962 1775 1113 1861 dedisset,

101 1881 159 1925 non
177 1861 273 1926 aliter
292 1865 377 1925 esset
394 1860 499 1946 heres,
518 1883 615 1945 quam
634 1861 663 1926 si
682 1866 753 1927 tota
772 1862 882 1926 decem
899 1862 1112 1930 coheredibus

103 1948 250 2029 dedisset,
281 1950 357 2034 quia
384 1971 449 2015 non
478 1954 552 2014 ante
577 1950 629 2014 ad
640 1950 854 2016 hereditatem
877 1951 1114 2040 admitteretur,

103 2059 192 2121 quam
212 2039 240 2103 si
260 2060 390 2104 omnem
409 2060 569 2103 summam
589 2038 744 2125 dedisset,
761 2061 837 2104 nam
857 2061 930 2103 cum
949 2044 982 2103 et
1001 2063 1111 2107 servus

103 2131 291 2193 testamento
320 2128 402 2191 liber
430 2131 462 2192 et
488 2149 527 2191 ex
549 2131 641 2211 parte
664 2127 757 2193 heres
780 2128 828 2192 ita
852 2129 991 2212 scriptus
1015 2134 1111 2213 esset,

103 2215 126 2277 si
144 2216 316 2281 heredibus
337 2216 447 2281 decem
467 2216 618 2300 dedisset,
642 2216 817 2298 [constitit]
837 2239 904 2281 non
924 2217 1019 2283 aliter
1038 2240 1110 2283 eum

102 2301 232 2368 liberum
266 2305 480 2388 heredemque
513 2305 672 2389 futurum,
708 2327 805 2389 quam
838 2307 866 2370 si
898 2309 969 2371 tota
1002 2306 1112 2372 decem

103 2393 307 2458 coheredibus
331 2393 481 2458 dedisset.

183 2500 226 2566 6?
256 2499 296 2564 D.
311 2500 363 2584 35,
380 2502 408 2583 1,
421 2502 475 2583 44,
490 2501 520 2565 8.
560 2499 651 2565 Idem
674 2497 891 2587 (scPaulus)
915 2500 1000 2566 libro
1022 2523 1111 2568 nono

103 2588 136 2651 ad
158 2588 325 2654 Plautium
348 2587 397 2676 (P.
419 2587 529 2675 1174).
552 2625 596 2636 -
620 2588 653 2655 Si
681 2590 818 2654 duorum
846 2611 939 2654 servo
965 2591 1110 2675 legatum

103 2677 139 2740 sit
165 2679 226 2743 sub
256 2678 444 2744 condicione
472 2678 584 2761 dandi,
612 2699 677 2744 non
704 2700 800 2762 posse
823 2700 881 2763 per
903 2683 1014 2762 partes
1038 2700 1128 2747 conr

103 2764 214 2832 dicioni
243 2768 351 2850 pareri
379 2767 510 2851 quidam
539 2765 643 2851 aiunt,
677 2767 733 2833 sed
761 2768 861 2831 semel
889 2768 1028 2832 dandam
1056 2791 1111 2851 pe-

103 2875 230 2920 cumam.

183 2963 226 3027 7?
249 2961 332 3028 Ibid.
350 2985 397 3046 pr.
419 2999 457 3012 —
484 2960 546 3038 Qui
569 2962 679 3027 heredi
703 2963 780 3027 dare
802 2963 910 3027 iussus
934 2966 993 3047 est,
1017 2984 1109 3028 servo

102 3048 199 3116 alieno
223 3051 375 3116 instituto
394 3050 540 3136 (servo),
564 3072 629 3116 non
648 3052 777 3116 domino
797 3051 873 3116 dare
892 3052 996 3116 debet.
1033 3073 1110 3115 nam

105 3144 133 3202 et
154 3141 181 3204 si
206 3140 269 3206 alio
293 3140 411 3204 herede
435 3139 587 3205 instituto
609 3138 717 3204 iussus
741 3143 791 3204 est
814 3162 905 3206 servo
924 3139 1002 3204 Titii
1024 3139 1110 3223 dare,

103 3226 157 3309 ipsi
180 3250 272 3295 servo
297 3228 405 3312 datur,
432 3229 509 3312 quia
532 3250 614 3314 quae
637 3228 717 3294 facti
740 3233 827 3312 sunt,
849 3252 915 3294 non
937 3232 1109 3293 transeunt

105 3315 139 3378 ad
160 3317 339 3397 dominum,
367 3317 652 3402 quemadmodum,
679 3318 707 3382 si
730 3318 811 3382 mihi
835 3323 891 3383 aut
914 3339 1006 3382 servo
1030 3317 1109 3382 Titii

107 3403 269 3489 stipulatus
294 3405 369 3488 sim,
396 3429 462 3472 non
486 3405 584 3490 Titio,
607 3406 663 3470 sed
687 3428 780 3472 servo
804 3408 871 3472 eius
896 3404 966 3471 dari
989 3409 1112 3489 potest..

185 3517 326 3595 Sequitur
349 3512 391 3577 ‘et
414 3518 487 3577 haec
510 3536 582 3578 vera
604 3511 695 3577 sunt’.

151 3625 244 3676 Iuriepr.
257 3627 377 3668 entehndr.
390 3627 440 3667 rell.
455 3626 489 3666 ed.
504 3627 604 3668 Bremer.
627 3628 658 3676 ΙΙ,
669 3631 687 3666 t.
915 3623 949 3671 hb
