2430 3944
236 199 271 254 H.
290 199 531 254 INGERTORUM
550 198 781 253 SENTENTIAE
803 200 848 253 ΕΤ
867 199 974 256 LIBRI.
1045 201 1109 264 557

372 381 402 445 b.
433 379 486 444 De
509 380 592 445 iure
615 380 836 444 honorario.

298 534 325 571 α.
358 512 406 569 Ad
430 510 560 570 edietum
583 511 725 570 aedilium
749 510 907 570 curulium.

386 620 436 685 De
458 621 623 702 mancipiis
645 621 821 685 vendundis.

188 736 262 801 139.
290 735 328 801 D.
349 737 388 800 21
397 787 405 819 ,
426 738 459 819 1,
480 735 578 815 10,4
621 735 709 799 Idem
736 733 794 821 (sc.
822 733 997 822 Ulpianus)
1024 736 1110 801 libro

93 825 202 910 primo
232 825 271 888 ad
300 824 440 889 edietum
464 823 615 888 aedilium
638 823 807 888 curulium.
826 861 869 873 —-
890 823 1111 889 Lusoitionem

94 935 169 978 eam
198 936 269 977 esse
297 912 427 997 quidam
455 916 587 997 putant,
613 913 670 976 ubi
697 911 796 977 homo
819 913 940 978 lumine
964 913 1110 978 adhibito

93 1002 179 1066 nihil
202 1002 298 1066 videt.

188 1090 262 1155 140.
289 1088 327 1153 D.
348 1090 387 1153 21
395 1140 404 1172 ,
425 1090 457 1163 1,
478 1090 532 1171 17,
551 1090 582 1153 4.
629 1088 787 1172 Ulpianus
818 1090 903 1155 libro
936 1090 1042 1175 primo
1070 1090 1111 1154 ad

95 1178 239 1243 edietum
254 1178 404 1244 aedilium
420 1179 586 1242 curulium.
605 1214 642 1225 -
659 1227 689 1242 ..
704 1226 711 1241 .
729 1180 918 1264 plerumque
933 1179 974 1243 ab
989 1179 1110 1263 impru-

97 1267 261 1350 dentibus,
273 1267 380 1351 inquit
389 1264 637 1351 (saVivianus),
651 1266 714 1331 dici
729 1269 812 1332 solet
826 1289 899 1332 eum
914 1289 983 1331 esse
998 1268 1111 1351 fugiti-

97 1378 185 1438 vum,
203 1357 258 1440 qui
272 1361 367 1420 noete
383 1355 491 1439 aliqua
505 1355 574 1418 sine
588 1355 755 1420 voluntate
771 1356 895 1421 domini
908 1357 1111 1421 emansisset.

190 1446 263 1509 141.
290 1443 329 1508 D.
349 1444 406 1526 21,
427 1445 528 1527 1,31,
542 1442 593 1507 25.
636 1442 796 1528 Ulpianus
824 1445 909 1509 libro
939 1445 1043 1528 primo
1073 1445 1113 1509 ad

97 1532 241 1598 edietum
265 1532 416 1596 aedilium
436 1532 603 1597 curulium.
623 1567 664 1578 -
684 1531 777 1607 Quod
800 1534 958 1617 emptioni
980 1533 1113 1616 accedit,

97 1625 226 1706 partem
250 1643 318 1685 esse
342 1620 536 1685 venditionis
559 1621 771 1703 prudentibus
794 1623 900 1686 visum
924 1625 982 1687 est

190 1711 263 1774 142.
290 1708 330 1773 D.
348 1709 400 1790 21,
415 1711 445 1789 2,
460 1709 511 1775 31.
552 1708 713 1793 Ulpianus
736 1709 820 1775 libro
844 1710 1114 1796 quadragensimo

98 1799 240 1863 secundo
269 1798 309 1862 ad
332 1795 498 1862 Sabinum.
525 1834 563 1845 —
589 1796 623 1861 Si
649 1799 697 1862 ita
724 1798 796 1883 quis
825 1799 996 1881 stipulanti
1019 1821 1114 1882 spon-

98 1887 175 1952 deat
204 1909 318 1951 sanum
345 1909 428 1964 esse,
460 1886 565 1950 furem
592 1908 657 1950 non
686 1908 769 1971 esse,
798 1886 1020 1969 vispellionem
1049 1909 1114 1952 non

98 1998 170 2040 esse
199 1979 232 2039 et
260 1980 380 2058 uetera,
408 1975 532 2040 inutilis
561 1974 727 2058 stipulatio
755 1975 948 2060 quibusdam
978 1974 1115 2056 videtur,

99 2064 176 2149 quia
205 2064 233 2127 si
262 2064 332 2147 quis
361 2067 410 2128 est
437 2064 472 2127 in
498 2063 560 2128 hac
588 2085 697 2146 causa,
725 2063 927 2149 impossibile
955 2064 1113 2147 estquod

97 2152 317 2237 promittitur,
339 2153 368 2217 si
390 2175 456 2217 non
480 2156 542 2236 est,
564 2153 687 2216 frustra
710 2157 768 2216 est.

387 2335 415 2413 β.
447 2334 496 2393 Ad
519 2334 651 2393 edietum
673 2333 830 2411 praetoris.

363 2443 413 2508 De
430 2446 531 2526 paetus
554 2450 582 2508 et
602 2444 856 2509 conventionibus.

193 2559 264 2624 143.
292 2559 516 2645 D.n,14,7,
537 2560 587 2624 14.
626 2558 785 2640 Ulpianus
815 2559 899 2622 libro
928 2562 1043 2643 quarto
1073 2558 1113 2622 ad

99 2648 252 2713 edictum.
271 2685 313 2692 —
334 2646 369 2712 si
391 2648 551 2733 paciscar,
580 2668 620 2711 ne
644 2647 751 2730 operis
775 2646 852 2711 novi
875 2646 1113 2712 nuntiationem

100 2758 270 2820 exsequar,
294 2737 425 2820 quidam
448 2740 566 2820 putant
588 2758 653 2800 non
676 2736 783 2800 valore
806 2736 997 2819 pactionem,
1021 2737 1115 2820 quasi

99 2827 136 2890 in
159 2847 198 2890 aa
220 2847 256 2888 re
278 2825 437 2909 praetoris
458 2826 631 2909 imperium
654 2827 807 2888 versetur.

192 2929 229 2987 ai.
247 2927 287 3004 II,
308 2932 324 2987 1
349 2949 378 3005 p.
394 2931 445 2988 97.

195 3021 266 3085 144.
291 3020 507 3106 D.2,14,2l,
525 3021 551 3083 1.
592 3018 713 3083 Paulus
737 3018 822 3083 libro
845 3020 943 3084 tertio
967 3019 1008 3082 ad
1031 3019 1116 3082 edio-

101 3113 182 3174 tum.
206 3145 248 3155 —
273 3107 307 3174 si
335 3131 409 3173 oum
434 3130 490 3172 reo
519 3107 559 3171 ad
587 3111 710 3171 certum
738 3111 866 3192 tempus
893 3106 1001 3190 pactio
1028 3106 1116 3170 laeta

104 3199 162 3282 sit,
191 3197 277 3262 ultra
304 3219 407 3280 neque
437 3218 492 3260 reo
516 3217 619 3280 nequo
642 3194 823 3260 fideiussori
845 3195 985 3279 prodest.
1031 3195 1115 3279 quod

104 3287 133 3351 si
160 3287 231 3350 sine
264 3307 401 3370 persona
430 3308 486 3349 sua
515 3306 588 3348 reus
612 3284 785 3368 pepigerit,
815 3306 855 3348 ne
883 3306 902 3347 a
929 3282 1116 3347 fideiussore

104 3379 245 3458 petatur,
277 3374 360 3438 nihil
386 3375 418 3438 id
447 3373 599 3458 prodesse
626 3373 805 3437 fideiussori
833 3371 963 3455 quidam
990 3373 1115 3455 putant,

105 3485 301 3548 quamquam
329 3462 362 3526 id
384 3464 432 3527 rei
455 3461 599 3543 intersit,
621 3462 697 3545 quia
720 3484 758 3526 ea
781 3460 910 3524 demum
934 3464 1115 3544 competere

104 3552 135 3617 ei
158 3551 274 3617 debeat
296 3552 450 3636 exceptio,
473 3572 554 3635 quae
578 3554 609 3615 et
632 3572 696 3615 reo.
