2430 3944
379 195 403 243 6.
426 186 635 244 IAVOLENUS
654 188 801 246 Pfflscus
1029 190 1094 255 411

76 351 155 416 clam
192 349 381 433 multem,
418 357 601 416 ornamenta
632 354 750 431 omnia,
788 373 902 418 aurum
933 360 1095 436 accentum

77 440 161 522 quod
195 439 261 504 eius
291 459 387 504 causa
416 439 534 520 factum
559 445 769 523 paratumque
800 441 913 526 es[se]t
939 464 1027 508 omne
1057 442 1095 509 alo

79 527 166 612 leyo’.
217 527 380 593 Trebatius
410 528 484 593 baec
514 529 606 594 uerba
638 529 732 611 ‘quod
761 531 827 595 eius
853 549 950 596 causa
974 530 1095 612 factum

76 623 284 699 paratumque
305 617 359 682 est'
383 618 427 682 acl
445 638 559 682 aurum
576 623 606 683 et
622 624 784 701 araentum
802 621 966 685 dumtaxat
982 621 1096 700 referri

76 711 182 789 putat,
205 705 357 771 Piaculus
379 707 563 785 adomnia,
585 709 667 788 quod
688 712 717 772 et
736 728 842 772 aerum
864 713 914 773 cst.

169 795 221 860 30.
245 793 284 859 D.
294 795 348 878 32,
357 795 399 859 29
409 817 455 879 pr.
493 795 602 861 Labeo
620 795 705 860 libro
721 796 862 861 secundo
876 798 1095 879 posteriorum

77 906 98 948 a
119 883 276 949 Iavoleno
301 884 561 968 epitomatorum.
584 921 628 930 -
652 883 714 965 Qui
736 886 935 951 concubinam
958 885 1094 969 babebat,

76 975 106 1038 el
128 977 239 1038 vestem
257 973 378 1054 prioris
399 973 583 1038 aonmbinm
604 975 750 1038 utendam
768 975 900 1058 dederat,
922 976 1030 1040 deinde
1047 976 1096 1039 ita

77 1061 209 1144 boarit:
241 1060 361 1126 ‘oestem
392 1082 470 1142 qnae
501 1063 567 1127 eins
598 1081 695 1127 carna
726 1068 827 1145 empta
851 1068 973 1145 parata
999 1063 1096 1128 esset'.

79 1149 248 1216 Cascellius
273 1150 435 1215 Trebatius
459 1155 573 1232 necant
599 1152 628 1215 ei
651 1151 751 1216 deberi
768 1153 887 1234 prioris
910 1152 1095 1217 concubinae

76 1259 175 1306 causa
183 1243 315 1322 parata,
330 1239 477 1341 quamvis
491 1240 558 1303 alia
571 1241 707 1304 mulleio
720 1245 796 1305 esset
807 1242 842 1305 in
855 1260 958 1306 unone.
992 1240 1094 1306 Labeo

76 1330 112 1393 id
128 1349 193 1393 non
207 1327 328 1410 probat,
346 1328 421 1411 quia
438 1329 474 1392 in
492 1329 557 1394 eius
574 1329 659 1394 mooli
681 1330 778 1411 leuata
800 1350 863 1394 non
881 1331 932 1395 ins
946 1331 1095 1395 uicarium

76 1417 276 1500 sequendum,
312 1419 366 1482 secl
399 1416 558 1481 uerborum
594 1419 804 1499 interpretatio
840 1423 915 1484 esset
948 1419 1096 1522 facienda

76 1506 217 1588 meatque
243 1505 328 1570 vel
315 1526 350 1569 m
377 1506 447 1587 filia
472 1506 559 1569 uel
545 1527 581 1570 m
607 1506 742 1588 qualibet
729 1507 834 1572 talia
855 1527 992 1590 persana
1015 1509 1096 1576 iurr's

75 1599 160 1660 esset.
205 1595 358 1660 Labeonis
380 1595 527 1659 sententia
549 1615 622 1659 uera
644 1600 693 1660 est

168 1683 221 1748 31.
246 1682 283 1746 D.
299 1685 351 1763 33,
365 1683 396 1764 5,
411 1683 462 1747 20.
498 1682 607 1748 Labeo
623 1683 707 1748 libro
723 1684 863 1748 secundo
878 1684 1095 1766 posteriorum

77 1796 97 1836 a
129 1770 283 1837 Iavoleno
322 1772 582 1855 epitomatorum.
616 1807 656 1817 -
689 1772 787 1854 Apud
816 1773 982 1856 Aufidium
1017 1774 1095 1840 libro

76 1861 181 1942 primo
208 1881 396 1943 responsum
418 1865 473 1941 est,
503 1880 573 1924 cum
596 1862 641 1924 ita
664 1861 796 1943 leuatum
818 1865 877 1925 est:
906 1860 1096 1926 ‘uestimenta
1203 1923 1205 1928 .

78 1968 159 2030 quae
174 1949 252 2014 volet
269 1949 446 2014 tricliuaria
463 1949 576 2013 sumito
594 1949 710 2031 sbique
726 1948 853 2033 babeta’,
874 1951 904 2015 si
922 1951 951 2015 is
968 1951 1096 2016 linisset

77 2057 158 2119 qnae
182 2039 281 2121 uellet,
309 2039 429 2115 deinde,
457 2041 623 2119 antequam
650 2059 686 2102 ea
708 2043 852 2122 sumeret,
878 2038 946 2103 alia
968 2059 1000 2103 se
1020 2038 1095 2104 aelle

76 2127 224 2210 dicasset,
256 2131 377 2191 mutare
406 2125 592 2191 uoluntatem
628 2147 698 2191 eum
733 2147 797 2191 non
828 2147 931 2209 posse,
962 2131 998 2191 ut
1027 2128 1095 2192 alia

76 2220 224 2297 sumeret,
260 2215 337 2297 quia
368 2235 455 2279 omne
488 2216 537 2280 ius
570 2217 660 2299 locati
683 2216 795 2298 prima
827 2216 995 2295 testatione,
1031 2236 1094 2298 qua

76 2323 199 2370 sumere
230 2323 261 2368 se
291 2304 431 2381 alenset,
462 2305 649 2386 consumpsit
674 2303 840 2388 [quautam
871 2324 920 2369 res
950 2305 1095 2370 continuo

76 2394 146 2458 eius
167 2394 213 2477 fut,
235 2394 330 2458 simul
352 2413 390 2458 ac
411 2394 441 2457 si
462 2393 578 2457 linuit
598 2414 667 2458 eam
689 2393 833 2477 sumere]

446 2583 493 2643 De
515 2602 596 2643 seruo
620 2586 719 2658 leuata.

168 2695 221 2760 32.
244 2693 282 2758 Ι).
294 2693 346 2775 32,
358 2694 474 2777 lOOpr.
503 2693 673 2759 Iavolenus
688 2694 772 2759 libro
787 2694 928 2759 secundo
940 2699 1094 2778 exposte·

76 2783 220 2848 rioribus
243 2782 414 2847 Labeonis.
440 2818 478 2829 -
504 2782 616 2849 ‘Heres
643 2803 728 2848 mnes
754 2784 887 2848 damnas
913 2789 974 2849 asto
997 2784 1094 2854 muto

79 2873 165 2937 Titio
198 2870 339 2936 Stichum
369 2892 490 2937 seruum
521 2893 622 2936 meum
653 2870 786 2937 reddere'
819 2872 865 2937 nel
895 2873 959 2937 ita:
992 2871 1094 2937 ‘illum

75 2981 202 3026 sanum
228 2981 330 3025 meum
357 2961 408 3024 illi
433 2958 572 3025 reddito'.
618 2959 782 3026 Cascellius
809 2961 857 3024 ait
878 2961 978 3026 deberi
999 2981 1095 3042 neque

76 3051 112 3114 id
133 3050 237 3202 Labubo
264 3050 430 3131 improbat,
457 3051 533 3131 quia
559 3049 613 3130 arci
640 3049 763 3114 reddere
786 3049 922 3132 iubetur,
950 3050 1095 3114 simulet

76 3139 189 3204 darei
229 3143 304 3202 etur.

168 3250 258 3310 Ratio
282 3244 366 3327 ‘quia
385 3297 412 3309 ..
432 3244 565 3308 iubetur'
589 3268 771 3327 quamquam
795 3249 972 3310 aIavoleno
991 3248 1095 3308 addita

76 3341 210 3416 videtur,
223 3338 263 3412 ΙΙ,
282 3344 297 3398 1
314 3360 341 3414 p.
359 3340 421 3398 194
446 3338 546 3397 omini
568 3356 628 3397 non
651 3338 761 3398 debuit.
885 3363 888 3370 ·

171 3459 223 3524 33.
247 3457 286 3522 D.
297 3458 348 3537 32,
359 3457 410 3542 29,
421 3457 449 3523 3.
486 3456 595 3521 Labeo
615 3457 698 3522 libro
719 3456 858 3522 secundo
878 3455 1093 3538 posteriorum

78 3569 99 3611 a
120 3546 276 3612 Iavoleno
296 3545 556 3630 epitomatorum.
576 3583 619 3592 -
639 3544 677 3612 St
695 3547 778 3611 lucres
796 3546 852 3610 tibi
869 3565 954 3609 seruo
970 3563 1095 3626 aerima-
