2430 3944
344 204 370 250 4.
390 195 418 250 C.
433 193 578 250 ansulas
596 195 783 251 LONGINUS
1029 197 1069 259 61

58 360 292 441 iusiurandum,
319 362 357 422 ut
384 358 423 422 de
450 357 521 443 ipso
550 361 719 423 contractu
744 363 776 423 et
800 359 838 423 de
861 381 908 442 re,
937 379 1003 425 non
1027 359 1065 424 de

58 469 189 534 persona
212 447 352 513 iurantis
375 453 536 531 ageretur.

138 559 223 630 Quae
242 559 362 634 ineluai,
380 557 504 618 Perniee
522 558 655 618 eieienda
673 559 800 619 monuit.
828 559 865 618 ef.
884 560 915 620 Z.
934 560 961 618 d.
982 560 1065 620 San.-

61 649 98 710 St.
118 648 180 709 XII
203 649 268 708 128
291 667 320 707 n.

138 835 188 895 De
209 835 445 910 stipulationibus
465 849 616 893 sonoram
637 835 821 909 filiorumque
842 837 982 909 familias.

140 964 195 1028 97.
219 961 335 1042 Geta,
351 962 423 1026 103.
449 997 487 1008 -
513 962 688 1026 ..inutilis
712 967 762 1027 est
785 962 963 1047 stipulatio,
986 964 1014 1027 si
1037 964 1067 1027 ei

58 1053 121 1118 dari
145 1052 348 1135 stipulamur,
371 1051 461 1115 euius
485 1051 548 1114 iuri
572 1049 710 1114 subiecti
733 1072 799 1115 non
823 1072 942 1116 sumus.
983 1051 1067 1116 unde

56 1139 134 1206 illud
169 1140 352 1224 quaesitum
390 1141 452 1223 est,
490 1139 518 1203 si
549 1139 621 1222 quis
654 1138 717 1203 sibi
754 1143 788 1203 et
819 1139 850 1204 ei
882 1140 973 1204 euius
1005 1140 1068 1205 iuri

57 1229 220 1295 subiectus
242 1250 309 1293 non
332 1229 396 1312 est,
417 1227 489 1293 dari
512 1227 696 1311 stipuletur,
718 1227 753 1292 in
776 1231 937 1312 quantum
960 1228 1068 1294 valeat

56 1315 236 1403 stipulatio.
285 1315 391 1382 nostri
419 1320 645 1401 praeceptores
673 1319 790 1400 putant
818 1317 854 1381 in
881 1317 1067 1382 universum

55 1406 164 1472 valere
192 1410 226 1470 et
253 1404 388 1491 proinde
415 1405 446 1470 ei
474 1404 537 1470 soli
565 1405 622 1489 qui
645 1404 820 1488 stipulatus
844 1405 901 1488 sit,
930 1406 1068 1470 solidum

54 1494 181 1575 deberi,
205 1497 302 1578 atque
326 1495 356 1558 si
378 1493 524 1558 extranei
545 1515 665 1559 nomen
687 1515 755 1559 non
778 1493 957 1559 adiecisset

146 1581 201 1647 98.
228 1582 268 1647 D.
286 1583 340 1664 45,
358 1582 389 1665 3,
407 1582 482 1666 9,1.
513 1580 675 1666 Ulpianus
693 1581 777 1648 libro
797 1582 1068 1668 quadragensimo

57 1676 178 1738 octavo
205 1671 246 1736 ad
270 1668 424 1737 Sabinum
449 1668 499 1757 (P.
517 1667 643 1756 25920).
666 1707 709 1719 ·-
733 1669 782 1756 si,
810 1693 882 1736 eum
911 1672 990 1737 dnos
1013 1672 1070 1737 do-

55 1760 166 1826 minos
199 1781 312 1825 servus
343 1759 492 1844 haberet,
524 1759 698 1842 stipulatus
731 1760 828 1825 fuerit
859 1759 908 1824 illi
935 1765 992 1826 aut
1019 1761 1070 1825 illi

56 1849 139 1933 <ex>
165 1847 305 1913 dominis
333 1849 413 1930 suis,
446 1847 629 1932 quaesitum
661 1853 723 1933 est,
756 1872 797 1914 an
826 1850 984 1914 consistat
1014 1849 1069 1914 sti·

55 1937 193 2022 pulatio.
239 1934 372 2002 Cassius
398 1937 547 2002 inutilem
571 1958 640 2002 esse
664 1939 908 2022 stipulationem
932 1938 1070 2020 scripsit.

147 2026 199 2090 99.
234 2025 273 2090 D.
296 2026 354 2111 45,
378 2026 412 2105 3,
434 2025 487 2092 25.
547 2025 723 2091 Venuleius
759 2026 843 2091 libro
882 2026 1070 2091 duodecimo

60 2113 317 2198 Stipulationum
337 2113 387 2200 (P.
402 2114 470 2199 69).
490 2151 533 2162 -
552 2112 586 2179 Si
606 2136 717 2179 servus
737 2114 953 2180 hereditarius
972 2116 1071 2197 stipu-

58 2203 146 2268 latus
179 2202 279 2267 fuerit
311 2207 344 2267 et
374 2200 560 2285 sponsores¹
590 2203 751 2289 acceperit
779 2206 955 2288 posteaque
984 2204 1072 2266 adita

59 2291 159 2355 fuerit
181 2291 359 2376 hereditas,
385 2292 566 2374 dubitatur,
589 2295 698 2356 utrum
722 2315 761 2357 ex
784 2293 835 2357 die
858 2291 1071 2374 interpositae

61 2380 281 2463 stipulationis
317 2384 446 2465 tempus
483 2381 576 2444 eadat
613 2402 654 2444 an
688 2403 727 2445 ex
759 2380 848 2445 adita
879 2379 1071 2461 hereditate3

61 2468 138 2532 item
167 2469 195 2532 si
224 2490 335 2533 servus
362 2470 445 2554 eius,
472 2468 528 2552 qui
555 2469 640 2552 apud
668 2468 778 2534 hostes
802 2470 858 2552 sit,
886 2467 1071 2551 sponsores¹

63 2556 231 2641 acceperit.
279 2560 313 2620 et
340 2555 472 2622 Cassius
504 2556 669 2622 existimat
699 2561 827 2641 tempus
856 2579 894 2622 ex
922 2579 959 2622 eo
989 2579 1073 2622 eom·

63 2645 254 2728 putandum,
276 2666 315 2708 ex
339 2667 401 2730 quo
425 2646 480 2730 agi
498 2667 571 2710 eum
590 2646 637 2709 eis
655 2649 808 2732 potuerit,
830 2646 863 2710 id
882 2649 931 2710 est
950 2668 989 2710 ex
1008 2667 1072 2731 quo

64 2733 196 2798 adeatur
220 2732 383 2798 hereditas
407 2740 464 2798 aut
486 2735 688 2818 postliminio
712 2734 860 2799 dominus
884 2740 1072 2799 revertatur.

152 2821 226 2888 100.
267 2822 306 2885 D.
328 2822 384 2904 45,
405 2823 434 2902 3,
459 2824 489 2888 6.
543 2822 741 2907 Pomponius
777 2824 860 2888 libro
897 2823 1072 2888 vicensimo

67 2913 154 2976 sento
183 2910 224 2975 ad
253 2908 412 2975 Sabinum
439 2909 491 2998 (P.
509 2908 598 2998 726).
622 2949 663 2958 —
689 2911 804 2977 Ofilius
833 2916 917 2976 reeta
946 2911 1074 2976 dicebat

68 3001 97 3062 et
122 2999 254 3081 fidaaiae
276 3019 371 3064 melsa
395 2999 567 3082 oiaaisoipio2
596 3000 781 3084 accipiendo
805 3000 855 3064 vel
882 3021 951 3065 eam
979 3002 1074 3065 areoli·

68 3091 126 3150 tore
156 3087 204 3152 oel
235 3108 304 3152 mm
331 3090 430 3154 amieo
461 3086 649 3154 eontractae²
676 3110 771 3172 posse
801 3088 862 3154 soli
890 3089 920 3153 ei
949 3089 1075 3172 adquiri

69 3172 343 3259 (aspersorium
362 3176 590 3262 communem),
609 3176 665 3263 qui
683 3177 790 3261 iussit3
810 3199 892 3261 quae
913 3177 1074 3242 sententia

69 3268 99 3327 et
120 3261 225 3329 Cassii
248 3268 282 3328 et
304 3263 417 3330 Sabini
439 3266 564 3331 dieitur.

138 3425 151 3472 1
172 3420 248 3475 Trai).
266 3419 452 3478 fideiussores.

137 3496 152 3543 2
172 3492 249 3547 Trio.
284 3509 314 3546 er
331 3493 510 3548 traditionem
529 3493 691 3562 accipiendo
710 3495 755 3549 vel
775 3493 939 3562 deponendo
954 3508 1075 3555 eommo-

72 3558 220 3632 dandoque.
288 3566 410 3635 ompoaii
426 3565 507 3620 verba
524 3581 543 3618 a
560 3565 672 3620 Leaelio
689 3567 815 3621 restituta
833 3566 968 3619 videntur.
