2430 3944
398 166 424 216 8.
442 160 596 217 ursulus
614 158 738 216 FEROX
1011 162 1074 228 183

57 325 189 408 pissem,
211 321 313 388 Gaius
332 321 466 388 Cassius
488 323 656 408 respondit
675 323 724 388 ita
743 323 872 388 demum
890 323 1074 390 fideiussori

59 411 282 496 exceptionem
306 411 459 496 dandam,
483 413 511 476 si
535 435 555 477 a
577 413 712 477 muliere
734 416 869 496 rogatus
891 412 1016 478 fuisset.

61 552 66 561 .
146 507 322 582 Sequuntur
352 505 444 578 haec:
475 500 622 565 ‘Iulianus
656 509 758 565 autem
790 510 870 566 recte
900 509 989 582 putat
1010 502 1072 568 ...’

57 595 152 655 rerba
175 588 270 654 ‘recte
292 587 391 670 putat'
416 612 435 653 a
458 594 641 655 Triboniano
664 594 767 655 addita
789 595 939 655 ridentur.
985 596 1075 655 aliter

57 683 197 758 Krueger
223 702 253 759 p.
274 685 339 744 160
360 702 389 742 u.
410 685 473 742 116
506 675 615 765 (wohl
645 683 739 742 durch
766 683 961 759 Entstellung
992 685 1075 745 einer

58 773 141 832 Nota
163 771 354 849 entstanden,
378 774 458 831 etwa
480 791 523 846 so,
546 772 613 831 dass
635 773 735 831 hinter
752 771 889 832 Iulianus
907 772 961 831 der
979 772 1075 833 Nemo

57 863 139 920 eines
171 878 232 920 von
258 860 359 920 Iulian
390 861 592 938 angelthrteu
619 861 756 920 Juristen
783 861 971 937 ausgefullen
997 854 1074 942 ist').

482 1013 532 1080 De
551 1015 657 1096 furtis·

148 1130 202 1196 33.
225 1128 266 1194 D.
279 1131 332 1212 47,
345 1130 376 1213 2,
390 1127 444 1194 59.
475 1128 622 1194 Iulianus
635 1129 720 1194 libro
736 1133 851 1214 quarto
864 1130 907 1194 ad
922 1100 1074 1196 Urseium

58 1218 214 1284 Ferocem
239 1214 288 1304 (P.
306 1215 394 1306 926).
421 1253 459 1264 -
485 1216 521 1282 Si
547 1217 616 1282 filio
643 1217 784 1283 familias
808 1217 930 1283 furtum
953 1218 1076 1285 factum

58 1310 171 1431 esset,l
191 1311 280 1372 recte
311 1327 381 1373 cum
408 1311 531 1391 patrem
558 1306 701 1371 familias
729 1307 852 1372 factum
879 1330 917 1373 eo
945 1308 1075 1374 nomine

100 1417 181 1461 ere.

57 1417 99 1482 ag
149 1483 223 1549 ‘Sed
242 1491 273 1549 et
291 1489 318 1548 si
335 1508 385 1549 res
403 1489 432 1549 ei
450 1489 549 1548 locata
568 1489 712 1564 subrepta
729 1488 830 1564 fuerit,
843 1493 930 1565 pater
943 1490 1076 1550 familias

56 1579 159 1638 iactus
182 1577 287 1637 itidem
310 1596 400 1655 agere
421 1571 556 1654 poterit'.

149 1678 203 1745 34.
225 1676 267 1743 D.
283 1679 335 1758 13,
348 1679 379 1760 6,
393 1679 445 1743 20.
490 1678 580 1742 Idem
603 1674 663 1764 (sc.
685 1676 847 1765 Iulianus)
870 1680 954 1745 libro
977 1681 1075 1745 tertio

57 1769 100 1833 ad
123 1766 280 1832 Urseium
301 1766 454 1832 Ferocem
478 1763 528 1853 (P.
548 1766 637 1850 920).
659 1803 702 1813 -
726 1765 909 1851 Argentum
937 1790 1074 1834 commo

57 1857 174 1922 datum
198 1855 227 1921 si
251 1853 349 1940 [tam]
372 1855 490 1921 idoneo
519 1876 613 1920 servo
641 1876 712 1919 meo
741 1855 946 1921 tradidissem
974 1858 1014 1921 ad
1042 1863 1075 1921 te

55 1943 287 2030 perferendum
316 1946 366 2024 [ut
388 1966 456 2009 non
473 1943 620 2008 debuerit
638 1944 709 2026 quis
731 1944 902 2008 aestimare
921 1945 1075 2029 futurum,

55 2038 94 2099 ut
117 2056 140 2098 a
162 2033 354 2117 quibusdam
384 2033 478 2097 malis
505 2031 691 2097 hominibus
715 2032 942 2116 deciperetur]‚
974 2037 1075 2116 tunm,

55 2145 126 2188 non
158 2143 269 2186 meum
300 2121 527 2186 detrimentum
560 2117 657 2203 essai,
687 2120 716 2184 si
747 2120 780 2184 id
813 2121 892 2185 mali
924 2122 1074 2187 homines

57 2211 322 2293 intercepissent.

149 2303 324 2372 Tribouiaui
346 2304 557 2362 addidamenta
580 2303 703 2363 Pernioe
726 2303 930 2378 deprehendit.

150 2405 204 2471 35.
226 2403 267 2470 D.
282 2406 333 2486 12,
346 2404 377 2484 5,
391 2404 421 2470 5.
461 2404 607 2469 Iulianus
629 2403 714 2468 libro
738 2405 837 2469 tertio
861 2404 901 2468 ad
919 2405 1074 2471 Urseium

56 2495 215 2560 Ferocem
239 2492 289 2577 (P.
308 2491 398 2578 915).
422 2529 462 2540 -
486 2490 522 2558 Si
549 2515 568 2557 a
595 2513 688 2557 servo
712 2514 784 2557 meo
809 2495 980 2578 pecuniam
1003 2494 1074 2577 quis

57 2584 249 2667 accepisset,
270 2603 313 2646 ne
335 2583 458 2646 furtum
482 2582 522 2646 ab
547 2603 584 2646 eo
608 2581 730 2646 factum
753 2581 920 2664 indicaret,
944 2583 1010 2648 sive
1028 2582 1074 2647 in-

57 2674 202 2738 dicasset
239 2671 307 2735 sive
343 2693 420 2754 non,
457 2670 684 2754 repetitionem
716 2669 785 2735 fore
818 2671 887 2735 eius
919 2673 1075 2755 pecuniae

57 2761 218 2826 Proculus
242 2759 418 2844 respondit.

457 2941 567 3000 Liber
589 2939 680 2999 X—?

422 3060 472 3126 De
494 3061 555 3143 lepe
576 3060 719 3142 Apolline.

151 3176 216 3241 36⁸.
249 3175 365 3241 oollae.
386 3176 436 3260 12,
457 3176 485 3259 7,
504 3175 533 3240 9.
582 3175 743 3260 Ulpianus
775 3174 860 3239 libro
888 3173 1001 3239 XVIII
1034 3175 1074 3240 ad

59 3265 203 3330 edictum
227 3261 278 3351 (P.
293 3261 384 3350 623).
411 3301 449 3311 -
475 3264 551 3329 ..si
575 3265 630 3348 qui
654 3264 738 3328 servi
760 3263 910 3348 inquilini
933 3265 1073 3328 insulam

137 3462 151 3508 1
171 3456 246 3512 Trio.
264 3455 290 3509 is
308 3457 389 3525 pater
406 3454 528 3510 familias
546 3455 637 3525 factus¹
653 3498 659 3510 .
673 3493 680 3508 .
696 3457 770 3524 aget.

137 3531 153 3578 2
173 3528 248 3583 Μ).
267 3525 326 3584 erit
