2430 3944
127 179 193 245 360
228 179 262 235 V.
282 178 433 234 NERVAE
451 178 498 233 ΕΤ
518 178 911 236 161611116116116
931 178 1112 236 CONSULTI

126 349 321 426 singulariter
338 351 369 407 61
387 348 480 408 miror
499 351 530 407 61
549 348 651 426 diligo.
691 350 767 408 nihil
786 350 1144 429 661661611166161166,

126 439 273 514 66661166,
302 437 432 513 1661166,
459 439 495 496 61
522 437 595 496 mihi
623 456 683 496 non
709 457 787 497 unus
815 438 916 511 homo,
946 438 998 498 sed
1021 440 1145 500 litterae

125 527 210 605 ipsae
247 545 410 604 omnesque
442 526 537 586 bonae
570 529 651 586 artes
683 527 715 585 in
747 547 806 587 uno
839 528 959 586 homine
992 547 1145 588 summum

125 616 294 692 periculum
322 615 405 674 adire
432 615 601 700 videantur.
647 635 738 693 quam
763 617 878 692 peritos
901 616 953 675 ille
976 620 1008 676 et
1030 617 1146 694 privati

126 704 200 764 iuris
226 707 257 764 et
279 703 406 782 publici!
453 707 600 779 quantum
623 723 737 783 rerum,
760 708 907 783 quantum
930 705 1145 784 exemplorum,

127 796 275 871 quantum
303 793 494 869 antiquitatis
522 795 617 852 tenet!
644 792 722 852 nihil
748 793 898 870 estquod
922 794 1145 868 116661616116,

127 883 282 960 66611116
305 882 410 942 166616
433 900 492 942 666
514 882 622 959 possit:
650 882 726 941 mihi
749 886 844 951 66116,
866 883 1005 959 66611666
1029 883 1146 960 aliquid

127 971 263 1031 abditum
282 989 403 1048 quaero,
420 970 473 1029 ille
486 971 647 1030 thesaurus
660 974 714 1030 661.
751 972 812 1030 iam
826 975 941 1048 quanta
955 974 1146 1032 sermonibus

127 1061 190 1120 eius
227 1059 313 1137 fides,
351 1062 464 1137 666616
500 1061 677 1137 6661611166,
714 1079 805 1136 quam
838 1079 942 1136 pressa
974 1064 1004 1119 61
1036 1060 1147 1121 166616

127 1149 292 1208 cunctatio!
343 1148 415 1226 quid
443 1151 489 1207 661
516 1147 596 1226 6661
622 1132 683 1207 nb'n
711 1149 815 1209 statim
842 1149 938 1208 sciat?
983 1152 1015 1210 61
1041 1154 1146 1209 tamen

126 1239 305 1314 plerumque
337 1236 481 1313 haesitat,
514 1237 634 1296 dubitat
665 1237 839 1298 diversitate
871 1239 1036 1316 rationum,
1069 1257 1146 1316 quas

127 1326 190 1386 acri
213 1344 381 1404 magnoque
398 1325 511 1386 iudicio
530 1327 568 1385 ab
588 1325 704 1404 origine
724 1327 881 1404 causisque
900 1327 1005 1403 primis
1024 1328 1146 1403 repetit,
1169 1388 1171 1392 ,

128 1415 283 1489 discernit,
307 1413 456 1491 expandit.
497 1414 535 1472 ad
558 1414 615 1475 hoo
640 1434 730 1491 quam
752 1433 862 1492 parcus
883 1415 915 1474 in
937 1416 1030 1494 victu,
1053 1436 1147 1492 quam

127 1503 261 1563 modicus
284 1503 316 1562 in
339 1503 437 1563 cultu!
477 1503 558 1563 66166
582 1503 682 1581 ipsum
706 1504 877 1565 cubiculum
901 1503 966 1564 eius
985 1505 1145 1582 ipsumque

128 1587 240 1652 lectum
261 1596 296 1650 61
313 1591 475 1668 imaginem
494 1592 645 1668 quandam
663 1593 778 1668 priscae
796 1593 983 1671 frugalitatis
1002 1594 1145 1669 aspicere.

129 1682 218 1757 ornat
240 1681 314 1741 haec
336 1679 512 1759 magnitudo
531 1681 632 1760 661161,
656 1701 732 1759 6666
751 1682 828 1741 nihil
845 1682 884 1741 ad
903 1682 1146 1759 ostentationem,

128 1769 229 1829 omnia
251 1769 289 1828 ad
312 1769 525 1829 conscientiam
548 1770 640 1829 refert
657 1773 798 1846 16616666
817 1771 891 1830 facti
908 1790 968 1830 non
986 1790 1022 1830 61
1040 1773 1148 1848 populi

129 1876 264 1918 sermone
295 1858 462 1918 mercedem
492 1859 544 1918 sed
572 1877 608 1917 61
635 1859 716 1919 16616
744 1858 829 1936 petit.
880 1860 912 1918 in
939 1879 1057 1919 summa
1086 1880 1147 1920 non

129 1947 216 2006 facile
244 1965 424 2025 quemquam
452 1966 487 2007 61
513 1947 580 2006 16116
609 1947 661 2024 661
690 1949 855 2025 sapientiae
881 1948 1015 2007 studium
1038 1949 1147 2008 habitu

130 2036 263 2112 corporis
295 2037 470 2113 praeferunt
499 2037 569 2095 huic
596 2038 661 2096 1116
691 2037 884 2112 comparabis.
935 2055 995 2096 non
1023 2038 1147 2114 quidem

130 2126 288 2204 gymnasia
311 2128 444 2185 66616161
466 2130 521 2184 661
543 2124 677 2201 porticus
698 2144 753 2185 666
772 2126 1026 2202 disputationibus
1046 2128 1147 2205 longis

129 2215 260 2274 aliorum
283 2214 379 2274 otium
402 2232 549 2290 suumque
573 2212 712 2294 16166161,
731 2216 783 2274 661
806 2215 837 2273 16
859 2217 933 2292 1666
955 2215 1146 2293 negotiisque

129 2307 277 2380 16166161,
296 2302 407 2362 1661166
427 2301 630 2379 61166611666,
648 2302 752 2379 plures
766 2303 888 2363 consilio
902 2303 995 2363 16161.
1032 2305 1147 2363 nemini

129 2394 231 2451 tamen
257 2392 386 2450 istorum
413 2390 553 2451 castitate
576 2391 688 2466 pietate
710 2392 831 2451 iustitia
852 2392 1030 2452 fortitudine
1054 2394 1148 2452 etiam

129 2482 226 2557 primo
245 2481 310 2539 loco
330 2479 460 2540 66666111.
497 2479 659 2558 6111616116,
684 2480 709 2540 61
727 2482 896 2558 1616166666,
919 2501 978 2558 666
995 2482 1148 2556 patientia

130 2570 207 2628 hanc
237 2569 335 2645 ipsam
366 2568 572 2630 valetudinem
604 2569 725 2640 toleret,
757 2573 792 2629 61
820 2569 916 2630 161611
943 2570 1079 2646 resistat,
1111 2574 1148 2630 61

131 2657 214 2717 sitim
242 2657 373 2735 differat,
400 2660 437 2718 ut
460 2656 666 2717 incredibilem
689 2658 818 2717 febrium
842 2658 979 2717 ardorem
1001 2658 1146 2719 immotus

131 2749 314 2822 opertusque
331 2746 528 2805 transmittat.
564 2765 661 2822 nuper
679 2765 726 2805 me
745 2766 914 2824 paucosque
933 2766 1052 2807 mecum
1071 2767 1147 2825 quos

130 2834 258 2894 maxime
295 2834 397 2912 diligit
432 2834 591 2895 advocavit
626 2836 805 2911 rogavitque
840 2838 877 2895 ut
912 2836 1043 2895 medicos
1078 2855 1145 2897 con·

131 2924 298 2982 suleremus
317 2923 354 2983 16
373 2941 491 2982 summa
508 2923 701 3000 valetudinis,
719 2928 763 3001 ut,
783 2925 809 2984 61
827 2928 908 2985 66661
924 2925 1147 3001 insuperabilis,

131 3014 238 3089 sponte
271 3013 366 3071 611161
398 3031 414 3071 6
441 3012 517 3084 vita,
550 3012 576 3072 si
603 3016 722 3072 tantum
750 3013 879 3074 difficilis
908 3016 940 3073 61
966 3015 1071 3092 16666,
1100 3034 1146 3073 16·

131 3101 253 3160 sisteret
268 3105 474 3180 maneretque3
493 3101 624 3160 dandum
639 3101 718 3161 enim
731 3102 872 3178 precibus
885 3103 996 3176 uxoris,
1016 3103 1147 3162 dandum

130 3189 211 3249 filiae
224 3189 366 3264 lacrimis,
382 3188 513 3250 dandum
532 3191 623 3249 etiam
641 3190 726 3250 nobis
745 3192 858 3268 amicis,
877 3210 913 3250 ne
933 3210 1000 3266 spes
1019 3195 1147 3267 nostras,

132 3279 158 3338 si
189 3278 276 3338 modo
306 3297 366 3338 non
394 3282 494 3339 essent
521 3279 638 3353 inanes,
670 3280 842 3340 1616616116
870 3284 967 3339 morte
995 3280 1147 3340 desereret

208 3371 239 3427 et
260 3367 370 3427 medici
393 3369 513 3446 quidem
536 3369 666 3427 secunda
688 3369 774 3429 nobis
797 3369 978 3444 pollicentur
1001 3364 1066 3428 ...'

220 3455 268 3515 Ad
286 3456 400 3516 Titium
417 3458 517 3534 ipsum
536 3457 622 3516 datas
639 3458 732 3517 habes
751 3457 885 3517 eiusdem
904 3458 979 3516 duas
1002 3459 1147 3533 epistulas

133 3547 191 3623 5‚3
216 3548 247 3605 et
270 3547 366 3624 8,14,
389 3564 516 3624 quarum
534 3546 617 3622 prior
635 3546 673 3605 ad
691 3550 824 3608 nostram
843 3566 907 3606 rem
925 3546 1001 3606 nihil
1028 3548 1147 3624 attinet,
