2430 3944
391 210 415 259 6.
439 201 649 258 IAVOLENUS
668 201 815 258 PRISCUS
1042 201 1108 265 485

94 367 194 433 misso
220 367 417 448 stipulatione
443 366 544 431 heredi
570 366 617 429 rel
641 365 774 445 fundum
802 365 848 430 uel
871 366 981 447 quanti
1004 385 1039 430 ea
1061 384 1110 429 res

93 462 141 521 est
169 457 308 520 restituet
337 476 428 537 eopne
458 475 532 519 casn
557 454 642 519 leros
668 455 708 532 ei,
740 454 791 518 cui
817 474 855 519 ec
881 456 1016 536 sequenti
1042 473 1110 518 con-

94 546 215 610 dicione
237 544 368 627 lcpatum
391 544 532 628 debuerit,
554 544 696 608 restituet.

443 702 493 767 De
515 703 764 784 fideicommissis.

186 819 237 884 60.
272 817 310 884 D.
330 819 383 901 31,
400 818 453 884 42.
506 817 595 882 Idem
628 813 687 905 (se.
718 815 903 902 Iavolenus)
936 815 1019 880 libro
1051 836 1111 879 un-

94 908 221 973 decimo
244 907 477 990 Epistularum.
504 944 543 954 -
570 904 649 972 (lum
674 908 715 985 ei,
743 907 798 989 qui
820 911 943 988 partem
965 902 1110 988 capiebat,

95 997 231 1080 lepalnm
258 1001 344 1080 esset,
371 1000 406 1060 nt
427 997 485 1062 olii
507 997 687 1080 restitueret,
709 996 833 1078 placuit
852 995 985 1060 solidum
1007 1012 1112 1074 capere

90 1105 190 1169 posse·
396 1171 446 1237 De
468 1173 616 1256 emptione
637 1173 816 1238 venditione.

188 1288 240 1353 61.
264 1287 304 1353 D.
317 1288 367 1373 19,
376 1289 468 1372 nul.
504 1287 677 1354 Iavolenus
696 1287 781 1352 libro
796 1286 964 1352 undecimo
978 1286 1111 1370 Epistu-

96 1377 213 1442 larum.
237 1412 280 1423 -
306 1375 385 1442 Cum
412 1378 568 1443 venderem
593 1377 742 1459 fundum,
769 1377 919 1458 conuenit,
946 1381 995 1461 ιιι,
1020 1377 1113 1440 donec

93 1465 231 1548 pecnnia
249 1467 350 1530 omnis
361 1466 593 1548 persolveretur,
612 1471 693 1531 certo
706 1467 838 1531 mercede
851 1470 967 1548 emptor
977 1465 1113 1546 fundum

95 1555 280 1620 conductam
297 1554 425 1619 haberet.
452 1575 497 1619 an
514 1556 615 1621 solnta
628 1555 762 1636 pecnnia
780 1575 891 1620 merces
909 1559 1030 1637 accepta
1043 1553 1113 1636 fieri

96 1643 224 1709 debeat?

188 1730 371 1813 Respondit:
406 1731 485 1796 bona
502 1733 577 1814 fides
597 1732 699 1814 arripit,
721 1736 756 1796 ut
777 1733 858 1814 qnod
878 1733 1016 1797 convenit
1037 1733 1112 1813 plot·

96 1822 152 1887 sed
172 1841 236 1885 non
257 1821 393 1902 amplius
408 1825 549 1902 praestat
565 1821 594 1885 is
611 1821 769 1902 uenditori,
791 1841 885 1902 qnam
897 1822 1113 1903 proportione

98 1911 165 1974 eins
188 1910 343 1991 temporis,
365 1929 424 1991 piro
440 1910 575 1991 peccunia
596 1913 762 1974 numerato
783 1929 846 1973 non
868 1914 949 1974 esset.

189 1999 241 2064 62.
270 1997 308 2062 D
325 1996 486 2080 18,1,65.
535 1997 623 2061 Idem
652 1995 710 2083 (so.
733 1995 917 2082 Iavolenus)
945 1997 1029 2061 libro
1057 2019 1113 2060 un-

99 2086 224 2152 decimo
243 2085 341 2170 Epist
327 2048 536 2151 tular'umoe-
559 2085 706 2152 Conuenit
722 2086 800 2150 mili
819 2090 924 2169 ιιιιιιι,
945 2090 981 2150 nt
988 2089 1113 2237 teertrrrn

97 2196 264 2240 nnmerum
282 2175 455 2329 tepularnm
473 2176 551 2240 mili
569 2177 658 2240 dores
676 2181 753 2240 certo
767 2196 825 2256 pre
827 2175 868 2239 lio
886 2177 1023 2256 questu
1003 2171 1112 2254 ufa-

97 2269 335 2330 decemuirum
357 2270 438 2366 cmpt
439 2266 468 2329 io
490 2265 533 2329 sit
552 2285 596 2328 an
619 2265 683 2329 loea
686 2264 750 2328 tio?

190 2352 374 2435 Respondi:
406 2354 435 2418 si
457 2374 494 2418 cn
516 2373 581 2418 meo
605 2352 704 2433 fundo
731 2353 848 2436 lepnlos
875 2352 931 2416 tili
954 2351 1116 2432 factasnt

97 2443 207 2507 dorem
230 2443 375 2524 conuenit,
397 2444 578 2524 emptionem
595 2447 672 2524 puto
694 2462 764 2524 esse,
786 2462 848 2506 non
871 2441 1113 2516 conductionem;

98 2531 210 2596 totiens
232 2531 315 2594 onim
337 2531 492 2596 conductio
515 2532 716 2613 aliauinsrei
737 2535 788 2614 est,
813 2531 951 2612 quernus
973 2530 1113 2611 materia,

96 2622 135 2684 in
153 2640 216 2701 pua
234 2619 355 2700 olianid
366 2624 554 2702 praestatur,
573 2620 608 2683 in
625 2621 725 2684 eodem
743 2623 827 2684 slotn
843 2620 976 2683 eiusdem
994 2623 1113 2694 manet·

98 2709 239 2791 quotiens
267 2728 335 2772 oero
363 2713 392 2772 et
417 2709 602 2773 immutatur
628 2714 657 2772 et
682 2709 845 2792 alienatur,
877 2708 987 2790 emptio
1014 2707 1114 2790 mapis

98 2818 197 2880 quom
220 2797 326 2862 locatio
349 2797 482 2880 intellepi
504 2797 592 2862 debet.

391 2956 441 3021 De
465 2956 611 3021 locotione
632 2956 832 3020 conductione.

192 3071 244 3136 63.
280 3069 319 3136 D.
342 3071 394 3156 19,
413 3073 448 3152 2,
467 3070 507 3135 51
520 3093 566 3154 pr.
619 3069 792 3134 Iavolenus
827 3070 911 3135 libro
944 3069 1113 3134 undecimo

97 3159 402 3244 Epistularum-
363 3159 480 3224 -Ea
503 3161 563 3242 lepe
582 3159 717 3240 fundum
740 3159 923 3243 loeaoi,nt,
899 3161 1055 3223 tsinon
1077 3178 1115 3222 en

99 3250 164 3333 lopo
191 3248 343 3334 coleretur,
371 3250 503 3313 relocare
530 3269 599 3312 acm
625 3247 703 3311 milii
730 3248 880 3313 liceretet
851 3253 960 3328 dono
982 3248 1114 3311 minoris

99 3339 255 3416 locassem,
273 3337 327 3402 hoc
345 3337 424 3402 mili
437 3342 609 3419 praestaret
608 3358 656 3419 ιι,
673 3357 727 3401 ιιι
744 3337 929 3418 cancerata
931 3340 997 3417 ιιι
991 3335 1114 3416 pluris

98 3428 261 3511 locassem,
292 3425 347 3490 loo
378 3426 433 3491 tili
378 3430 679 3513 tt,praestareur
710 3431 738 3490 et
769 3445 838 3490 enm
867 3445 953 3488 nemo
978 3424 1113 3505 fundum

174 3581 188 3628 1
209 3574 257 3630 Fl.
275 3574 351 3642 quod
369 3576 409 3629 ut.
