2430 3944
425 187 450 235 b.
473 179 593 236 TITIUS
611 179 742 237 ARISTO
1024 180 1089 246 375

68 340 187 408 ‘Aristo
210 350 297 409 notat
320 349 402 425 apud
426 344 590 410 Sabinum'.
635 349 672 408 D.
688 351 738 420 28,
755 350 784 425 5,
800 351 884 426 17,5
909 343 1021 409 ‘Labeo

68 436 192 513 scripsit
209 455 264 496 neo
279 437 381 497 Aristo
401 484 426 498 ..
445 432 572 498 notant'.
609 437 645 497 D.
657 438 707 511 33,
720 441 748 513 9,
759 439 816 515 3,1
839 431 955 498 ‘Aristo
973 432 1087 520 notat’)

68 527 100 585 et
128 526 251 601 propria
277 544 422 602 responsa
444 526 667 604 sententiasque
689 526 840 587 addidisse
863 526 939 586 satis
962 531 1089 604 apparet

65 607 120 696 (D.
141 617 169 692 7,
190 616 219 686 8,
241 615 290 691 14,
312 619 344 692 13
374 617 579 692 12,1,9,8;
609 618 660 692 19,
680 617 708 689 5,
730 617 780 693 14,
800 616 833 692 33
862 617 1088 697 25,1,11pr.;

68 705 269 781 25,4,1,13;
294 705 479 781 28,8,5pr.;
503 706 555 781 33,
566 707 595 782 9,
606 706 702 781 3,11;
721 705 773 784 43,
784 705 951 782 24,11,11
972 699 1087 766 ‘Aristo

68 783 194 853 scribit'.
222 792 258 851 D.
266 793 391 869 38,1,4;
406 795 541 871 46,3,16
558 786 673 854 ‘Aristo
741 787 882 869 scripsit'.
905 792 1085 872 1).26,7,61

65 873 160 956 ‘apud
183 881 356 941 Aristonem
385 882 531 959 scriptum
559 873 646 964 est');
672 899 743 941 nam
766 900 842 959 quae
864 883 908 940 ita
932 882 1087 957 scripsisse

65 969 208 1046 traditur,
217 969 355 1047 inprimis
366 989 435 1030 eum
444 971 476 1029 in
484 971 680 1048 Digestorum
688 969 774 1030 libris
784 970 946 1046 protulisse
958 973 1087 1048 oportet.

157 1057 343 1135 Fragmenta
374 1059 419 1119 ita
446 1058 594 1136 disposui,
625 1062 661 1119 ut
688 1078 725 1119 ea
752 1077 829 1137 quae
857 1058 896 1117 ad
923 1058 970 1119 ius
999 1060 1086 1120 civile

64 1147 234 1225 pertinent,
270 1146 307 1206 iis
343 1165 419 1224 quae
455 1150 593 1224 spectant
624 1147 662 1208 ad
695 1148 742 1206 ius
774 1147 968 1209 honorarium
1000 1167 1086 1225 prae·

64 1235 228 1296 mitterem.

404 1400 431 1455 1.
463 1396 513 1456 De
535 1397 615 1455 iure
639 1395 751 1457 civili.

155 1520 340 1599 Fragmenta
363 1520 497 1581 ordinem
520 1518 718 1580 Sabinianum
741 1522 864 1581 secutus
887 1540 1031 1598 propono.

445 1709 495 1776 De
517 1710 711 1776 testamentis.

361 1840 408 1900 De
429 1840 581 1900 haedus
602 1840 795 1900 tumeatis.

158 1943 187 2006 1.
220 1940 259 2007 D.
279 1942 377 2026 28,5,
393 1941 442 2006 19.
492 1939 652 2024 Ulpianus
679 1940 763 2006 libro
792 1941 931 2027 septimo
960 1943 1000 2007 ad
1028 1941 1084 2009 Sa-

66 2031 178 2095 binum
202 2028 251 2118 (P.
265 2027 377 2115 2489).
401 2067 444 2077 -
467 2028 519 2094 Ex
541 2029 627 2095 facto
652 2077 677 2093 ..
701 2029 862 2114 agitatum
884 2030 1084 2116 Pomponius

65 2123 100 2184 et
122 2118 283 2185 Arrianm
310 2118 467 2202 referunt,
496 2119 524 2183 si
553 2119 625 2202 quis
652 2139 755 2184 vacua
779 2123 873 2204 parte
901 2119 1014 2185 relicta
1036 2121 1085 2186 ita

63 2207 258 2274 instituerit:
287 2207 328 2272 ‘si
355 2207 437 2272 mihi
461 2205 553 2272 Seius
580 2207 674 2272 heres
697 2229 765 2272 non
788 2206 871 2290 erit',
900 2229 995 2293 quem
1017 2231 1083 2274 non

63 2297 266 2381 instituerat,
294 2294 520 2380 ‘Sempronius
547 2296 640 2361 heres
665 2293 756 2380 esto',
784 2318 824 2361 an
848 2296 901 2362 hic
924 2318 1082 2383 occupare

62 2386 171 2471 possit
184 2390 351 2451 vacantem
359 2385 551 2470 portionem.
576 2389 609 2449 et
616 2385 759 2470 Pegasus
772 2384 902 2470 quidem
916 2385 1084 2451 existimat

62 2475 106 2539 ad
136 2496 209 2539 eam
239 2479 366 2559 partem
397 2473 534 2538 admitti.
585 2473 697 2539 Aristo
730 2478 845 2539 contra
870 2478 980 2559 putat,
1008 2476 1083 2560 quia

62 2563 140 2628 huic
163 2585 241 2648 pars
265 2567 350 2628 esset
373 2563 462 2644 data,
485 2584 567 2646 quae
590 2563 680 2627 nulla
704 2565 798 2629 esset.

156 2670 186 2734 2.
211 2669 250 2734 Ι).
264 2670 317 2747 28,
331 2670 362 2750 5,
377 2671 428 2752 11,
442 2669 473 2735 5.
514 2668 675 2753 Ulpianus
699 2670 783 2735 libro
808 2670 947 2754 septimo
967 2670 1007 2735 ad
1026 2668 1082 2736 Sa-

65 2760 182 2823 binum
201 2757 250 2843 (P
260 2755 373 2846 2488).
386 2795 429 2805 —
445 2755 536 2833 Quod
558 2759 586 2822 si
605 2759 677 2844 quis
697 2758 896 2843 dupundium
914 2759 1082 2824 distribuit

64 2852 99 2911 et
129 2848 263 2912 tertium
292 2848 361 2911 sine
389 2852 481 2930 parte
508 2847 665 2932 instituit,
696 2847 750 2912 hic
777 2847 811 2910 in
840 2847 939 2912 elium
967 2869 1082 2932 assem,

62 2935 193 3002 scilieetl
230 2937 264 3000 in
300 2936 455 3000 trientem
491 2935 593 3018 venit,
629 2940 667 3000 ut
698 2934 806 3000 Labeo
842 2935 927 3000 libro
965 2940 1081 3021 quarto

63 3024 287 3089 Posteriorum
308 3024 446 3107 scripsit,
464 3046 523 3089 neo
537 3024 649 3089 Aristo
663 3025 715 3088 vel
728 3024 832 3089 Aulus
848 3020 1082 3112 (Iavolenusl),

62 3116 178 3198 utpote
202 3113 385 3196 probabile,
408 3116 532 3178 notant

155 3220 184 3285 3.
209 3217 391 3304 D.25,4,1,
405 3219 453 3284 13.
486 3218 646 3302 Ulpianus
664 3219 749 3284 libro
769 3219 945 3285 vicensimo
965 3226 1079 3305 quarto

63 3308 106 3373 ad
130 3308 271 3374 edictum
294 3307 345 3392 (P.
360 3308 450 3394 985).
477 3343 514 3353 -
608 3307 636 3372 si
659 3330 770 3373 servus
793 3308 886 3373 heres
910 3307 1080 3373 institutus

61 3397 176 3482 fuerit,
206 3396 234 3462 si
262 3418 356 3461 nemo
385 3403 481 3462 natus
506 3396 561 3479 sit,
584 3393 696 3461 Aristo
721 3398 833 3462 scribit
855 3397 930 3461 huic
954 3417 1080 3481 quoque

136 3560 150 3608 1
171 3552 220 3609 Ft.
240 3552 285 3608 hio
304 3571 360 3609 non
378 3553 406 3607 in
426 3553 511 3609 alium
531 3569 634 3622 assem,
653 3553 711 3609 sed.
