2430 3944
143 170 236 233 xum

233 339 479 400 Antehsririanao
498 338 753 415 iurisprudcntioe
773 338 905 400 edendas
925 338 1085 398 consitium
1100 338 1169 416 ipse

145 433 215 491 autc
237 431 296 489 hos
324 428 435 506 viginti
461 427 592 506 quinque
618 428 682 488 fero
705 444 798 488 annos
822 427 888 503 cepi
911 427 1075 504 statimque
1099 447 1171 489 cnm

102 584 110 603 ἢ
144 518 310 594 bibliopola
333 517 374 576 rie
401 517 482 577 omni
505 536 614 593 genere
637 517 796 577 literarum
819 516 933 592 optime
956 517 1067 580 merito
1089 535 1173 579 cour·

144 607 306 667 munioovi.
335 606 389 666 sod
403 607 561 684 quominus
573 625 638 665 rem
648 605 841 682 propositam
849 606 1047 684 aggrederer,
1056 607 1171 666 nedum

143 695 325 774 capedinem,
349 695 416 755 eliis
441 694 546 754 officiis
570 713 624 770 per
641 695 769 772 longum
786 697 909 771 tempus
924 694 1170 774 impedientibus,

145 797 214 846 oum
246 784 369 845 interim
401 782 473 845 Otto
506 783 600 843 Lenel
632 782 876 860 Palingenesiam
908 783 1045 844 editurus
1078 787 1172 864 esset,

131 875 294 950 collegam
312 873 422 946 monui,
440 891 478 932 ne
497 871 571 931 iuris
588 872 706 949 ,publici
723 872 861 950 sacrique
878 872 1050 951 fragmenta
1063 873 1170 950 negte-

145 965 233 1042 gerst
249 980 325 1022 uere
343 961 419 1020 iuris
438 962 591 1021 consultos
605 962 770 1022 secundum
786 961 922 1021 ordinem
935 961 1171 1038 alphabeticum,

147 1051 200 1112 sori
231 1050 335 1127 potius
366 1051 511 1126 temporis
543 1050 660 1110 ratione
692 1050 799 1128 habita
827 1051 1002 1127 concuret-3
1033 1051 1113 1128 quod
1145 1051 1172 1113 si

145 1140 263 1218 petenti
285 1138 363 1198 mihi
392 1157 567 1199 conoessum
595 1141 688 1216 esset,
718 1139 913 1215 aproposito
940 1139 994 1198 iilo
1024 1139 1170 1200 desistere

144 1229 325 1307 cogitabam.
367 1227 446 1303 quod
463 1246 537 1288 curn
554 1245 642 1289 secus
661 1229 777 1289 factum
796 1231 882 1302 esset,
907 1228 1031 1303 optimis
1049 1228 1171 1289 auxiliis

144 1317 206 1376 iam
242 1316 358 1394 paratis
390 1317 581 1392 propositum
618 1335 693 1394 opus
729 1317 806 1378 mihi
836 1317 959 1378 tondum
990 1316 1170 1395 aggresus·

147 1406 220 1467 ium
243 1408 317 1465 erat.

158 1553 163 1561 ,
235 1493 295 1554 Sed
325 1493 504 1572 priusquam
535 1495 572 1554 de
602 1495 720 1556 ratione
748 1495 781 1554 in
809 1495 867 1555 hoc
897 1513 987 1570 opere
1018 1494 1172 1571 sequenda

145 1601 306 1658 exponam,
333 1582 589 1658 praemittendum
617 1587 678 1662 est,
709 1583 842 1662 quidde
865 1583 1064 1660 Pomponiani
1086 1584 1170 1645 illius

33 1714 36 1719 -
145 1670 316 1748 fragmenti,
339 1690 398 1748 quo
422 1671 459 1730 de
484 1672 717 1732 autehudrianae
731 1691 857 1750 =quoque
875 1672 986 1732 aetatis
1005 1672 1081 1732 iuris
1101 1675 1170 1732 con·

146 1760 234 1825 sultis
256 1759 399 1837 traditur,
421 1760 594 1821 condicione
619 1762 757 1822 sentiam.
802 1761 883 1837 quod
904 1760 938 1821 P.
961 1761 1099 1840 Kouegsr
1122 1762 1171 1823 vir

147 1848 339 1908 doctissimus
364 1848 438 1908 dicit
462 1842 582 1931 (Gesch.
603 1871 635 1926 p.
656 1853 721 1910 177
741 1870 770 1909 n.
790 1841 862 1932 24)·.
887 1843 968 1912 ‘dass
992 1851 1045 1910 der
1063 1850 1171 1911 Abriss

147 1937 200 1998 der
224 1937 512 2016 Rechtsgssohiehte
539 1939 571 1998 in
596 1939 667 2017 Dig.
689 1943 716 2016 1,
737 1941 766 2013 2,
785 1939 1010 2016 acprachlich
1037 1939 1171 2000 ¹rislfuch

147 2025 277 2087 Anstoss
306 2029 420 2106 errept,
445 2027 523 2106 licgt
548 2047 588 2087 an
611 2030 663 2088 der
685 2028 893 2089 uerdorhenen
915 2015 1170 2105 siheriieferung'‚

147 2115 286 2175 libellum
312 2117 402 2177 illum
423 2116 490 2176 iam
518 2120 593 2178 ante
620 2117 823 2178 lastinianum
850 2117 1048 2194 depravatum
1072 2117 1169 2177 tuisse

147 2204 269 2266 videtur
291 2205 473 2265 existimare.
519 2209 553 2266 at
572 2207 673 2282 ipsum
698 2206 916 2266 Tritonianum
939 2223 1059 2284 quoquo
1080 2205 1169 2264 Pom·

148 2293 232 2369 ponii
253 2293 459 2353 narrationem
481 2294 564 2354 varie
588 2297 721 2355 mutasse
744 2313 805 2355 non
826 2295 915 2356 modo
940 2294 1097 2374 suspicari,
1117 2295 1172 2354 scd

150 2381 225 2442 satis
249 2380 455 2441 demonstrare
475 2381 558 2442 iicet.

237 2468 287 2528 Ad
310 2470 384 2529 haec
407 2471 508 2544 verba,
526 2490 609 2547 rquere
629 2472 661 2530 in
679 2471 826 2549 principio
845 2473 1003 2550 leguntur:
1022 2467 1171 2532 ‘necessa-

147 2558 227 2618 rium
252 2601 286 2618 ..
309 2559 396 2618 nobis
422 2553 556 2619 virietur'
587 2554 692 2636 ‘ipsius
715 2561 791 2621 iuris
815 2561 964 2639 originem
987 2565 1078 2639 atque
1100 2580 1171 2637 pro·

148 2665 265 2707 cessum
293 2643 510 2709 demonstrare'
540 2649 640 2709 verbis
666 2643 697 2726 §i
723 2653 764 2710 1-3
789 2650 831 2710 sio
858 2650 1056 2710 remittimur:
1083 2644 1173 2709 ‘Post

148 2736 295 2814 originem
318 2736 394 2796 iuris
417 2740 449 2797 et
470 2756 645 2814 processum
668 2739 823 2817 cognitum
839 2757 1030 2817 consequens
1054 2743 1108 2816 est,
1133 2742 1172 2799 ut

149 2825 186 2884 de
207 2824 443 2903 magistratuum
461 2827 633 2888 nominibus
652 2830 683 2888 et
701 2828 816 2904 origine
835 2822 1069 2905 cognoscemus’.
1103 2828 1169 2904 qui-

148 2912 206 2973 bus
225 2915 317 2973 rebus
336 2911 378 2990 ἐξ
396 2917 526 2975 14-34
545 2917 677 2978 narratis
695 2917 859 2992 improviso
878 2936 912 2976 oo
932 2917 1032 2978 subito
1046 2916 1078 2975 in
1092 2913 1111 2991 ἕ
1127 2917 1169 2976 35

151 3002 225 3062 haec
249 3008 430 3078 sequuntur:
454 2999 545 3064 ‘Iuris
564 3005 662 3066 civilis
682 3006 838 3066 scientiam
856 3005 980 3081 plurimi
999 3010 1030 3065 et
1046 3005 1173 3063 maximi

148 3091 211 3173 viri
229 3091 357 3165 professi
380 3087 471 3170 sunt’‚
496 3112 563 3153 cum
588 3094 625 3154 de
643 3094 720 3155 iuris
738 3094 834 3154 civilis
855 3095 980 3154 scientia
999 3094 1113 3153 dictum
1132 3093 1173 3153 iri

148 3196 186 3238 ne
205 3179 296 3240 verbo
315 3181 436 3258 quidem
453 3183 674 3259 praemonitum
693 3184 742 3244 sit.
771 3202 844 3243 nam
858 3203 934 3261 quae
949 3183 985 3242 in
1004 3181 1024 3258 ὅ
1039 3185 1081 3244 ,13
1097 3185 1172 3259 post

149 3269 243 3327 verba
262 3286 354 3346 supra
373 3271 466 3330 allata
484 3271 640 3349 legrmtur:
660 3267 816 3349 ‘posthoc
835 3272 904 3332 dein
918 3273 956 3332 de
975 3274 1172 3332 auctorum

150 3359 379 3418 successione
403 3355 555 3437 dicemus’‚
578 3381 597 3420 a
615 3361 795 3421 Triboniono
820 3381 856 3421 ex
878 3362 1046 3437 posteriore
1067 3361 1166 3438 capite

150 3436 205 3523 (ἐξ
224 3440 371 3528 48-53)
395 3450 453 3508 huc
472 3451 621 3510 translata
639 3454 729 3529 atque
748 3450 827 3510 inter
845 3447 885 3526 ἐξ
901 3453 943 3510 34
963 3453 994 3510 et
1014 3452 1054 3512 35
1075 3468 1165 3527 quae-

150 3533 220 3594 dam
244 3535 432 3598 intercidisse
456 3538 564 3599 iudico.
596 3540 669 3615 quid
696 3558 768 3611 vero
795 3539 911 3600 dictum
937 3540 1045 3617 fucrit,
1073 3537 1169 3600 conici
