2438 3930
98 151 166 216 264
201 151 235 207 v.
252 121 402 206 nnnvln
420 152 469 206 nn
489 150 641 206 unuani
658 150 767 205 nune.
785 148 882 204 rurus
902 147 1083 204 consonus

101 321 151 395 16,
167 321 195 378 8.
221 319 380 395 13,1,13.
422 317 545 394 accedit,
564 317 643 395 quod
662 311 781 378 ‘Prisci'
799 335 944 393 respousa
962 317 1115 394 quaedam

99 409 137 468 ad
160 407 329 468 Fulcinium
351 406 492 467 videntur
515 406 620 466 referri
642 423 738 481 posse.

487 601 525 660 H.
553 600 716 660 ...libri

186 725 223 784 In
250 725 335 784 libris
358 724 486 783 Fulcinii
515 717 564 805 (D.
581 726 632 800 24,
648 726 676 801 1,
691 725 732 783 29
742 743 786 799 pr.
808 723 912 800 Pomp.
941 718 1115 783 ‘Fulcinius

99 806 256 896 scripsit'),
266 832 394 889 quorum
406 831 501 889 neque
515 830 623 871 nomen
636 829 732 887 neque
747 815 959 890 argumentum
971 811 1115 891 cognosci

97 906 207 980 potest,
216 903 351 978 priorum
364 919 508 976 responsa
517 899 629 959 tradita
643 903 675 959 ct
688 901 858 959 examinata
871 901 966 960 fuisse
975 904 1115 978 apparet.

98 993 134 1052 D.
150 995 200 1064 39,
217 993 245 1064 6,
259 993 310 1050 43.
335 992 387 1063 91,
401 991 453 1064 49,
468 991 497 1049 2.
543 992 675 1047 ceterum
700 989 836 1064 priorum
862 989 1016 1065 responsis
1042 1009 1115 1066 pro·

98 1080 165 1157 pria
192 1080 321 1138 fortasse
348 1078 481 1137 admixta
503 1077 637 1136 luerunt:
665 1077 746 1154 quod
767 1095 944 1152 responsum
967 1078 1115 1137 Neratius

99 1188 115 1229 e
135 1167 264 1227 E‘ulcinii
281 1166 367 1225 libris
387 1165 578 1241 desumptum
596 1165 632 1226 D.
648 1167 699 1243 39,
715 1166 743 1241 6,
757 1167 853 1241 43pr.
872 1166 984 1244 posuit,
1007 1169 1115 1225 utrum

99 1257 194 1332 ipsius
210 1254 339 1314 Fulcinii
357 1273 396 1314 an
414 1254 539 1314 alterius
558 1253 607 1328 sit,
626 1253 766 1331 cognosci
782 1253 894 1330 nequit.
931 1254 1115 1332 plerumque

100 1345 136 1405 rle
164 1344 238 1403 iuris
266 1343 363 1403 civilis
385 1342 535 1402 institutis
559 1341 673 1418 agitur,
699 1342 795 1404 veluti
818 1342 854 1401 de
876 1342 1002 1420 legatis,
1033 1343 1115 1417 dote,

99 1435 192 1493 furto.
227 1431 356 1491 Fulcinii
378 1431 449 1490 libri
471 1430 619 1508 ciusdem,
643 1431 669 1489 si
692 1430 765 1508 quirl
787 1430 882 1506 video,
905 1432 969 1490 fere
992 1433 1115 1509 generis

101 1523 232 1598 fuerunt,
250 1520 334 1579 cuius
349 1519 493 1595 Atilicini,
509 1518 632 1592 Minicii,
645 1518 743 1595 Ursei,
758 1518 873 1578 Plautii
885 1518 1018 1579 habendi
1033 1523 1115 1580 sunt.

188 1609 371 1685 Fragmenta
396 1607 559 1668 secundum
582 1607 717 1666 ordinem
739 1606 934 1668 Sabinianum
958 1609 1115 1669 collocavi.

400 1761 451 1826 De
472 1761 650 1826 haedinas
671 1763 815 1827 aditione.

192 1868 233 1934 1?
261 1868 300 1933 D.
319 1870 372 1951 39,
392 1869 423 1953 6,
441 1866 493 1933 21.
538 1866 628 1931 Idem
656 1865 832 1955 (Iulianus)
859 1868 943 1932 libro
972 1869 1115 1935 secundo

104 1957 144 2022 ad
171 1956 323 2024 Urseium
347 1955 510 2022 Ferocem.
536 1954 684 2021 -Eum
712 1957 767 2040 qui
793 1961 831 2020 ut
858 1956 961 2021 adiret
989 1958 1115 2022 heredi-

105 2050 207 2112 tatem
225 2047 394 2130 pecuniam
414 2045 600 2128 accepisset,
621 2045 777 2131 plerique,
794 2045 829 2108 in
848 2046 963 2128 quibus
983 2044 1115 2112 Priscus

102 2157 243 2221 quoque,
265 2133 501 2220 responderunt
523 2133 638 2198 mortis
663 2155 760 2198 causa
783 2133 873 2197 eam¹
897 2155 1022 2218 capere.

517 2291 568 2356 Dc
586 2293 700 2375 lepotc'a
913 2349 917 2355 .

192 2401 222 2465 2.
254 2399 293 2466 D.
313 2399 366 2483 31,
384 2398 439 2481 49,
456 2399 485 2463 2.
536 2397 657 2461 Paulus
684 2398 768 2463 libro
797 2398 909 2482 quinto
940 2398 981 2464 ad
1008 2399 1115 2485 legem

103 2488 220 2553 Iuliam
248 2491 281 2552 et
307 2487 443 2571 Papiam
473 2483 521 2571 (P.
540 2485 628 2569 949).
655 2485 835 2552 —Labeo
862 2487 961 2551 refert
989 2509 1116 2573 agrum,

105 2578 196 2642 cuius
224 2575 449 2640 commercium
477 2596 542 2638 non
567 2574 681 2658 habes,
709 2575 812 2660 legari
834 2576 895 2640 tibi
918 2598 1015 2660 posse
1039 2576 1115 2641 Tre·

105 2667 228 2730 batium
256 2662 472 2746 respondisse,
501 2663 586 2746 quod
601 2711 608 2726 .
623 2713 630 2727 .
644 2662 773 2728 Priscus
799 2663 966 2729 Fulcinius
994 2664 1115 2730 falsum

106 2775 176 2819 esse
200 2753 315 2817 aicbat.

195 2839 238 2906 3?
262 2840 300 2904 D.
315 2841 344 2923 l,
359 2840 389 2921 8,
405 2840 455 2915 10,
470 2840 500 2903 2.
540 2838 700 2924 Ulpianus
723 2841 806 2906 libro
831 2841 969 2925 septimo
989 2841 1116 2907 decimo

108 2929 148 2995 ad
173 2927 328 2994 Sabinum
352 2925 402 3015 (P.
421 2925 534 3015 2576).
560 2965 597 2975 -
631 2978 665 2993 ..
689 2928 717 2992 si
744 2929 790 2993 sic
817 2930 947 2995 relictus
978 2931 1023 2994 sit
1055 2930 1116 2994 ‘illi

108 3018 220 3083 domus
252 3037 345 3082 usum
374 3016 513 3081 fructum
540 3016 708 3082 habitandi
735 3017 852 3102 causa’,
883 3021 993 3082 utrum
1024 3018 1116 3083 habi·

106 3107 264 3172 tationem
301 3106 403 3171 solam
441 3128 482 3170 au
516 3127 591 3170 vero
624 3110 656 3170 et
688 3127 781 3170 usum
812 3105 953 3172 fructum
985 3107 1115 3190 habeat,

108 3194 288 3260 videndum.
327 3199 360 3259 et
379 3191 525 3260 Priscus²
543 3198 576 3258 et
593 3192 745 3259 Neratius
763 3200 881 3278 putant
901 3195 1005 3260 solam
1023 3195 1115 3260 habi·

108 3284 266 3349 tationem
289 3283 438 3367 legatam.

181 3446 197 3566 2
212 3439 372 3579 lligoscocilriltlor
385 3527 414 3564 τε
422 3507 480 3578 ἅμα
489 3509 537 3564 καὶ
548 3507 687 3578 Nepotatus
696 3509 853 3580 Stephanus
864 3509 900 3564 ad
909 3509 973 3566 Bas.
984 3516 1026 3579 16,
1037 3515 1063 3579 8,
1074 3514 1116 3564 10.
