2430 3944
363 177 388 226 4.
409 171 438 226 C.
453 169 597 225 cnsslus
616 169 802 225 LONGINUS
1049 173 1093 238 49

95 335 191 402 (luleus
223 335 337 401 scribit
364 333 469 419 magis
496 333 689 418 supellectili
717 332 958 398 adnumeranda
987 339 1020 399 et
1046 335 1094 400 ita

96 423 233 490 Sabinum
256 428 290 488 et
313 421 464 489 Cassium
486 425 610 506 putare.

452 613 499 672 De
516 630 596 687 penu
618 613 721 686 leuata.

169 735 219 799 49.
242 734 282 798 D.
290 732 460 817 33‚9,5pr.
501 731 620 795 Paulus
638 731 722 795 libro
742 735 857 815 quarto
877 731 918 795 ad
937 729 1093 796 Sabinum

103 823 139 903 (P.
147 820 250 909 1677).
269 858 314 869 -
331 820 406 886 Non
426 840 522 888 omne
540 819 626 903 quod
645 820 769 884 bibitur
786 819 821 883 in
840 842 925 902 penu
943 819 1093 886 habetur:

105 911 203 995 alioqui
225 931 355 975 necesse
378 914 438 994 est,
461 913 497 974 ut
521 908 631 973 omnia
652 908 887 972 medicamenta
906 930 987 992 quae
1006 908 1094 973 bibe·

105 1004 192 1064 rentur
218 999 453 1064 contineantur.
498 996 607 1079 itaque
635 1018 673 1060 ea
700 996 828 1061 demum
856 998 986 1079 penoris
1014 1018 1094 1081 osse,

107 1109 165 1170 qoae
184 1087 288 1152 alendi
308 1108 404 1151 causa
422 1085 619 1165 biberentur,
638 1084 751 1169 quoin
763 1106 897 1150 numero
912 1084 1094 1150 antidotum

108 1180 229 1241 nonest.
275 1178 308 1239 et
331 1196 408 1239 sane
430 1195 505 1238 vere
529 1171 660 1238 Cassius
685 1174 793 1237 sensit

429 1375 476 1434 De
495 1376 616 1448 perorata
638 1374 747 1446 lesora.

173 1496 222 1561 50.
250 1494 290 1560 D.
304 1495 357 1570 34,
371 1496 401 1574 2,
417 1493 468 1576 19,
485 1495 534 1558 19.
575 1491 736 1576 Ulpianus
754 1490 837 1555 libro
857 1491 1033 1558 vicensimo
1055 1494 1092 1559 ad

109 1579 235 1648 Sabinum
255 1582 304 1669 (P.
312 1583 426 1666 2606).
444 1618 487 1628 -
505 1580 652 1647 Murrina
675 1627 702 1644 ..
723 1601 802 1645 vasa
820 1581 854 1644 in
874 1583 1009 1666 gemmis
1028 1604 1095 1648 non

109 1691 159 1736 osse
179 1669 307 1737 Cassius
329 1670 451 1736 scribit.

185 1873 229 1931 De
250 1876 325 1931 ceste
347 1872 453 1931 muodo
475 1871 863 1930 connaturationem
885 1872 992 1944 leuatis.

175 1990 222 2057 51.
247 1990 286 2055 D.
301 1991 354 2074 34,
368 1991 398 2064 2,
412 1990 441 2055 8.
486 1987 576 2053 Idem
600 1985 657 2075 (sc.
676 1986 812 2075 Paulus)
835 1989 920 2053 libro
943 2011 1030 2054 nono
1056 1989 1096 2053 ad

110 2073 245 2144 Plautium
271 2079 320 2162 (P.
341 2075 449 2165 1171).
475 2113 513 2124 -
540 2077 686 2141 Plautius
713 2128 720 2140 .
743 2077 859 2141 Mulier
887 2077 934 2142 ita
961 2078 1097 2163 legavit:

110 2163 237 2252 ‘quisquis
261 2167 342 2232 mihi
365 2167 457 2231 heres
482 2167 552 2245 erit,
575 2165 680 2230 Titiae
703 2171 827 2231 vestem
852 2163 984 2250 [meam]
1005 2189 1096 2230 mun·

110 2252 164 2319 dun
173 2262 419 2339 ornamentaque
431 2254 602 2319 muliebria
612 2255 747 2319 damnas
758 2258 827 2319 esto
839 2253 936 2321 dare?
961 2253 1096 2321 Cassius

109 2343 148 2426 ait,
163 2347 186 2410 si
204 2368 270 2410 non
289 2350 458 2429 appareret
477 2343 553 2427 quid
571 2343 736 2426 sensisset,
755 2364 884 2407 ornnem
904 2347 1027 2408 vestem
1048 2366 1096 2408 se-

108 2434 219 2498 cundum
244 2433 343 2499 rerba
365 2431 554 2497 testamenti
576 2432 719 2514 legatam
743 2431 854 2497 videri.

173 2556 207 2614 of.
220 2555 304 2613 Paul.
320 2553 349 2616 S.
365 2556 398 2631 3,
415 2555 447 2628 6,
462 2554 513 2612 80.

449 2730 496 2800 De
514 2731 597 2789 libris
619 2731 727 2804 tepetis.

173 2850 223 2914 52.
246 2849 285 2913 D.
300 2850 351 2926 32,
366 2849 409 2914 52
417 2871 464 2933 pr.
505 2848 663 2934 Ulpianus
681 2847 764 2913 libro
784 2848 958 2912 vicensimo
979 2853 1095 2932 quarto

102 2935 131 2999 ad
155 2935 307 3002 Sabinum
335 2936 385 3023 (P.
406 2934 519 3024 2661).
547 2975 589 2984 —
698 2935 798 3001 Gaius
823 2934 954 3001 Cassius
983 2935 1096 3002 scribit

99 3021 191 3091 deberi
214 3033 246 3091 et
269 3028 474 3092 membranas
498 3026 590 3090 libris
613 3024 740 3109 legatis.

171 3148 254 3207 Paul.
272 3147 300 3208 S.
316 3150 346 3221 3,
363 3151 390 3226 6,
406 3149 456 3207 87.
502 3146 600 3205 Libris
624 3147 733 3222 legatis
757 3189 808 3204 ...
831 3146 1020 3205 membranae
1044 3188 1096 3205 ...

95 3237 275 3295 continentur
299 3284 304 3295 .
321 3282 348 3295 ..

172 3347 224 3411 53.
245 3346 284 3410 D.
294 3346 370 3410 ibid.
380 3347 400 3425 ξ
410 3346 438 3409 3.
454 3343 616 3408 —Libris
633 3393 656 3408 ..
670 3343 788 3427 legatis
802 3342 1015 3406 bibliothecas
1030 3364 1096 3406 non

93 3435 241 3499 contineri
265 3433 404 3499 Sabinus
433 3432 553 3498 scribit,
598 3432 684 3496 idem
712 3434 745 3495 et
768 3429 912 3512 Cassius3
940 3431 987 3495 ait
1011 3430 1095 3494 enim

91 3524 287 3588 membranas
315 3544 396 3607 quae
422 3523 559 3607 scriptae
583 3522 662 3605 sint,
690 3517 862 3596 contineri,
890 3519 1010 3602 <puras
1032 3539 1099 3582 non

137 3637 231 3686 Iurlrpr.
245 3637 364 3677 antehadr.
378 3635 426 3676 rell.
441 3636 474 3676 ed.
488 3637 588 3677 Bremor.
610 3635 641 3688 H,
652 3635 671 3676 2.
872 3628 891 3680 4
