2430 3944
380 179 406 229 4.
429 173 460 228 la.
479 173 663 230 NERATIUS
680 172 828 230 PRISOUS
1041 173 1106 238 297

183 341 242 401 Η11
282 342 410 401 maxime
446 342 531 401 libris
567 337 685 401 Neratii
721 335 887 418 ‘responsa'
924 361 942 402 a
976 345 1107 420 posteris

94 430 257 490 memoriae
274 430 395 507 prodita
413 430 515 490 deberi
532 430 710 489 credendum
730 434 783 491 est.
819 432 988 492 afferuntur
1004 437 1107 494 autem

95 538 114 579 a
136 518 227 579 Celso
253 518 275 579 l.
293 518 422 578 XXXIII
444 518 638 596 Digestorum
660 519 696 579 D.
713 522 831 597 50,17,
847 522 908 581 191
937 513 1106 599 (Neratius

96 607 252 668 consultus
268 653 274 666 .
290 653 297 666 .
313 655 319 666 .
334 599 524 689 respondJ't’),
546 627 565 665 a
586 607 750 685 Pomponio
773 608 859 668 libris
882 609 930 668 ΠΙ
952 613 983 669 11
1001 610 1045 668 IV
1069 611 1108 672 ad

96 696 242 757 Sabinum
258 695 296 755 D.
313 697 364 773 35,
380 701 408 772 1,
423 698 452 770 6,
469 699 485 755 1
502 699 534 757 11
546 696 582 757 D.
598 699 649 769 30,
667 699 706 757 13
726 691 897 776 (Neratius
915 692 1107 780 respondit'),

97 804 115 845 a
140 783 308 861 Papiniano
340 786 360 844 l.
380 783 469 844 XVII
501 788 532 844 et
557 785 702 845 XXXVII
729 785 946 856 Quaestionum
972 787 1008 847 D.
1030 790 1058 861 7,
1079 792 1108 860 1,

99 876 193 951 33pr.
220 866 391 955 (³Neratius
411 866 674 956 ..1111111111’);
705 874 743 934 D.
761 876 792 951 4,
814 877 843 951 3,
864 878 904 936 19
938 868 1108 955 (Neratius

97 962 219 1022 Priscus
251 966 282 1022 et
312 962 448 1022 Iulianus
480 955 739 1045 responderunt’),
774 983 793 1022 a
825 957 919 1023 Paulo
951 963 1039 1022 1.1v
1070 965 1109 1024 ad

99 1050 243 1110 Sabinum
266 1051 302 1110 D.
318 1053 368 1127 33,
384 1054 413 1128 7,
430 1052 513 1128 13,1
539 1043 707 1131 (Neratius
729 1043 925 1134 respondit'),
948 1052 968 1111 1.
987 1053 1047 1111 XII
1070 1054 1109 1112 ad

99 1139 229 1199 edictum
254 1138 291 1198 D.
311 1141 363 1217 41,
383 1142 411 1215 3,
427 1142 499 1216 8pr.
529 1134 655 1219 (Labeo
682 1140 825 1200 Neratius
852 1134 1108 1218 responderunt'),

98 1229 118 1287 I
131 1228 147 1287 I
161 1227 200 1288 ad
212 1227 371 1288 Neratium
384 1228 420 1288 D.
435 1230 487 1305 47,
504 1230 553 1299 19,
570 1231 588 1289 6
603 1220 820 1311 (respondit),
839 1228 987 1307 Ulpianus
1001 1231 1021 1291 l.
1037 1230 1109 1289 XIX

100 1317 137 1376 ad
158 1316 290 1376 edictum
313 1316 348 1375 D.
364 1320 414 1395 10,
431 1319 459 1395 2,
474 1319 525 1392 20,
541 1321 558 1377 7
583 1311 751 1392 (Neratius
766 1363 773 1377 .
788 1363 795 1378 .
810 1310 1000 1401 respondit').

186 1405 342 1480 Responsa
363 1406 525 1465 maximam
546 1409 665 1481 partem
686 1407 724 1466 de
746 1407 812 1467 iure
834 1407 916 1467 oivili
938 1406 1012 1467 data
1028 1411 1109 1482 sunt,

102 1493 210 1553 additis
232 1494 385 1554 nonnullis
409 1494 457 1555 vel
481 1495 518 1552 de
539 1491 657 1570 peculio
681 1496 729 1555 vel
751 1495 843 1554 dein
865 1515 929 1555 rem
952 1515 1048 1573 verso,
1071 1496 1108 1555 de

103 1582 208 1659 quibus
230 1581 321 1642 rebus
344 1583 392 1644 rel
413 1581 589 1642 Iavolenum
610 1583 697 1643 libris
720 1603 755 1643 ex
777 1582 879 1644 Cassio
902 1584 1012 1644 dixisse
1033 1585 1109 1646 vidi-

102 1689 174 1730 mus.
217 1671 323 1730 1111111
339 1671 473 1747 priorum
491 1671 566 1730 iuris
585 1671 792 1731 consultorum
810 1672 983 1747 sententias,
1006 1692 1050 1732 en
1064 1693 1109 1751 gr.

101 1758 228 1819 Fulcinii
261 1751 313 1840 (D.
333 1761 389 1837 39,
409 1762 442 1838 6,
461 1751 519 1838 43)
558 1761 602 1835 11,
633 1763 671 1818 ut
701 1760 835 1820 conicere
866 1760 951 1839 11161,
989 1761 1110 1822 Proculi

103 1839 150 1926 (D.
167 1849 218 1924 34,
233 1850 262 1920 2,
278 1850 329 1924 32,
344 1839 379 1928 5)
403 1852 435 1907 11
456 1847 604 1907 Labeonis
628 1840 677 1929 (D.
691 1849 743 1921 41,
759 1850 789 1925 3,
804 1840 899 1927 8pr.).

188 1935 233 1995 De
252 1936 358 1995 iisdem
376 1937 466 1996 rebus
484 1936 516 1994 in
533 1936 671 2012 pluribus
684 1936 837 1996 interdum
850 1936 936 1995 libris
949 1936 1111 1998 Neratium

104 2023 211 2085 dixisse
234 2024 384 2101 Ulpianus
411 2025 499 2085 testis
527 2027 573 2084 est
596 2016 646 2105 (D.
663 2026 713 2100 14,
729 2027 758 2099 6,
775 2021 873 2105 7pr.);
901 2025 980 2102 quod
1008 2030 1111 2086 autem

104 2115 268 2190 exemplum
296 2114 397 2193 affert,
423 2114 454 2172 id
482 2114 520 2173 ad
548 2114 841 2172 senatusconsultum
862 2113 1109 2174 Macedonianum

102 2203 240 2277 pertinet.
286 2202 366 2278 quod
393 2202 532 2261 similiter
560 2202 727 2279 delegatis
751 2206 782 2261 et
803 2202 901 2279 primo
925 2211 957 2261 et
979 2203 1109 2262 secundo

103 2290 177 2350 libro
214 2290 374 2350 Neratium
419 2291 530 2350 dixisse
570 2290 708 2366 pluribus
744 2290 922 2368 fragmentis
957 2292 1110 2369 probatur,

104 2379 215 2456 singuli
237 2379 308 2438 libri
331 2379 493 2454 separatim
516 2381 547 2439 et
570 2379 709 2455 deinceps
732 2379 806 2438 editi
827 2379 976 2440 videntur.

190 2468 298 2527 Restat
324 2471 359 2526 ut
387 2468 423 2527 de
445 2468 552 2527 incerti
574 2467 731 2527 cuiusdam
754 2468 852 2544 operis
874 2469 1043 2545 fragmento
1065 2468 1111 2529 vi·

102 2556 238 2634 deamus,
278 2574 376 2615 nonne
411 2556 634 2631 Responsorum
675 2555 760 2614 libris
799 2556 1025 2616 attribuendum
1062 2558 1110 2617 sit.

102 2644 216 2704 Paulus
248 2645 328 2703 enim
356 2645 376 2705 l.
395 2644 467 2702 XIV
495 2645 717 2720 Responsorum
744 2644 780 2704 D.
800 2646 851 2721 22,
872 2648 900 2722 1,
921 2647 1009 2721 14,1
1038 2646 1111 2705 haec

102 2733 195 2792 tradit
220 2727 238 2792 ³.
254 2776 282 2793 ..
302 2733 416 2792 Paulus
439 2734 594 2808 respondit
611 2780 618 2793 .
634 2777 662 2793 ..
682 2732 825 2793 Neratius
847 2733 925 2793 libro
948 2735 1044 2809 primo
1066 2735 1111 2793 ita

103 2823 217 2882 refert.
234 2815 275 2881 ..'
316 2821 424 2898 quibus
447 2822 547 2880 verbis
569 2822 792 2897 Responsorum
815 2822 926 2880 librum
949 2822 1112 2900 significari

103 2911 165 2969 reri
184 2910 368 2970 simillimum
386 2911 514 2988 videtur,
537 2911 674 2986 quamvis
693 2910 821 2969 Paulum
839 2910 870 2969 in
888 2910 1112 2987 Responsorum

105 3017 220 3075 quoque
230 2999 316 3058 libris
326 2998 442 3057 Neratii
451 3017 594 3074 responsa
603 2999 741 3058 attulisse
751 2999 851 3074 nullis,
861 3003 1007 3075 quantum
1015 3000 1111 3076 rideo,

104 3090 259 3162 praeterea
272 3086 453 3147 testimoniis
466 3087 617 3162 probetur.
646 3090 678 3146 at
691 3089 722 3145 in
735 3088 783 3147 his
796 3087 869 3163 ipsis
883 3088 969 3148 libris
982 3088 1111 3148 Paulum

104 3194 246 3252 responsa
263 3176 439 3253 neglexisse,
458 3194 535 3252 quae
552 3177 602 3235 vel
619 3176 650 3234 in
664 3176 732 3235 aliis
752 3176 865 3249 attulit,
881 3195 969 3236 nemo
982 3178 1110 3253 putabit.

191 3264 353 3323 Librorum
379 3265 549 3339 fragmenta
575 3264 736 3323 secundum
760 3264 955 3324 Sabinianum
978 3266 1112 3325 ordinem

104 3353 295 3428 proponenda
317 3352 397 3412 duxi.
420 3353 590 3430 fragmenta
612 3371 704 3429 supra
726 3373 755 3428 p.
770 3354 833 3413 293
857 3353 953 3412 relata
976 3353 1111 3430 quamvis

106 3441 169 3500 fieri
187 3441 329 3518 potuerit,
347 3445 384 3501 ut
401 3441 467 3518 ipsa
486 3460 604 3518 quoque
621 3441 653 3499 in
668 3441 889 3518 Responsorum
907 3441 1000 3501 libros
1018 3441 1112 3518 recip-

107 3534 235 3608 erentur,
258 3533 314 3590 hoo
336 3531 401 3591 loco
425 3548 484 3589 non
506 3532 618 3589 iterum
639 3531 790 3605 proposui
