2438 3930
184 198 230 254 IV.
251 197 347 263 QUAE
366 197 532 253 anderrn
550 197 655 266 SUNT,
674 198 917 255 PLACUERUNT
936 197 1014 254 Ero,
1042 198 1107 262 575

140 397 198 462 iv.
233 396 352 473 oonn
377 394 579 462 saonem
603 394 727 480 suns,
756 396 1065 481 1111111111,

338 500 570 607 sonemus
599 501 867 580 sinrmnoon.

176 651 231 709 Ex
262 649 337 710 Gaio
369 654 486 710 tantum
521 651 620 727 recepi
652 668 729 727 quae
760 644 933 727 ‘plaouisse'
962 650 1110 727 dicuntur,

95 760 166 800 oum
189 739 250 798 alia
274 739 375 816 spuria
398 757 464 798 esee
487 739 611 815 possint.
670 780 673 786 -
1027 730 1032 740 '

397 896 424 958 1.
447 893 503 958 Ad
526 898 584 958 tus
603 892 810 976 publicum.

372 1017 422 1083 De
444 1019 653 1084 constitutione
670 1019 834 1102 principis.

193 1146 218 1207 1.
264 1140 335 1207 Gai.
361 1144 389 1227 1,
413 1143 443 1207 5.
477 1179 516 1189 -
551 1141 748 1208 Constitutio
777 1142 926 1226 principis
955 1140 1111 1223 estquod

98 1234 279 1315 imperator
314 1235 441 1297 decreto
474 1232 525 1297 vel
554 1232 658 1297 edicto
688 1232 739 1297 vel
767 1232 905 1315 epistula
935 1230 1111 1296 constituit.

96 1342 155 1385 nee
178 1342 330 1404 umquem
355 1321 533 1387 debitatnm
552 1325 611 1403 est,
635 1326 711 1405 quin
728 1320 771 1394 >id
798 1320 880 1404 legis
903 1324 1003 1384 vicem
1028 1319 1111 1402 opti-

95 1413 180 1491 neat·
465 1498 516 1563 De
537 1499 737 1562 desuetudine.
798 1469 801 1474 .

187 1613 217 1676 2.
249 1611 289 1676 D.
319 1615 347 1696 1,
375 1613 405 1696 3,
421 1615 486 1695 32,
511 1612 540 1679 1.
560 1611 713 1677 -Iulianus
745 1612 830 1677 libro
858 1609 1027 1678 LXXXIV
1054 1610 1112 1676 Di-

99 1703 273 1786 gestorum.
305 1737 347 1747 —
465 1700 543 1764 illud
577 1706 739 1784 receptum
771 1705 832 1784 est,
865 1705 902 1764 ut
929 1702 1019 1785 leges
1048 1722 1112 1765 non
1214 1752 1217 1756 .

99 1789 205 1853 sotum
225 1787 381 1873 suffragio
400 1788 621 1872 legislatoris,
645 1788 700 1852 sed
720 1787 818 1853 etiam
835 1789 935 1855 tacito
956 1810 1111 1854 consensu

99 1878 244 1941 omnium
267 1898 324 1961 per
348 1877 587 1942 desuetudinem
612 1878 819 1962 abrogentur.
926 1916 929 1921 ·

189 1965 218 2029 3.
242 1964 280 2029 1).
299 1967 352 2050 48,
367 1967 397 2051 3,
415 1967 508 2046 llpr.
532 1963 645 2031 Celsus
664 1966 749 2031 libro
767 1965 960 2049 trigensimo
975 1963 1111 2048 septimo

99 2054 314 2138 Digestorum.
344 2091 387 2101 -
417 2054 491 2119 Non
520 2058 569 2118 est
598 2054 740 2138 dubium,
769 2055 854 2139 quin,
884 2053 1117 2137 cuiuscumque.

99 2150 150 2207 est
163 2143 348 2228 provinciae
367 2143 472 2227 homo,
492 2144 548 2226 qui
567 2165 604 2208 ex
622 2142 769 2208 custodia
785 2144 980 2227 producitur,
995 2162 1112 2226 eogno-

99 2253 189 2295 soere
213 2231 327 2296 debeat
349 2233 387 2316 ie,
410 2232 465 2316 qui
494 2231 522 2295 ei
541 2231 724 2315 provinciae
742 2235 881 2317 praeest,
903 2232 937 2294 in
956 2252 1020 2314 qua
1039 2251 1113 2313 pro-

98 2319 206 2386 vincia
229 2321 343 2405 agitur.

394 2411 422 2474 2.
446 2409 502 2474 Ad
525 2410 585 2474 ius
608 2411 813 2494 privatum.
904 2431 907 2436 ’

452 2530 485 2621 1)
509 2533 560 2597 Ad
583 2534 756 2599 iueoivile.

472 2647 522 2714 De
545 2650 738 2715 testamentis.

192 2757 222 2818 4.
247 2752 449 2840 (1111105.
471 2793 510 2802 -
531 2755 570 2818 In
589 2756 770 2821 testibus..
789 2777 851 2819 non
875 2754 971 2819 debet
993 2760 1020 2818 is
1045 2775 1113 2817 esee

102 2844 160 2928 qui
184 2844 218 2907 in
241 2847 401 2927 potestate
426 2847 476 2908 est
504 2849 560 2908 aut
582 2844 728 2908 familiae
756 2844 911 2927 emptoris
935 2846 991 2908 aut
1013 2842 1113 2926 ipsius

101 2932 274 3016 testatoris,
298 2931 374 3016 quia
476 2936 581 2997 totum
609 2932 671 2997 hoo
699 2934 865 3017 negotium
897 2932 982 3015 quod
1007 2931 1115 3014 agitur

102 3020 293 3085 testamenti
325 3021 498 3084 ordinandi
529 3021 647 3106 gratia,
684 3021 823 3085 ereditur
855 3021 939 3084 inter
971 3018 1114 3082 familiae

103 3118 285 3192 emptorem
316 3110 370 3193 agi
402 3113 435 3173 et
466 3111 732 3175 testatorem
763 3109 872 3194 itaque
904 3108 1114 3192 reprobatum

102 3202 154 3262 eet
175 3199 208 3261 111
232 3220 268 3262 ea
287 3220 325 3261 re
349 3197 559 3262 domesticum
581 3198 811 3262 testimonium.

195 3288 224 3351 5.
261 3285 330 3351 Gai.
359 3287 389 3370 2,
415 3287 486 3350 117.
521 3323 559 3332 -
594 3284 754 3350 Solemnis
784 3336 816 3349 ..
844 3285 1006 3366 institutio
1034 3284 1115 3349 haee

104 3380 157 3440 est
179 3373 295 3439 ‘Titius
318 3375 410 3439 heres
429 3373 520 3440 esto'.
544 3373 598 3438 se'd
622 3375 733 3439 stilla
755 3377 820 3438 iam
840 3374 1049 3458 comprobata
1069 3374 1114 3437 vi·

103 3464 199 3528 detur
227 3462 360 3528 ‘Titium
393 3462 541 3527 heredem
575 3485 645 3528 esse
677 3462 792 3527 iubeo'.
824 3466 857 3525 at
883 3462 940 3526 1111
967 3484 1030 3525 non
1064 3466 1116 3525 est

105 3553 319 3637 comprobata
343 3551 478 3616 ‘Titium
506 3551 653 3617 heredem
682 3573 751 3616 esee
780 3549 875 3615 volo'.
903 3552 957 3635 sed
987 3555 1019 3613 et
1041 3551 1115 3613 illae
