<?xml version="1.0" encoding="UTF-8"?>
<!DOCTYPE html PUBLIC "-//W3C//DTD XHTML 1.0 Transitional//EN"
    "http://www.w3.org/TR/xhtml1/DTD/xhtml1-transitional.dtd">
<html xmlns="http://www.w3.org/1999/xhtml" xml:lang="en" lang="en">
 <head>
  <title>
</title>
<meta http-equiv="Content-Type" content="text/html;charset=utf-8" />
  <meta name='ocr-system' content='tesseract 3.04.00' />
  <meta name='ocr-capabilities' content='ocr_page ocr_carea ocr_par ocr_line ocrx_word'/>
</head>
<body>
  <div class='ocr_page' id='page_1' title='image "./iurisprudentiae02bremgoog_0474.png"; bbox 0 0 2430 3944; ppageno 0'>
   <div class='ocr_carea' id='block_1_1' title="bbox 349 177 1070 244">
    <p class='ocr_par' dir='ltr' id='par_1_1' title="bbox 349 177 1070 244">
     <span class='ocr_line' id='line_1_1' title="bbox 349 177 1070 244; baseline 0.003 -10"><span class='ocrx_word' id='word_1_1' title='bbox 349 185 374 235; x_wconf 81' lang='lat'><strong>6.</strong></span> <span class='ocrx_word' id='word_1_2' title='bbox 397 177 605 235; x_wconf 81' lang='lat' dir='ltr'><strong>IAVOLDNUS</strong></span> <span class='ocrx_word' id='word_1_3' title='bbox 623 178 772 235; x_wconf 83' lang='lat' dir='ltr'><strong>PRISCUS</strong></span> <span class='ocrx_word' id='word_1_4' title='bbox 1003 179 1070 244; x_wconf 87' lang='grc'><strong><em>441</em></strong></span> 
     </span>
    </p>
   </div>
   <div class='ocr_carea' id='block_1_2' title="bbox 415 341 711 538">
    <p class='ocr_par' dir='ltr' id='par_1_2' title="bbox 415 341 711 538">
     <span class='ocr_line' id='line_1_2' title="bbox 469 341 659 426; baseline -0.005 -18"><span class='ocrx_word' id='word_1_5' title='bbox 469 341 519 408; x_wconf 89' lang='lat' dir='ltr'><strong><em>De</em></strong></span> <span class='ocrx_word' id='word_1_6' title='bbox 543 343 659 426; x_wconf 63' lang='lat' dir='ltr'><strong><em>tenutis.</em></strong></span> 
     </span>
     <span class='ocr_line' id='line_1_3' title="bbox 415 463 711 538; baseline 0 -16"><span class='ocrx_word' id='word_1_7' title='bbox 415 463 463 522; x_wconf 89' lang='lat' dir='ltr'><strong><em>De</em></strong></span> <span class='ocrx_word' id='word_1_8' title='bbox 484 465 577 537; x_wconf 81' lang='lat' dir='ltr'><strong><em>fundo</em></strong></span> <span class='ocrx_word' id='word_1_9' title='bbox 600 464 711 538; x_wconf 66' lang='lat' dir='ltr'><strong><em>leuato?</em></strong></span> 
     </span>
    </p>
   </div>
   <div class='ocr_carea' id='block_1_3' title="bbox 52 571 1075 746">
    <p class='ocr_par' dir='ltr' id='par_1_3' title="bbox 52 571 1075 746">
     <span class='ocr_line' id='line_1_4' title="bbox 147 571 1072 655; baseline 0 -17"><span class='ocrx_word' id='word_1_10' title='bbox 147 573 178 638; x_wconf 82' lang='lat'><strong>5.</strong></span> <span class='ocrx_word' id='word_1_11' title='bbox 200 571 241 639; x_wconf 90' lang='grc' dir='ltr'><strong><em>Ι).</em></strong></span> <span class='ocrx_word' id='word_1_12' title='bbox 255 573 308 655; x_wconf 90' lang='grc'><strong><em>33,</em></strong></span> <span class='ocrx_word' id='word_1_13' title='bbox 323 574 352 655; x_wconf 92' lang='grc'><strong><em>7,</em></strong></span> <span class='ocrx_word' id='word_1_14' title='bbox 370 575 418 639; x_wconf 89' lang='grc'><strong>11.</strong></span> <span class='ocrx_word' id='word_1_15' title='bbox 454 571 625 638; x_wconf 82' lang='lat' dir='ltr'><strong><em>Iavolenus</em></strong></span> <span class='ocrx_word' id='word_1_16' title='bbox 640 573 724 638; x_wconf 89' lang='lat' dir='ltr'><strong><em>libro</em></strong></span> <span class='ocrx_word' id='word_1_17' title='bbox 739 573 880 638; x_wconf 78' lang='lat' dir='ltr'><strong><em>secundo</em></strong></span> <span class='ocrx_word' id='word_1_18' title='bbox 896 595 934 638; x_wconf 85' lang='lat' dir='ltr'><strong><em>ex</em></strong></span> <span class='ocrx_word' id='word_1_19' title='bbox 948 571 1072 639; x_wconf 80' lang='lat' dir='ltr'><strong><em>Cassio.</em></strong></span> 
     </span>
     <span class='ocr_line' id='line_1_5' title="bbox 52 661 1075 746; baseline 0 -18"><span class='ocrx_word' id='word_1_20' title='bbox 52 699 98 709; x_wconf 96' lang='lat'>-</span> <span class='ocrx_word' id='word_1_21' title='bbox 121 662 245 728; x_wconf 86' lang='lat' dir='ltr'><strong><em>Eadem</em></strong></span> <span class='ocrx_word' id='word_1_22' title='bbox 267 662 349 726; x_wconf 89' lang='lat' dir='ltr'><strong><em>ratio</em></strong></span> <span class='ocrx_word' id='word_1_23' title='bbox 371 663 467 727; x_wconf 86' lang='lat' dir='ltr'><strong><em>estin</em></strong></span> <span class='ocrx_word' id='word_1_24' title='bbox 485 661 602 746; x_wconf 72' lang='lat' dir='ltr'><strong><em>animm,</em></strong></span> <span class='ocrx_word' id='word_1_25' title='bbox 624 663 755 745; x_wconf 79' lang='lat' dir='ltr'><strong><em>quaein</em></strong></span> <span class='ocrx_word' id='word_1_26' title='bbox 773 663 887 728; x_wconf 86' lang='lat' dir='ltr'><strong><em>insutis</em></strong></span> <span class='ocrx_word' id='word_1_27' title='bbox 903 663 1075 728; x_wconf 75' lang='lat' dir='ltr'><strong><em>maritimis</em></strong></span> 
     </span>
    </p>
   </div>
   <div class='ocr_carea' id='block_1_4' title="bbox 53 752 783 925">
    <p class='ocr_par' dir='ltr' id='par_1_4' title="bbox 53 752 783 925">
     <span class='ocr_line' id='line_1_6' title="bbox 53 752 196 817; baseline -0.021 0"><span class='ocrx_word' id='word_1_28' title='bbox 53 752 196 817; x_wconf 82' lang='lat' dir='ltr'><strong><em>utuntur.</em></strong></span> 
     </span>
     <span class='ocr_line' id='line_1_7' title="bbox 146 835 783 925; baseline -0.002 -21"><span class='ocrx_word' id='word_1_29' title='bbox 146 844 183 904; x_wconf 80' lang='lat' dir='ltr'><strong><em>ef.</em></strong></span> <span class='ocrx_word' id='word_1_30' title='bbox 203 842 284 904; x_wconf 79' lang='lat' dir='ltr'><strong><em>Cass.</em></strong></span> <span class='ocrx_word' id='word_1_31' title='bbox 303 843 340 904; x_wconf 90' lang='lat' dir='ltr'><strong><em>D.</em></strong></span> <span class='ocrx_word' id='word_1_32' title='bbox 360 846 389 920; x_wconf 90' lang='grc'><strong><em>7,</em></strong></span> <span class='ocrx_word' id='word_1_33' title='bbox 410 846 438 920; x_wconf 93' lang='grc'><strong><em>1,</em></strong></span> <span class='ocrx_word' id='word_1_34' title='bbox 458 846 487 921; x_wconf 86' lang='grc'><strong><em>9,</em></strong></span> <span class='ocrx_word' id='word_1_35' title='bbox 507 845 526 904; x_wconf 85' lang='grc'><em>5</em></span> <span class='ocrx_word' id='word_1_36' title='bbox 546 836 637 925; x_wconf 87' lang='lat'>(11,1</span> <span class='ocrx_word' id='word_1_37' title='bbox 658 864 688 920; x_wconf 87' lang='lat' dir='ltr'><strong>p.</strong></span> <span class='ocrx_word' id='word_1_38' title='bbox 706 835 783 924; x_wconf 60' lang='lat'><strong>44).</strong></span> 
     </span>
    </p>
   </div>
   <div class='ocr_carea' id='block_1_5' title="bbox 430 1003 701 1077">
    <p class='ocr_par' dir='ltr' id='par_1_5' title="bbox 430 1003 701 1077">
     <span class='ocr_line' id='line_1_8' title="bbox 430 1003 701 1077; baseline 0 -14"><span class='ocrx_word' id='word_1_39' title='bbox 430 1003 477 1063; x_wconf 86' lang='lat' dir='ltr'><strong><em>De</em></strong></span> <span class='ocrx_word' id='word_1_40' title='bbox 498 1021 580 1063; x_wconf 86' lang='lat' dir='ltr'><strong><em>seruo</em></strong></span> <span class='ocrx_word' id='word_1_41' title='bbox 603 1005 701 1077; x_wconf 69' lang='lat' dir='ltr'><strong><em>leuato.</em></strong></span> 
     </span>
    </p>
   </div>
   <div class='ocr_carea' id='block_1_6' title="bbox 54 1103 1075 1456">
    <p class='ocr_par' dir='ltr' id='par_1_6' title="bbox 54 1103 1075 1456">
     <span class='ocr_line' id='line_1_9' title="bbox 147 1103 1073 1189; baseline 0 -19"><span class='ocrx_word' id='word_1_42' title='bbox 147 1105 178 1170; x_wconf 84' lang='lat'><strong>6.</strong></span> <span class='ocrx_word' id='word_1_43' title='bbox 201 1104 239 1169; x_wconf 91' lang='lat' dir='ltr'><strong>D.</strong></span> <span class='ocrx_word' id='word_1_44' title='bbox 254 1105 308 1187; x_wconf 84' lang='lat'><strong><em>31,</em></strong></span> <span class='ocrx_word' id='word_1_45' title='bbox 322 1105 374 1171; x_wconf 86' lang='grc'><strong><em>37.</em></strong></span> <span class='ocrx_word' id='word_1_46' title='bbox 409 1103 581 1170; x_wconf 81' lang='lat' dir='ltr'><strong><em>Iavolenus</em></strong></span> <span class='ocrx_word' id='word_1_47' title='bbox 602 1104 685 1169; x_wconf 90' lang='lat' dir='ltr'><strong><em>libro</em></strong></span> <span class='ocrx_word' id='word_1_48' title='bbox 705 1104 810 1189; x_wconf 89' lang='lat' dir='ltr'><strong><em>primo</em></strong></span> <span class='ocrx_word' id='word_1_49' title='bbox 830 1126 868 1169; x_wconf 87' lang='lat' dir='ltr'><strong><em>ex</em></strong></span> <span class='ocrx_word' id='word_1_50' title='bbox 888 1103 1010 1170; x_wconf 81' lang='lat' dir='ltr'><strong><em>Cassio.</em></strong></span> <span class='ocrx_word' id='word_1_51' title='bbox 1029 1140 1073 1151; x_wconf 97' lang='lat'><em>-</em></span> 
     </span>
     <span class='ocr_line' id='line_1_10' title="bbox 57 1194 1074 1277; baseline -0.001 -18"><span class='ocrx_word' id='word_1_52' title='bbox 57 1194 121 1277; x_wconf 77' lang='lat' dir='ltr'><strong><em>Qui</em></strong></span> <span class='ocrx_word' id='word_1_53' title='bbox 153 1197 329 1259; x_wconf 86' lang='lat' dir='ltr'><strong><em>testamenta</em></strong></span> <span class='ocrx_word' id='word_1_54' title='bbox 361 1194 513 1259; x_wconf 78' lang='lat' dir='ltr'><strong><em>inutiliter</em></strong></span> <span class='ocrx_word' id='word_1_55' title='bbox 539 1195 752 1262; x_wconf 70' lang='lat' dir='ltr'><strong><em>manumissus</em></strong></span> <span class='ocrx_word' id='word_1_56' title='bbox 778 1199 824 1259; x_wconf 90' lang='lat' dir='ltr'><strong><em>est</em></strong></span> <span class='ocrx_word' id='word_1_57' title='bbox 849 1195 946 1277; x_wconf 67' lang='lat' dir='ltr'><strong><em>leuari</em></strong></span> <span class='ocrx_word' id='word_1_58' title='bbox 973 1195 1074 1259; x_wconf 89' lang='lat' dir='ltr'><strong><em>eodem</em></strong></span> 
     </span>
     <span class='ocr_line' id='line_1_11' title="bbox 56 1282 1075 1366; baseline -0.001 -17"><span class='ocrx_word' id='word_1_59' title='bbox 56 1288 236 1349; x_wconf 85' lang='lat' dir='ltr'><strong><em>testamento</em></strong></span> <span class='ocrx_word' id='word_1_60' title='bbox 248 1287 355 1364; x_wconf 84' lang='lat' dir='ltr'><strong><em>potest,</em></strong></span> <span class='ocrx_word' id='word_1_61' title='bbox 373 1284 449 1364; x_wconf 84' lang='lat' dir='ltr'><strong><em>quin</em></strong></span> <span class='ocrx_word' id='word_1_62' title='bbox 468 1283 576 1348; x_wconf 87' lang='lat' dir='ltr'><strong><em>totiens</em></strong></span> <span class='ocrx_word' id='word_1_63' title='bbox 593 1282 747 1366; x_wconf 78' lang='lat' dir='ltr'><strong><em>efficacior</em></strong></span> <span class='ocrx_word' id='word_1_64' title='bbox 764 1288 810 1349; x_wconf 91' lang='lat' dir='ltr'><strong><em>est</em></strong></span> <span class='ocrx_word' id='word_1_65' title='bbox 826 1283 950 1348; x_wconf 67' lang='lat' dir='ltr'><strong><em>tibertus</em></strong></span> <span class='ocrx_word' id='word_1_66' title='bbox 969 1283 1075 1366; x_wconf 67' lang='lat' dir='ltr'><strong><em>leuato,</em></strong></span> 
     </span>
     <span class='ocr_line' id='line_1_12' title="bbox 54 1372 503 1456; baseline -0.007 -17"><span class='ocrx_word' id='word_1_67' title='bbox 54 1373 196 1456; x_wconf 67' lang='lat' dir='ltr'><strong><em>audieus</em></strong></span> <span class='ocrx_word' id='word_1_68' title='bbox 217 1372 335 1437; x_wconf 78' lang='lat' dir='ltr'><strong><em>utiliter</em></strong></span> <span class='ocrx_word' id='word_1_69' title='bbox 356 1373 431 1436; x_wconf 90' lang='lat' dir='ltr'><strong><em>data</em></strong></span> <span class='ocrx_word' id='word_1_70' title='bbox 453 1375 503 1437; x_wconf 87' lang='lat' dir='ltr'><strong><em>est.</em></strong></span> 
     </span>
    </p>
   </div>
   <div class='ocr_carea' id='block_1_7' title="bbox 480 1571 650 1633">
    <p class='ocr_par' dir='ltr' id='par_1_7' title="bbox 480 1571 650 1633">
     <span class='ocr_line' id='line_1_13' title="bbox 480 1571 650 1633; baseline 0.018 -3"><span class='ocrx_word' id='word_1_71' title='bbox 480 1571 589 1631; x_wconf 83' lang='lat' dir='ltr'><strong><em>Liber</em></strong></span> <span class='ocrx_word' id='word_1_72' title='bbox 611 1571 650 1633; x_wconf 91' lang='lat' dir='ltr'><strong><em>H.</em></strong></span> 
     </span>
    </p>
   </div>
   <div class='ocr_carea' id='block_1_8' title="bbox 431 1689 704 1886">
    <p class='ocr_par' dir='ltr' id='par_1_8' title="bbox 431 1689 704 1886">
     <span class='ocr_line' id='line_1_14' title="bbox 471 1689 660 1774; baseline 0 -19"><span class='ocrx_word' id='word_1_73' title='bbox 471 1689 522 1755; x_wconf 89' lang='lat' dir='ltr'><strong><em>De</em></strong></span> <span class='ocrx_word' id='word_1_74' title='bbox 544 1692 660 1774; x_wconf 66' lang='lat' dir='ltr'><strong><em>leuatis.</em></strong></span> 
     </span>
     <span class='ocr_line' id='line_1_15' title="bbox 431 1811 704 1886; baseline 0 -16"><span class='ocrx_word' id='word_1_75' title='bbox 431 1811 479 1870; x_wconf 89' lang='lat' dir='ltr'><strong><em>De</em></strong></span> <span class='ocrx_word' id='word_1_76' title='bbox 501 1828 583 1870; x_wconf 85' lang='lat' dir='ltr'><strong><em>seruo</em></strong></span> <span class='ocrx_word' id='word_1_77' title='bbox 605 1813 704 1886; x_wconf 64' lang='lat' dir='ltr'><strong><em>tenuta.</em></strong></span> 
     </span>
    </p>
   </div>
   <div class='ocr_carea' id='block_1_9' title="bbox 57 1918 1078 2361">
    <p class='ocr_par' dir='ltr' id='par_1_9' title="bbox 57 1918 1078 2361">
     <span class='ocr_line' id='line_1_16' title="bbox 152 1918 1075 2005; baseline 0.003 -22"><span class='ocrx_word' id='word_1_78' title='bbox 152 1921 181 1986; x_wconf 95' lang='grc'><strong>7.</strong></span> <span class='ocrx_word' id='word_1_79' title='bbox 204 1918 245 1984; x_wconf 93' lang='lat' dir='ltr'><strong><em>D.</em></strong></span> <span class='ocrx_word' id='word_1_80' title='bbox 260 1919 312 2005; x_wconf 82' lang='grc'><strong><em>33,</em></strong></span> <span class='ocrx_word' id='word_1_81' title='bbox 326 1919 357 2002; x_wconf 87' lang='grc'><strong><em>5,</em></strong></span> <span class='ocrx_word' id='word_1_82' title='bbox 373 1921 423 1985; x_wconf 88' lang='grc'><strong><em>14.</em></strong></span> <span class='ocrx_word' id='word_1_83' title='bbox 460 1920 631 1985; x_wconf 81' lang='lat' dir='ltr'><strong><em>Iavolenus</em></strong></span> <span class='ocrx_word' id='word_1_84' title='bbox 645 1921 728 1986; x_wconf 91' lang='lat' dir='ltr'><strong><em>libro</em></strong></span> <span class='ocrx_word' id='word_1_85' title='bbox 744 1922 883 1987; x_wconf 85' lang='lat' dir='ltr'><strong><em>seeundo</em></strong></span> <span class='ocrx_word' id='word_1_86' title='bbox 898 1943 937 1985; x_wconf 85' lang='lat' dir='ltr'><strong><em>ex</em></strong></span> <span class='ocrx_word' id='word_1_87' title='bbox 952 1919 1075 1986; x_wconf 77' lang='lat' dir='ltr'><strong><em>Cassio.</em></strong></span> 
     </span>
     <span class='ocr_line' id='line_1_17' title="bbox 57 2009 1076 2094; baseline 0 -19"><span class='ocrx_word' id='word_1_88' title='bbox 57 2045 113 2073; x_wconf 89' lang='lat'><strong><em>-.</em></strong></span> <span class='ocrx_word' id='word_1_89' title='bbox 127 2009 175 2093; x_wconf 81' lang='lat' dir='ltr'><strong><em>Si,</em></strong></span> <span class='ocrx_word' id='word_1_90' title='bbox 201 2029 272 2074; x_wconf 85' lang='lat' dir='ltr'><strong><em>cnm</em></strong></span> <span class='ocrx_word' id='word_1_91' title='bbox 294 2010 375 2091; x_wconf 81' lang='lat' dir='ltr'><strong><em>optio</em></strong></span> <span class='ocrx_word' id='word_1_92' title='bbox 397 2011 478 2074; x_wconf 84' lang='lat' dir='ltr'><strong><em>serni</em></strong></span> <span class='ocrx_word' id='word_1_93' title='bbox 499 2029 536 2074; x_wconf 79' lang='lat' dir='ltr'><strong><em>ea</em></strong></span> <span class='ocrx_word' id='word_1_94' title='bbox 557 2010 702 2075; x_wconf 87' lang='lat' dir='ltr'><strong><em>uniuersa</em></strong></span> <span class='ocrx_word' id='word_1_95' title='bbox 722 2009 850 2090; x_wconf 76' lang='lat' dir='ltr'><strong><em>familia</em></strong></span> <span class='ocrx_word' id='word_1_96' title='bbox 873 2011 972 2094; x_wconf 72' lang='lat' dir='ltr'><strong><em>teyata</em></strong></span> <span class='ocrx_word' id='word_1_97' title='bbox 994 2014 1076 2089; x_wconf 84' lang='lat' dir='ltr'><strong><em>esset,</em></strong></span> 
     </span>
     <span class='ocr_line' id='line_1_18' title="bbox 58 2097 1077 2180; baseline -0.001 -16"><span class='ocrx_word' id='word_1_98' title='bbox 58 2097 147 2164; x_wconf 76' lang='lat' dir='ltr'><strong><em>iteres</em></strong></span> <span class='ocrx_word' id='word_1_99' title='bbox 169 2098 303 2179; x_wconf 78' lang='lat' dir='ltr'><strong><em>aliquem</em></strong></span> <span class='ocrx_word' id='word_1_100' title='bbox 320 2099 507 2180; x_wconf 75' lang='lat' dir='ltr'><strong><em>priusquam</em></strong></span> <span class='ocrx_word' id='word_1_101' title='bbox 530 2102 686 2180; x_wconf 72' lang='lat' dir='ltr'><strong><em>optaretur</em></strong></span> <span class='ocrx_word' id='word_1_102' title='bbox 708 2100 903 2179; x_wconf 71' lang='lat' dir='ltr'><strong><em>manumisit,</em></strong></span> <span class='ocrx_word' id='word_1_103' title='bbox 925 2099 969 2163; x_wconf 91' lang='lat' dir='ltr'><strong><em>ad</em></strong></span> <span class='ocrx_word' id='word_1_104' title='bbox 989 2099 1077 2163; x_wconf 83' lang='lat' dir='ltr'><strong><em>tiber·</em></strong></span> 
     </span>
     <span class='ocr_line' id='line_1_19' title="bbox 60 2187 1076 2270; baseline -0.003 -17"><span class='ocrx_word' id='word_1_105' title='bbox 60 2192 156 2253; x_wconf 84' lang='lat' dir='ltr'><strong><em>tatem</em></strong></span> <span class='ocrx_word' id='word_1_106' title='bbox 178 2207 247 2252; x_wconf 82' lang='lat' dir='ltr'><strong><em>nrm</em></strong></span> <span class='ocrx_word' id='word_1_107' title='bbox 269 2188 394 2251; x_wconf 81' lang='lat' dir='ltr'><strong><em>iuterim</em></strong></span> <span class='ocrx_word' id='word_1_108' title='bbox 411 2207 475 2252; x_wconf 89' lang='lat' dir='ltr'><strong><em>nan</em></strong></span> <span class='ocrx_word' id='word_1_109' title='bbox 492 2187 642 2270; x_wconf 78' lang='lat' dir='ltr'><strong><em>perducit,</em></strong></span> <span class='ocrx_word' id='word_1_110' title='bbox 664 2208 785 2253; x_wconf 87' lang='lat' dir='ltr'><strong><em>seruum</em></strong></span> <span class='ocrx_word' id='word_1_111' title='bbox 797 2193 906 2252; x_wconf 75' lang='lat' dir='ltr'><strong><em>&#39;tamen</em></strong></span> <span class='ocrx_word' id='word_1_112' title='bbox 924 2207 1012 2269; x_wconf 82' lang='lat' dir='ltr'><strong><em>quem</em></strong></span> <span class='ocrx_word' id='word_1_113' title='bbox 1030 2187 1076 2250; x_wconf 89' lang='lat' dir='ltr'><strong><em>ita</em></strong></span> 
     </span>
     <span class='ocr_line' id='line_1_20' title="bbox 58 2276 1078 2361; baseline -0.002 -20"><span class='ocrx_word' id='word_1_114' title='bbox 58 2277 279 2342; x_wconf 76' lang='lat' dir='ltr'><strong><em>manumiserit</em></strong></span> <span class='ocrx_word' id='word_1_115' title='bbox 301 2276 424 2361; x_wconf 86' lang='lat' dir='ltr'><strong><em>amittit,</em></strong></span> <span class='ocrx_word' id='word_1_116' title='bbox 447 2278 523 2357; x_wconf 82' lang='lat' dir='ltr'><strong><em>quia</em></strong></span> <span class='ocrx_word' id='word_1_117' title='bbox 544 2277 572 2341; x_wconf 91' lang='lat' dir='ltr'><strong><em>is</em></strong></span> <span class='ocrx_word' id='word_1_118' title='bbox 594 2281 651 2341; x_wconf 85' lang='lat' dir='ltr'><strong><em>aut</em></strong></span> <span class='ocrx_word' id='word_1_119' title='bbox 672 2277 779 2342; x_wconf 79' lang='lat' dir='ltr'><strong><em>dectus</em></strong></span> <span class='ocrx_word' id='word_1_120' title='bbox 802 2277 898 2359; x_wconf 67' lang='lat' dir='ltr'><strong><em>leuata</em></strong></span> <span class='ocrx_word' id='word_1_121' title='bbox 921 2277 999 2340; x_wconf 82' lang='lat' dir='ltr'><strong><em>cedit</em></strong></span> <span class='ocrx_word' id='word_1_122' title='bbox 1020 2279 1078 2340; x_wconf 92' lang='lat' dir='ltr'><strong><em>aut</em></strong></span> 
     </span>
    </p>
   </div>
   <div class='ocr_carea' id='block_1_10' title="bbox 55 2364 1076 2539">
    <p class='ocr_par' dir='ltr' id='par_1_10' title="bbox 55 2364 1076 2539">
     <span class='ocr_line' id='line_1_21' title="bbox 55 2364 574 2431; baseline 0 -3"><span class='ocrx_word' id='word_1_123' title='bbox 55 2365 185 2431; x_wconf 77' lang='lat' dir='ltr'><strong><em>relictus</em></strong></span> <span class='ocrx_word' id='word_1_124' title='bbox 207 2369 279 2429; x_wconf 85' lang='lat' dir='ltr'><strong><em>tuna</em></strong></span> <span class='ocrx_word' id='word_1_125' title='bbox 301 2364 376 2429; x_wconf 85' lang='lat' dir='ltr'><strong><em>tiber</em></strong></span> <span class='ocrx_word' id='word_1_126' title='bbox 398 2365 574 2429; x_wconf 81' lang='lat' dir='ltr'><strong><em>ostenditur.</em></strong></span> 
     </span>
     <span class='ocr_line' id='line_1_22' title="bbox 152 2451 1076 2539; baseline 0 -23"><span class='ocrx_word' id='word_1_127' title='bbox 152 2451 181 2518; x_wconf 88' lang='lat'><strong><em>8.</em></strong></span> <span class='ocrx_word' id='word_1_128' title='bbox 210 2452 248 2518; x_wconf 91' lang='lat' dir='ltr'><strong><em>D.</em></strong></span> <span class='ocrx_word' id='word_1_129' title='bbox 263 2453 315 2537; x_wconf 89' lang='grc'><strong><em>31,</em></strong></span> <span class='ocrx_word' id='word_1_130' title='bbox 329 2454 381 2519; x_wconf 89' lang='grc'><strong><em>38.</em></strong></span> <span class='ocrx_word' id='word_1_131' title='bbox 426 2453 515 2517; x_wconf 84' lang='lat' dir='ltr'><strong><em>Idem</em></strong></span> <span class='ocrx_word' id='word_1_132' title='bbox 539 2451 598 2537; x_wconf 83' lang='lat' dir='ltr'><strong>(sc.</strong></span> <span class='ocrx_word' id='word_1_133' title='bbox 622 2451 804 2539; x_wconf 83' lang='lat' dir='ltr'><strong><em>Iavolenus)</em></strong></span> <span class='ocrx_word' id='word_1_134' title='bbox 828 2453 912 2518; x_wconf 85' lang='lat' dir='ltr'><strong><em>libro</em></strong></span> <span class='ocrx_word' id='word_1_135' title='bbox 936 2452 1076 2519; x_wconf 80' lang='lat' dir='ltr'><strong><em>secundo</em></strong></span> 
     </span>
    </p>
   </div>
   <div class='ocr_carea' id='block_1_11' title="bbox 57 2539 1075 2716">
    <p class='ocr_par' dir='ltr' id='par_1_11' title="bbox 57 2539 1075 2716">
     <span class='ocr_line' id='line_1_23' title="bbox 60 2539 1075 2625; baseline -0.002 -17"><span class='ocrx_word' id='word_1_136' title='bbox 60 2564 103 2608; x_wconf 85' lang='lat' dir='ltr'><strong><em>ex</em></strong></span> <span class='ocrx_word' id='word_1_137' title='bbox 131 2539 255 2607; x_wconf 81' lang='lat' dir='ltr'><strong><em>Cassio.</em></strong></span> <span class='ocrx_word' id='word_1_138' title='bbox 288 2577 327 2589; x_wconf 89' lang='lat'><em>-</em></span> <span class='ocrx_word' id='word_1_139' title='bbox 364 2542 452 2623; x_wconf 75' lang='lat' dir='ltr'><strong><em>Quod</em></strong></span> <span class='ocrx_word' id='word_1_140' title='bbox 477 2563 582 2608; x_wconf 78' lang='lat' dir='ltr'><strong><em>seruus</em></strong></span> <span class='ocrx_word' id='word_1_141' title='bbox 609 2543 724 2625; x_wconf 64' lang='lat' dir='ltr'><strong><em>leuatus</em></strong></span> <span class='ocrx_word' id='word_1_142' title='bbox 751 2548 823 2608; x_wconf 88' lang='lat' dir='ltr'><strong><em>ante</em></strong></span> <span class='ocrx_word' id='word_1_143' title='bbox 849 2544 967 2607; x_wconf 85' lang='lat' dir='ltr'><strong><em>aditam</em></strong></span> <span class='ocrx_word' id='word_1_144' title='bbox 994 2541 1075 2606; x_wconf 81' lang='lat' dir='ltr'><strong><em>ture·</em></strong></span> 
     </span>
     <span class='ocr_line' id='line_1_24' title="bbox 57 2630 716 2716; baseline -0.003 -19"><span class='ocrx_word' id='word_1_145' title='bbox 57 2633 187 2697; x_wconf 89' lang='lat' dir='ltr'><strong><em>ditatem</em></strong></span> <span class='ocrx_word' id='word_1_146' title='bbox 210 2631 368 2716; x_wconf 75' lang='lat' dir='ltr'><strong><em>adquisiit,</em></strong></span> <span class='ocrx_word' id='word_1_147' title='bbox 389 2630 548 2695; x_wconf 78' lang='lat' dir='ltr'><strong><em>hereditati</em></strong></span> <span class='ocrx_word' id='word_1_148' title='bbox 570 2633 716 2712; x_wconf 75' lang='lat' dir='ltr'><strong><em>adquirit.</em></strong></span> 
     </span>
    </p>
   </div>
   <div class='ocr_carea' id='block_1_12' title="bbox 367 2795 767 2871">
    <p class='ocr_par' dir='ltr' id='par_1_12' title="bbox 367 2795 767 2871">
     <span class='ocr_line' id='line_1_25' title="bbox 367 2795 767 2871; baseline 0.005 -17"><span class='ocrx_word' id='word_1_149' title='bbox 367 2795 415 2854; x_wconf 88' lang='lat' dir='ltr'><strong><em>De</em></strong></span> <span class='ocrx_word' id='word_1_150' title='bbox 437 2799 514 2855; x_wconf 84' lang='lat' dir='ltr'><strong><em>seret</em></strong></span> <span class='ocrx_word' id='word_1_151' title='bbox 530 2797 646 2870; x_wconf 74' lang='lat' dir='ltr'><strong><em>peculio</em></strong></span> <span class='ocrx_word' id='word_1_152' title='bbox 669 2798 767 2871; x_wconf 73' lang='lat' dir='ltr'><strong><em>teqato.</em></strong></span> 
     </span>
    </p>
   </div>
   <div class='ocr_carea' id='block_1_13' title="bbox 58 2894 1078 3246">
    <p class='ocr_par' dir='ltr' id='par_1_13' title="bbox 58 2894 1078 3246">
     <span class='ocr_line' id='line_1_26' title="bbox 150 2894 1075 2980; baseline 0.001 -20"><span class='ocrx_word' id='word_1_153' title='bbox 150 2895 181 2960; x_wconf 88' lang='grc'><strong><em>9.</em></strong></span> <span class='ocrx_word' id='word_1_154' title='bbox 204 2895 243 2961; x_wconf 87' lang='grc' dir='ltr'><strong><em>Ι).</em></strong></span> <span class='ocrx_word' id='word_1_155' title='bbox 254 2896 306 2980; x_wconf 88' lang='grc'><strong><em>33,</em></strong></span> <span class='ocrx_word' id='word_1_156' title='bbox 322 2897 351 2979; x_wconf 89' lang='grc'><strong><em>8,</em></strong></span> <span class='ocrx_word' id='word_1_157' title='bbox 369 2898 418 2960; x_wconf 92' lang='grc'><strong>17.</strong></span> <span class='ocrx_word' id='word_1_158' title='bbox 452 2894 627 2961; x_wconf 85' lang='lat' dir='ltr'><strong><em>Iavolenus</em></strong></span> <span class='ocrx_word' id='word_1_159' title='bbox 641 2898 727 2961; x_wconf 86' lang='lat' dir='ltr'><strong><em>libro</em></strong></span> <span class='ocrx_word' id='word_1_160' title='bbox 743 2897 883 2962; x_wconf 82' lang='lat' dir='ltr'><strong><em>secundo</em></strong></span> <span class='ocrx_word' id='word_1_161' title='bbox 898 2918 936 2962; x_wconf 86' lang='lat' dir='ltr'><strong><em>ex</em></strong></span> <span class='ocrx_word' id='word_1_162' title='bbox 951 2896 1075 2963; x_wconf 81' lang='lat' dir='ltr'><strong><em>Cassio.</em></strong></span> 
     </span>
     <span class='ocr_line' id='line_1_27' title="bbox 60 2984 1078 3068; baseline 0.002 -20"><span class='ocrx_word' id='word_1_163' title='bbox 60 3021 101 3033; x_wconf 90' lang='lat'><em>—</em></span> <span class='ocrx_word' id='word_1_164' title='bbox 134 2984 196 3064; x_wconf 76' lang='lat' dir='ltr'><strong><em>Qui</em></strong></span> <span class='ocrx_word' id='word_1_165' title='bbox 220 2985 379 3067; x_wconf 80' lang='lat' dir='ltr'><strong><em>peantium</em></strong></span> <span class='ocrx_word' id='word_1_166' title='bbox 410 2986 491 3050; x_wconf 84' lang='lat' dir='ltr'><strong><em>serui</em></strong></span> <span class='ocrx_word' id='word_1_167' title='bbox 523 2986 685 3068; x_wconf 72' lang='lat' dir='ltr'><strong><em>teyauuat,</em></strong></span> <span class='ocrx_word' id='word_1_168' title='bbox 718 2987 867 3052; x_wconf 85' lang='lat' dir='ltr'><strong><em>iudicium</em></strong></span> <span class='ocrx_word' id='word_1_169' title='bbox 894 3006 927 3051; x_wconf 86' lang='lat' dir='ltr'><strong><em>eo</em></strong></span> <span class='ocrx_word' id='word_1_170' title='bbox 954 2988 1078 3051; x_wconf 86' lang='lat' dir='ltr'><strong><em>nomine</em></strong></span> 
     </span>
     <span class='ocr_line' id='line_1_28' title="bbox 58 3075 1076 3156; baseline 0 -18"><span class='ocrx_word' id='word_1_171' title='bbox 58 3078 225 3156; x_wconf 75' lang='lat' dir='ltr'><strong><em>acceperat,</em></strong></span> <span class='ocrx_word' id='word_1_172' title='bbox 247 3075 356 3139; x_wconf 86' lang='lat' dir='ltr'><strong><em>deinde</em></strong></span> <span class='ocrx_word' id='word_1_173' title='bbox 376 3075 547 3138; x_wconf 85' lang='lat' dir='ltr'><strong><em>decesserat.</em></strong></span> <span class='ocrx_word' id='word_1_174' title='bbox 584 3076 706 3155; x_wconf 75' lang='lat' dir='ltr'><strong><em>placuit</em></strong></span> <span class='ocrx_word' id='word_1_175' title='bbox 727 3097 790 3140; x_wconf 87' lang='lat' dir='ltr'><strong><em>nan</em></strong></span> <span class='ocrx_word' id='word_1_176' title='bbox 812 3076 904 3140; x_wconf 82' lang='lat' dir='ltr'><strong><em>aliter</em></strong></span> <span class='ocrx_word' id='word_1_177' title='bbox 920 3075 1076 3156; x_wconf 79' lang='lat' dir='ltr'><strong><em>peantium</em></strong></span> 
     </span>
     <span class='ocr_line' id='line_1_29' title="bbox 58 3163 1077 3246; baseline -0.003 -17"><span class='ocrx_word' id='word_1_178' title='bbox 58 3184 98 3229; x_wconf 77' lang='lat' dir='ltr'><strong><em>en</em></strong></span> <span class='ocrx_word' id='word_1_179' title='bbox 131 3182 227 3227; x_wconf 84' lang='lat' dir='ltr'><strong><em>eausa</em></strong></span> <span class='ocrx_word' id='word_1_180' title='bbox 259 3163 350 3244; x_wconf 68' lang='lat' dir='ltr'><strong><em>leuati</em></strong></span> <span class='ocrx_word' id='word_1_181' title='bbox 372 3165 543 3246; x_wconf 74' lang='lat' dir='ltr'><strong><em>praestari,</em></strong></span> <span class='ocrx_word' id='word_1_182' title='bbox 576 3184 670 3244; x_wconf 80' lang='lat' dir='ltr'><strong><em>qiram</em></strong></span> <span class='ocrx_word' id='word_1_183' title='bbox 698 3165 727 3228; x_wconf 90' lang='lat' dir='ltr'><strong><em>si</em></strong></span> <span class='ocrx_word' id='word_1_184' title='bbox 752 3166 789 3229; x_wconf 90' lang='lat' dir='ltr'><strong><em>de</em></strong></span> <span class='ocrx_word' id='word_1_185' title='bbox 816 3168 934 3246; x_wconf 79' lang='lat' dir='ltr'><strong><em>decepta</em></strong></span> <span class='ocrx_word' id='word_1_186' title='bbox 962 3163 1077 3227; x_wconf 81' lang='lat' dir='ltr'><strong><em>iudicio</em></strong></span> 
     </span>
    </p>
   </div>
   <div class='ocr_carea' id='block_1_14' title="bbox 57 3251 743 3421">
    <p class='ocr_par' dir='ltr' id='par_1_14' title="bbox 57 3251 743 3421">
     <span class='ocr_line' id='line_1_30' title="bbox 57 3251 347 3317; baseline -0.01 0"><span class='ocrx_word' id='word_1_187' title='bbox 57 3251 164 3317; x_wconf 75' lang='lat' dir='ltr'><strong><em>heredi</em></strong></span> <span class='ocrx_word' id='word_1_188' title='bbox 186 3257 347 3316; x_wconf 81' lang='lat' dir='ltr'><strong><em>caveretur.</em></strong></span> 
     </span>
     <span class='ocr_line' id='line_1_31' title="bbox 400 3345 743 3421; baseline 0.003 -18"><span class='ocrx_word' id='word_1_189' title='bbox 400 3345 446 3404; x_wconf 89' lang='lat' dir='ltr'><strong><em>De</em></strong></span> <span class='ocrx_word' id='word_1_190' title='bbox 469 3346 613 3405; x_wconf 80' lang='lat' dir='ltr'><strong><em>alimentis</em></strong></span> <span class='ocrx_word' id='word_1_191' title='bbox 634 3347 743 3421; x_wconf 67' lang='lat' dir='ltr'><strong><em>leuatis.</em></strong></span> 
     </span>
    </p>
   </div>
   <div class='ocr_carea' id='block_1_15' title="bbox 59 3443 1090 3618">
    <p class='ocr_par' dir='ltr' id='par_1_15' title="bbox 59 3443 1090 3618">
     <span class='ocr_line' id='line_1_32' title="bbox 154 3443 1077 3528; baseline -0.001 -18"><span class='ocrx_word' id='word_1_192' title='bbox 154 3445 204 3510; x_wconf 94' lang='grc'><strong>10.</strong></span> <span class='ocrx_word' id='word_1_193' title='bbox 227 3444 267 3512; x_wconf 92' lang='lat' dir='ltr'><strong><em>D.</em></strong></span> <span class='ocrx_word' id='word_1_194' title='bbox 282 3446 334 3528; x_wconf 85' lang='grc'><strong><em>34,</em></strong></span> <span class='ocrx_word' id='word_1_195' title='bbox 350 3446 379 3527; x_wconf 96' lang='grc'><strong><em>1,</em></strong></span> <span class='ocrx_word' id='word_1_196' title='bbox 395 3446 424 3510; x_wconf 87' lang='grc'><strong>6.</strong></span> <span class='ocrx_word' id='word_1_197' title='bbox 459 3443 631 3510; x_wconf 82' lang='lat' dir='ltr'><strong><em>Iavolenus</em></strong></span> <span class='ocrx_word' id='word_1_198' title='bbox 648 3446 731 3511; x_wconf 88' lang='lat' dir='ltr'><strong><em>libro</em></strong></span> <span class='ocrx_word' id='word_1_199' title='bbox 747 3447 885 3511; x_wconf 82' lang='lat' dir='ltr'><strong><em>secundo</em></strong></span> <span class='ocrx_word' id='word_1_200' title='bbox 900 3451 939 3510; x_wconf 81' lang='lat' dir='ltr'><strong><em>e&#39;x</em></strong></span> <span class='ocrx_word' id='word_1_201' title='bbox 953 3443 1077 3511; x_wconf 80' lang='lat' dir='ltr'><strong><em>Cassio.</em></strong></span> 
     </span>
     <span class='ocr_line' id='line_1_33' title="bbox 59 3534 1090 3618; baseline -0.001 -19"><span class='ocrx_word' id='word_1_202' title='bbox 59 3571 102 3584; x_wconf 90' lang='lat'><em>-</em></span> <span class='ocrx_word' id='word_1_203' title='bbox 128 3535 255 3618; x_wconf 69' lang='lat' dir='ltr'><strong><em>Leuatis</em></strong></span> <span class='ocrx_word' id='word_1_204' title='bbox 283 3535 440 3600; x_wconf 83' lang='lat' dir='ltr'><strong><em>alimentis</em></strong></span> <span class='ocrx_word' id='word_1_205' title='bbox 466 3534 585 3599; x_wconf 69' lang='lat' dir='ltr'><strong><em>diaria</em></strong></span> <span class='ocrx_word' id='word_1_206' title='bbox 611 3539 640 3600; x_wconf 90' lang='lat' dir='ltr'><strong><em>et</em></strong></span> <span class='ocrx_word' id='word_1_207' title='bbox 662 3537 786 3601; x_wconf 86' lang='lat' dir='ltr'><strong><em>uestitus</em></strong></span> <span class='ocrx_word' id='word_1_208' title='bbox 809 3539 838 3601; x_wconf 87' lang='lat' dir='ltr'><strong><em>et</em></strong></span> <span class='ocrx_word' id='word_1_209' title='bbox 859 3535 1014 3600; x_wconf 67' lang='lat' dir='ltr'><strong><em>habitatio</em></strong></span> <span class='ocrx_word' id='word_1_210' title='bbox 1038 3536 1090 3598; x_wconf 73' lang='lat' dir='ltr'><strong><em>da·</em></strong></span> 
     </span>
    </p>
   </div>
   <div class='ocr_carea' id='block_1_16' title="bbox 0 0 1220 3944">
    <p class='ocr_par' dir='ltr' id='par_1_16' title="bbox 0 0 1220 3944">
     <span class='ocr_line' id='line_1_34' title="bbox 0 0 1220 3944; baseline 0 9"><span class='ocrx_word' id='word_1_211' title='bbox 0 0 1220 3944; x_wconf 95' lang='lat' dir='ltr'><strong><em> </em></strong></span> 
     </span>
    </p>
   </div>
  </div>
 </body>
</html>
