2430 3944
367 219 392 268 6.
412 210 623 267 IAVOLENUS
641 211 789 269 PRISGUS
1017 217 1082 280 471

64 379 226 443 nationem
252 378 318 442 eius
344 375 530 457 conferatur.
575 396 629 440 nec
644 382 746 458 potest
769 379 868 443 uideri
889 380 925 443 id
939 385 1081 462 praesta·

67 474 158 533 turus
180 467 263 549 quad
283 466 366 530 atius
382 466 527 547 possidet,
549 484 619 528 curn
642 467 760 530 actione
779 468 922 532 mandati
939 470 1082 551 consequi

64 577 134 621 rem
160 555 272 639 possit,
300 556 345 618 ita
371 558 407 618 ut
431 558 487 617 aut
514 554 578 634 ipse
599 557 735 636 patrono
761 556 904 620 restituat
933 561 990 621 aut
1012 579 1082 622 eum

65 665 138 710 cum
155 665 214 726 quo
232 645 416 708 mandatum
432 642 586 707 contraxit
602 643 760 707 restituere
776 649 870 727 cocat.
906 647 983 726 quid
998 649 1082 711 enim

64 736 212 812 dicemus,
233 734 262 797 si
284 733 314 797 is
334 732 389 814 qui
410 731 446 795 in
462 750 496 794 rc
513 731 711 811 interpositus
728 736 780 814 cst,
803 732 884 796 uibit
901 735 970 798 doto
986 735 1083 813 fecit?

66 843 131 887 nou
154 821 370 898 dubitabimus,
391 821 468 901 quin
491 819 576 883 omui
597 820 685 883 modo
707 840 777 884 cum
797 840 831 885 eo
854 823 908 904 aui
928 843 992 886 nou
1009 843 1083 904 pos-

65 912 117 976 sit.
170 911 247 992 quid
275 908 380 974 enim?
411 905 506 972 num¹
535 912 634 989 potest
658 909 757 973 uideri
783 910 852 974 doto
876 909 995 995 fecisse,
1027 912 1083 992 aui

64 1001 160 1082 fidem
181 1018 273 1063 suam
295 999 393 1063 amico
415 997 617 1061 commodavit
639 1003 671 1061 et
691 996 816 1084 magis²
834 999 894 1064 atii
910 1020 1005 1081 quam
1023 1000 1084 1064 sibi

63 1109 104 1152 cu
127 1087 229 1152 leberti
249 1086 362 1167 fraude
384 1082 576 1168 adquisiit?3

383 1244 433 1309 Dc
452 1245 592 1326 formula
613 1245 770 1311 Fabiana.

159 1361 209 1427 19.
229 1361 362 1426 Lacinia
376 1360 622 1425 membranacea
637 1382 675 1425 ex
685 1360 837 1446 Aegypto
847 1362 1080 1429 Vindobonam

64 1452 100 1516 in
129 1449 352 1515 collectionem
379 1447 522 1531 Rayneri
552 1449 731 1514 archiducis
757 1451 851 1514 illata
879 1452 914 1515 in
944 1449 1079 1517 Oolleot.

64 1541 140 1606 libr.
160 1540 219 1603 iur.
238 1538 298 1604 civ.
317 1536 365 1602 Ill
379 1561 410 1622 p.
429 1538 503 1603 300.
527 1575 568 1584 -
593 1585 622 1602 ..
645 1539 682 1602 dc
704 1538 757 1603 iiio
780 1541 949 1622 aeramitur,
971 1542 1000 1605 si
1016 1560 1080 1622 pro

63 1628 194 1693 muliere
220 1629 318 1692 dotem
343 1628 470 1708 dederit,
497 1628 566 1709 quis
593 1631 730 1690 teneatur
756 1627 813 1692 bac
833 1628 979 1709 formula.
1025 1631 1081 1694 sed

63 1719 101 1782 in
125 1718 283 1800 proposito
310 1720 339 1780 et
363 1714 528 1780 Iauolenus
554 1716 712 1797 confitetur
738 1736 807 1780 curn
834 1717 901 1782 ciro
929 1719 1080 1783 actionem

64 1826 130 1872 esse
150 1811 181 1870 ct
200 1807 236 1870 id
255 1803 289 1868 in
312 1804 359 1867 rei
380 1805 509 1868 uxoriae
531 1801 692 1867 actionem
714 1804 860 1869 dissoluto
878 1807 1079 1872 matrimonio

65 1915 133 1960 non
154 1889 284 1959 ironice.4

155 1983 208 2047 20.
236 1981 318 2045 Ibid.
342 2017 382 2026 —
408 1979 470 2044 Sed
499 1979 528 2043 si
556 1980 673 2044 merito
702 1979 881 2045 debitorem
904 2002 996 2045 suum
1019 1983 1082 2047 ius·

63 2071 141 2136 serit
175 2073 272 2136 dotem
304 2069 481 2151 promittere
518 2069 655 2150 tibertus,
694 2071 858 2134 secuudum
899 2069 1082 2135 Iauolenum

64 2160 188 2242 qrcidem
210 2163 326 2240 etpost
346 2159 512 2222 divortium
534 2159 599 2238 ipse
621 2157 776 2238 tenebitur,
798 2163 835 2222 ut
855 2159 988 2223 actiones
1006 2178 1081 2224 suas

58 2251 209 2330 praestet,
236 2249 428 2312 sinendum
455 2247 567 2329 edocit·
595 2247 648 2310 sed
674 2247 702 2310 si
728 2247 820 2328 culpa
846 2248 911 2311 eius
938 2248 1082 2312 soluendo

61 2356 128 2402 esse
150 2335 242 2400 desiit
262 2335 390 2420 debitor,
408 2336 545 2418 periculo
564 2336 693 2417 patroni
710 2338 812 2417 periit.

483 2562 592 2621 Liber
614 2561 665 2622 lv,

439 2671 489 2737 De
511 2674 706 2738 testamentis.

63 2863 66 2867 ⁴
155 2788 208 2853 21.
235 2788 275 2852 D.
289 2787 341 2873 29,
356 2789 386 2872 2,
401 2788 452 2852 76.
497 2786 667 2852 Iavolenus
695 2787 779 2851 libro
804 2791 921 2872 quarto
945 2787 1080 2872 Epistu-

61 2880 182 3026 larum:
212 2964 250 3031 Si
282 2969 316 3029 tu
347 2985 384 3030 erc
406 2969 497 3046 parte
525 2965 692 3029 sentasub
718 2966 892 3030 condicione
917 2967 1079 3031 institutus

57 3056 178 3138 fuisses
200 3053 283 3119 beros
305 3058 334 3117 et
356 3055 508 3118 omittente
525 3058 648 3135 partem
671 3073 761 3117 suam
782 3055 872 3138 Titio,
895 3057 946 3120 cui
967 3055 1078 3120 substi-

60 3149 149 3237 tutus
180 3163 262 3222 eras,
294 3162 332 3208 ec
362 3143 572 3208 substitutione
604 3139 776 3226 creuisses5,
808 3145 916 3209 deiude
942 3144 1078 3208 condicio

138 3304 152 3352 1
172 3298 220 3354 Fe.
240 3316 305 3354 non.
341 3305 357 3353 2
377 3298 424 3353 Fe.
444 3295 633 3352 commodavit
651 3316 735 3367 quem
754 3299 812 3354 elii.
849 3305 865 3352 3
884 3299 971 3353 Lenel
990 3299 1077 3353 verbe

63 3371 164 3441 ‘quam
182 3369 232 3424 elii
251 3411 257 3424 .
275 3412 302 3425 ..
322 3368 467 3438 adquisiit’
486 3369 681 3423 transferenda
704 3387 763 3425 esse
781 3371 865 3440 putet
883 3374 947 3437 post
966 3370 1005 3424 ‘in
1024 3370 1078 3424 re’.

63 3449 81 3496 4
108 3442 196 3496 Leuci
222 3440 251 3497 P.
272 3440 298 3494 ΙΙ
318 3439 369 3494 col.
393 3446 459 3494 1231
489 3439 621 3494 coniecit:
651 3440 691 3495 ‘et
717 3441 792 3495 idem
820 3439 963 3514 p<r0bat>
992 3441 1078 3494 etiam

63 3511 202 3567 dissoluto
221 3510 412 3579 matrimonio,
442 3511 492 3564 sed
509 3510 605 3565 venire
623 3510 726 3583 t<ento
745 3510 837 3565 minue
856 3514 888 3566 in
904 3510 950 3565 tei
963 3513 1088 3565 exem

64 3584 212 3638 actionem.
251 3582 343 3654 ced>'.
416 3583 527 3638 5Trib.
546 3582 664 3640 edisses.
779 3595 782 3602 ’
