2430 3944
303 183 306 187 ’
353 193 379 242 4.
405 189 436 244 L.
455 186 637 243 NERATIUS
656 188 804 245 muscus
1018 190 1082 255 327

67 373 145 417 nam
169 351 270 417 litora
293 351 425 436 publica
448 372 514 415 non
533 353 578 416 ita
598 356 682 436 sunt,
706 357 743 417 ut
761 374 809 437 ea,
831 373 913 437 quae
931 353 966 416 in
984 356 1084 439 patri-

68 441 181 508 monio
204 444 280 506 sunt
303 441 424 523 populi,
448 440 503 505 sed
527 443 565 504 ut
588 461 635 525 ea,
659 461 740 525 quae
763 442 904 525 primum
928 446 1083 509 anatura

64 528 199 614 prodita
217 533 293 594 sunt
312 532 345 592 et
358 529 394 593 in
407 529 530 594 nullius
546 528 652 594 adhuc
666 529 844 595 dominium
858 538 1083 613 pervenerunt.

64 640 126 684 nec
159 617 327 683 dissimilis
360 617 505 683 condicio
540 639 651 683 eorum
679 621 729 683 est
757 622 854 704 atquc
882 619 1019 703 piscium
1050 625 1082 685 et

63 706 219 791 ferarum,
238 728 321 791 quae
336 706 433 770 simul
447 709 544 791 atque
559 707 778 791 adprehensae
793 713 877 791 sunt,
896 708 967 772 sine
981 708 1080 774 dubio

66 797 148 880 eius,
175 797 211 860 in
238 796 328 860 cuius
351 798 548 878 potestatem
570 790 800 882 peruenerunt,
830 796 965 861 dominii
988 796 1080 864 fiunt.

154 884 206 950 45.
230 883 310 950 Ibid.
326 886 345 964 ξ
363 886 393 949 1.
410 919 454 931 -
472 881 560 948 Illud
578 884 749 950 videndum
770 889 829 970 est,
848 885 976 952 sublato
997 887 1081 951 aedi-

64 974 148 1058 ficio,
171 972 255 1058 quod
280 972 316 1037 in
338 973 435 1038 litore
457 973 601 1057 positum
620 976 699 1059 erat,
722 973 812 1039 ouius
832 973 1031 1040 condicionis
1052 976 1080 1040 is

63 1064 153 1129 locus
179 1063 231 1145 sit,
257 1061 320 1126 hoc
344 1065 393 1126 est
416 1065 525 1127 utrum
549 1066 680 1127 maneat
702 1062 771 1127 eius
795 1063 884 1128 cuius
908 1063 971 1127 fuit
994 1063 1080 1128 aedi·

61 1152 186 1233 ficium,
215 1173 256 1215 an
283 1172 394 1215 rursus
422 1151 459 1214 in
486 1151 659 1234 pristinam
686 1173 819 1217 causam
845 1151 980 1217 reccidit
1009 1175 1080 1236 per·

62 1241 202 1325 indeque
220 1239 368 1324 publicus
387 1239 440 1323 sit,
464 1260 501 1306 ac
520 1239 548 1304 si
566 1261 744 1325 numquam
763 1241 797 1305 in
816 1262 854 1306 eo
874 1240 1079 1306 aedificatum

61 1328 190 1396 fuisset.
240 1327 324 1414 quod
358 1327 491 1412 propius
520 1331 582 1413 est,
621 1332 658 1393 ut
685 1329 862 1394 existimari
891 1329 1007 1395 debeat
1035 1329 1080 1415 [si

62 1418 160 1483 modo
184 1416 300 1501 recipit
323 1415 497 1500 pristinam
519 1416 624 1481 litoris
648 1417 810 1502 speciem}

152 1511 326 1572 Tritoniani
347 1510 441 1570 verba
462 1510 588 1570 Pernice
611 1511 815 1588 deprehendit.

439 1646 490 1712 Dc
510 1649 703 1731 usucapione.

149 1754 203 1820 46.
227 1752 267 1818 D.
282 1754 334 1837 41,
352 1754 401 1837 10,
416 1753 445 1818 5.
491 1751 646 1819 Neratius
668 1753 753 1819 libro
777 1752 888 1839 quinto
913 1754 1075 1821 Membra·

58 1865 187 1909 narum.
209 1878 253 1890 -
275 1840 441 1926 Usucapio
464 1863 582 1921 rerum,
606 1843 705 1907 etiam
724 1864 762 1906 ex
782 1841 853 1906 aliis
873 1844 979 1908 causis
999 1866 1072 1910 con·

58 1954 150 1997 cessa
174 1927 363 2014 interdaml,
385 1935 519 2015 propter
542 1953 589 2012 ea,
611 1952 694 2016 quae
712 1934 827 1995 nostra
846 1931 1072 1998 existimantes

59 2019 312 2106 possideremus,
343 2019 521 2084 constituta
551 2023 615 2104 est,
646 2023 683 2084 ut
715 2018 833 2103 aliquis
860 2019 967 2084 litium
995 2020 1072 2085 finis

61 2114 154 2177 essct.
197 2108 252 2173 sed
275 2109 317 2192 id,
340 2109 423 2192 quod
448 2108 529 2192 quis,
553 2128 626 2172 cum
650 2129 742 2172 suum
766 2128 837 2172 esse
861 2108 1072 2191 existimaret,

61 2197 253 2282 possederit,
279 2198 458 2281 usucapiat,
486 2197 615 2262 etiarnsi
642 2195 727 2261 falsa
748 2195 847 2261 fuerit
871 2197 939 2261 eius
963 2198 1073 2262 existi-

63 2287 170 2352 matio.
211 2286 296 2371 quod
319 2289 429 2350 tamen
451 2288 498 2350 ita
521 2285 797 2371 interpretandum
818 2288 876 2367 est,
898 2288 937 2348 ut
954 2287 1071 2370 proba·

62 2375 136 2441 'silis
164 2396 253 2439 error
280 2375 476 2458 possidentis
505 2374 696 2458 usucapioni
723 2396 789 2439 non
817 2374 937 2452 obstet,
970 2376 1073 2439 veluti

63 2465 88 2528 ri
115 2465 157 2529 ob
186 2463 218 2528 id
247 2463 368 2547 aliquid
396 2461 593 2547 possideam,
620 2462 707 2548 quod
732 2484 861 2528 servum
884 2467 1074 2529 meum-aut

63 2554 140 2635 siue,
170 2553 260 2617 cuius
283 2553 318 2615 in
342 2553 447 2617 locum
470 2552 665 2616 hereditario
689 2552 758 2616 iure
782 2552 931 2634 successi,
955 2552 1072 2617 emisse

62 2642 90 2705 id
123 2643 207 2706 falso
240 2641 434 2720 existimem,
472 2641 547 2724 quia
578 2642 611 2705 in
645 2640 741 2704 alieni
773 2641 852 2706 facti
884 2642 1071 2726 ignorantia

61 2729 238 2796 tolerabilis
263 2750 352 2794 error
375 2734 433 2794 est.

145 2823 268 2882 Pernice
286 2816 340 2899 11²,
361 2825 424 2884 396
444 2844 472 2882 n.
488 2827 522 2884 5:
546 2817 619 2882 ‘Der
638 2827 717 2882 erste
732 2823 802 2882 Sata
820 2823 861 2883 ist
880 2823 985 2901 gewiss
1003 2843 1072 2883 ver·

61 2913 204 2973 mataltet
294 2930 356 2971 was
379 2912 591 2988 ursprunglich
615 2913 653 2971 da
676 2911 777 2991 stand,
805 2913 877 2971 laist
900 2912 964 2972 sich
986 2913 1072 2972 nicht

60 3001 224 3061 feststellen
243 3001 374 3062 ...mir
397 3000 513 3061 scheint
535 3001 588 3060 das
613 2998 710 3061 Ganze
733 3001 782 3060 fur
802 3000 850 3060 die
874 3001 1070 3061 Membranen

60 3110 91 3148 ar
113 3090 276 3168 allgemein
299 3090 362 3149 und
384 3110 419 3148 au
442 3084 595 3149 lehrhaft’.

423 3225 473 3291 Dc
494 3227 575 3291 iaris
596 3245 706 3291 errore.

143 3334 196 3399 47.
224 3332 263 3398 D.
283 3335 336 3417 22,
355 3334 385 3418 6,
405 3334 434 3398 2.
480 3332 635 3399 Neratius
662 3333 745 3398 libro
770 3331 884 3417 quinto
908 3331 1069 3396 Membra-

61 3442 180 3486 narum.
209 3457 251 3468 —
279 3422 318 3486 In
351 3422 440 3487 omni
468 3427 560 3506 parte
589 3443 677 3486 error
704 3422 739 3486 in
765 3422 834 3486 iure
862 3442 928 3485 non
955 3419 1069 3484 eodem

127 3567 141 3614 1
163 3561 211 3618 Fi.
230 3560 352 3616 interim.
