2430 3944
100 185 165 248 526
465 182 745 237 ADDITAMENTA.

383 345 434 411 De
456 347 616 411 naborem
638 346 826 430 obliputioae.

189 454 240 518 38.
263 453 303 519 D.
329 453 380 537 17,
406 457 433 532 l,
456 455 508 518 33.
531 451 621 517 Idem
645 452 702 538 (sc.
717 451 877 537 Iulianus)
897 453 982 518 libro
1003 457 1111 538 quarto

99 565 138 607 ex
156 542 299 607 Minicio.
318 579 361 590 —
386 592 437 608 ...
458 564 476 606 a
495 542 659 625 plerisque
678 563 870 626 responsum
890 549 941 607 est
961 564 1045 620 eum,
1063 542 1110 626 qni

98 632 178 716 (in)
192 632 348 697 maiorem
368 652 528 694 summam
548 652 645 714 quam
660 635 794 714 rogatus
810 634 882 695 erat
894 631 1111 715 fideiussisset,

98 721 256 786 haetenus
281 719 427 785 mandati
451 720 612 784 actionem
635 719 763 801 habere,
792 724 954 803 quatenus
982 727 1109 805 rogatus

99 815 199 894 esset,
229 809 305 893 quia
332 810 365 872 id
393 807 535 889 fecisset,
564 808 649 892 quod
679 806 870 873 mandatum
898 810 928 873 ei
953 815 1018 893 est3
1041 831 1109 873 nam

99 921 202 983 usque
231 898 271 962 ad
296 919 368 961 eam
391 919 559 979 summam,
582 895 616 960 in
640 918 738 980 quam
760 900 896 980 rogatus
917 901 998 981 erat,
1021 898 1108 962 fidem

101 987 169 1051 eius
193 990 356 1069 spectasse
380 985 509 1050 videtur
532 985 588 1070 qui
610 986 747 1070 rogavit.

188 1076 253 1142 392
276 1074 316 1139 D.
335 1074 437 1157 45,.1,
458 1075 530 1156 118,
552 1075 578 1139 l.
602 1072 693 1138 Idem
717 1072 775 1160 (se.
793 1072 1013 1162 Papinianus)
1031 1076 1106 1140 libro

98 1164 274 1230 vicensimo
298 1165 437 1246 septimo
457 1162 700 1239 Quaestionum.
722 1200 760 1210 -
782 1161 914 1228 ‘Decem
933 1164 1031 1229 hodie
1046 1163 1107 1228 dari

99 1252 272 1336 spondest'
306 1252 372 1316 dixi
489 1251 523 1315 in
556 1251 726 1335 proposito
754 1301 789 1316 ..
817 1252 903 1316 diem
935 1275 1002 1318 non
1031 1253 1106 1317 diffe

98 1342 215 1405 rendae
250 1341 386 1405 aetionis
423 1339 578 1404 insertum
623 1339 737 1424 videri,
775 1341 831 1405 sed
863 1363 928 1426 quo
961 1363 1105 1426 praesens

98 1430 297 1510 ostendatur,
320 1451 391 1493 esse
414 1450 614 1513 responsum.

186 1519 239 1583 40.
271 1516 312 1583 D.
339 1518 391 1600 46,
420 1518 450 1599 3,
475 1519 525 1600 72,
549 1518 580 1583 3.
612 1517 784 1583 Marcellus
816 1517 901 1582 libro
936 1520 1103 1584 vicensimo

98 1605 317 1692 Digestorum.
343 1643 382 1652 -
408 1604 504 1692 (Cum
520 1605 667 1671 Stichum
691 1606 772 1670 mihi
795 1604 928 1672 deberes
949 1613 982 1672 et
1004 1609 1038 1673 in
1053 1607 1103 1672 sol-

99 1696 202 1759 vendo
226 1716 351 1759 moram
374 1695 515 1779 fecisses,
539 1695 598 1760 sub
622 1695 808 1761 condicione
831 1717 903 1760 eum
924 1696 1103 1780 promisisti.

97 1783 257 1867 pendente
286 1805 323 1848 ea
355 1781 486 1849 Stichus
515 1784 727 1849 decessit
755 1783 937 1849 debitorem
961 1808 1035 1851 cum
1056 1785 1103 1849 sti-

99 1873 271 1957 stipulanti
312 1873 462 1937 creditori
506 1873 566 1937 sub
608 1873 796 1938 condicione
836 1874 1008 1956 promisit,
1048 1894 1101 1937 non

97 1961 200 2026 videri
228 1963 261 2026 in
290 1962 451 2026 solutione
480 1961 621 2026 hominis
653 1983 795 2026 cessasse
895 1962 953 2026 sed
982 1961 1101 2047 quidsi

97 2052 267 2135 ignorante
305 2050 449 2115 debitore
488 2050 528 2114 ab
562 2051 627 2114 alio
661 2051 799 2115 creditor
830 2071 903 2114 eum
937 2052 1100 2136 stipulatus

98 2140 168 2204 est?
214 2140 267 2205 hic
300 2161 427 2223 quoque
461 2138 693 2203 existimandus
726 2144 776 2203 est
807 2140 954 2223 periculo
987 2140 1100 2204 debitor

97 2229 252 2293 liberatus
277 2224 342 2314 ...)
371 2227 456 2292 idem
484 2250 673 2311 responsum
699 2231 758 2311 est,
781 2228 810 2292 si
833 2229 915 2312 quis,
940 2251 1013 2293 cum
1037 2227 1099 2292 sub·

97 2321 208 2400 reptas
243 2316 306 2382 sibi
339 2338 449 2381 servus
483 2322 581 2395 esset,
616 2317 676 2381 sub
711 2316 899 2382 condicione
937 2319 1097 2403 stipulatus

97 2405 194 2469 fuerit
226 2405 379 2489 quidquid
416 2405 521 2470 furem
550 2405 625 2469 dare
658 2405 763 2469 faeere
793 2409 939 2491 oportet3
973 2429 1045 2471 nam
1074 2406 1097 2466 et

97 2493 149 2556 fur
184 2495 385 2559 condictione
421 2493 592 2577 liberatur,
625 2493 653 2558 si
691 2495 840 2558 dominus
874 2494 1019 2560 oblatum
1048 2490 1096 2558 sibi

97 2582 241 2665 accipere
264 2583 378 2647 noluit.

340 2714 391 2781 De
407 2717 596 2798 possessione
618 2722 647 2781 et
668 2717 861 2799 usucapione.

187 2821 253 2886 41².
277 2820 316 2885 D.
335 2823 388 2906 41,
403 2824 433 2906 3,
448 2824 500 2906 33,
517 2825 543 2887 1.
567 2813 711 2886 Iulianus
734 2822 819 2887 libro
839 2821 1093 2907 quadragensimo

97 2914 211 2991 quarto
244 2909 464 2996 Digestorum.
500 2949 537 2958 -
569 2960 603 2975 ..
634 2913 731 2996 vulgo
760 2912 977 2994 respondetur
1004 2911 1092 2994 ipsum

97 2997 160 3062 sibi
183 3020 314 3064 causam
337 3000 551 3083 possessionis
576 3006 701 3065 mutare
724 3021 790 3064 non
813 3022 920 3083 posse.

186 3085 254 3152 41¹³.
280 3086 320 3152 D.
338 3089 392 3169 41,
410 3089 440 3170 5,
460 3089 489 3171 2,
509 3090 537 3152 1.
568 3087 713 3153 Iulianus
737 3089 869 3154 ibidem.
892 3126 937 3136 -
961 3087 1090 3169 ..volgo

96 3176 310 3258 respondetur
335 3198 465 3241 eausam
487 3178 702 3260 possessionis
721 3179 886 3249 neminem
905 3178 968 3243 sibi
985 3180 1090 3242 mutare

95 3285 199 3346 posse.

186 3359 222 3417 ef.
245 3359 282 3417 n.
305 3355 358 3435 41,
381 3355 410 3433 2,
435 3362 464 3437 s,
492 3362 529 3418 19
555 3363 585 3418 et
608 3363 660 3437 41,
684 3357 714 3438 2,
739 3364 790 3435 19,
815 3365 842 3420 1.

184 3451 237 3515 42.
263 3450 301 3516 D.
323 3452 376 3535 41,
400 3452 429 3529 2,
452 3452 506 3516 47.
527 3450 616 3516 Idem
641 3451 699 3538 (sc.
722 3450 936 3540 Papinianus)
959 3454 1035 3517 libro
1054 3445 1086 3510 ri·

94 3539 238 3606 censimo
263 3544 353 3606 sexto
378 3540 619 3618 Quaestionum.
644 3578 686 3588 —
711 3540 745 3607 Si
763 3565 831 3607 rem
851 3543 1001 3609 mobilem
1019 3531 1084 3620 apud
