2430 3944
160 164 224 229 388
261 162 295 218 V.
313 162 463 219 NERVAE
480 157 527 217 ΕΤ
546 161 699 217 TRAIANI
717 160 823 218 TEMP.
841 161 939 218 IURIS
957 161 1135 220 consum

389 343 440 408 De
462 345 650 426 adquirendo
672 363 776 434 rerum
798 343 943 409 dominio.

249 451 301 516 45.
324 449 364 514 Ι).
381 450 453 536 1,8,
469 449 520 515 10.
556 449 754 532 Pomponius
773 449 857 514 libro
877 454 968 515 sexto
988 472 1026 515 ex
1041 450 1167 517 Plautio

161 539 210 627 (P.
226 537 315 626 349).
337 575 379 585 -
404 538 516 603 Aristo
540 538 595 621 ait,
619 539 703 603 siout
726 537 767 622 id,
790 538 874 622 quod
898 538 933 603 in
956 560 1045 604 mare
1064 539 1168 605 aedifi·

162 632 270 695 catum
294 629 350 711 sit,
376 627 469 692 fieret
490 627 667 712 privatum,
694 626 740 691 its
764 627 849 710 quod
872 627 955 692 mari
979 632 1169 712 occupatum

161 718 219 804 sit,
240 717 311 782 fieri
333 715 508 801 publicum.

520 840 569 907 De
591 841 815 907 donationibus

249 949 302 1013 46.
339 947 378 1012 Ι).
398 948 450 1031 39,
469 946 499 1033 5,
520 947 559 1012 18
567 969 615 1032 pr.
669 945 759 1011 Idem
792 950 849 1032 (sc.
881 946 1055 1031 Ulpianus)
1089 947 1169 1013 libro

161 1037 424 1122 septuagensimo
448 1035 554 1118 primo
578 1034 619 1100 ad
643 1035 783 1100 edictum
802 1032 852 1121 (P.
868 1032 979 1120 1606).
998 1071 1042 1081 —
1061 1034 1169 1102 Aristo

162 1125 222 1208 ait,
250 1147 322 1190 cum
349 1125 487 1189 mixtum
514 1125 558 1189 sit
584 1124 752 1209 negotium
776 1146 849 1190 cum
873 1125 1063 1206 donatione,
1093 1125 1169 1191 obli·

152 1215 325 1298 petionem
355 1235 421 1278 non
447 1213 598 1279 contrahi
625 1235 663 1278 eo
687 1235 778 1296 casu,
806 1236 869 1299 quo
893 1213 1026 1279 donatio
1051 1218 1115 1299 est,
1142 1217 1170 1278 et

160 1304 209 1368 ita
233 1307 266 1366 et
289 1302 485 1385 Pomponius
508 1324 582 1366 eum
606 1300 791 1367 existimare
814 1301 921 1367 refert.

250 1392 302 1455 47.
325 1390 406 1455 Ibid.
426 1391 489 1470 51.
509 1427 551 1438 -
571 1389 717 1474 Denique
733 1391 833 1455 refert
846 1391 1035 1456 Aristonem
1049 1396 1169 1475 putare,

163 1481 191 1546 si
210 1501 338 1544 servum
357 1479 418 1543 tibi
439 1477 677 1562 mancipavero¹
696 1479 736 1544 ad
754 1479 826 1565 hoc,
844 1483 881 1544 ut
899 1501 973 1544 eum
991 1486 1069 1565 post
1085 1480 1169 1566 quin·

161 1569 336 1654 quennium
360 1567 584 1653 manumittas,
608 1590 673 1633 non
697 1590 793 1653 posse
818 1572 893 1633 ante
918 1569 1170 1654 quinquennium

161 1655 340 1742 <fiduciae>
376 1657 443 1742 agi,
480 1657 557 1740 quia
593 1657 723 1722 donatio
757 1658 864 1742 aliqua
896 1657 1000 1721 inesse
1034 1657 1170 1737 videtur,

163 1746 259 1810 aliter
279 1749 383 1830 atque,
406 1746 520 1829 inquit,
549 1745 576 1809 si
595 1746 636 1810 ob
655 1744 718 1812 hoc
735 1746 797 1811 tibi
819 1747 973 1829 mancepio
991 1743 1170 1831 dedissem,

161 1837 199 1898 ut
218 1834 371 1899 continuo
389 1834 613 1914 manumittas,
633 1834 685 1899 hic
705 1835 790 1899 enirn
809 1856 869 1900 nec
886 1835 1054 1900 donationi
1068 1837 1170 1902 locum

162 1944 232 1988 esse
256 1926 289 1986 et
311 1923 383 1987 ideo
408 1944 477 1986 esse
501 1922 741 2009 obligationem.

252 2012 303 2076 48.
331 2010 410 2075 Ibid.
434 2012 497 2092 §a
520 2049 564 2058 —
587 2010 675 2076 Idem
704 2010 815 2076 Aristo
844 2011 903 2094 ait,
931 2012 959 2075 si
987 2012 1169 2078 donationis

163 2097 349 2186 (fiduciaet)
382 2121 479 2165 causa
510 2100 545 2163 in
574 2100 636 2165 hoo
663 2102 818 2184 munapio
844 2097 952 2165 detur³
979 2122 1107 2180 servus,
1138 2104 1170 2166 ut

162 2193 238 2274 post
266 2189 520 2274 quinquennium
550 2189 811 2271 manumittatur,
841 2190 885 2254 sit
907 2192 1016 2254 autem
1040 2191 1170 2270 alienus,

162 2299 257 2360 posse
281 2277 423 2341 dubitari
446 2299 487 2342 an
511 2278 727 2362 usucapiatur,
751 2277 826 2364 quia
847 2277 968 2362 aliquid
989 2278 1169 2344 donationis

163 2365 379 2430 interveniret.

250 2459 371 2518 Pernice
394 2452 438 2518 ΙΙ2
453 2462 514 2521 339
539 2480 567 2520 n.
585 2463 612 2520 1.

451 2640 480 2696 2.
509 2637 558 2696 De
581 2638 661 2696 iure
684 2637 886 2698 honorario.

370 2780 395 2820 a.
423 2759 471 2820 Ad
495 2761 625 2822 edictum
648 2761 790 2820 aedilium
812 2763 968 2823 curulium.

450 2863 500 2928 De
522 2864 687 2945 mancipiis
709 2865 886 2930 omdundis.

253 2968 305 3034 49.
326 2969 365 3034 D.
380 2969 432 3050 21,
447 2968 476 3053 l,
491 2970 543 3052 30,
560 2972 588 3034 1.
625 2969 745 3034 Paulus
759 2969 844 3035 libro
859 2971 963 3054 primo
979 2971 1021 3036 ad
1036 2972 1167 3038 edictum

167 3057 319 3122 aedilium
342 3058 501 3123 curulium
524 3055 574 3144 (P.
590 3054 679 3146 836).
705 3096 743 3105 —
770 3057 857 3135 Quas
879 3059 1044 3144 impensas
1066 3081 1166 3126 neces·

25 3170 30 3179 “
116 3225 118 3230 ¹
165 3146 249 3212 sario
287 3147 321 3211 in
358 3146 534 3212 curandum
568 3168 695 3212 servum
727 3153 802 3233 post
833 3148 925 3213 litem
957 3153 1166 3215 contestatam

165 3239 292 3319 emptor
337 3235 461 3320 fecerit,
506 3236 694 3320 imputabit,
740 3237 968 3320 praecedentes
1010 3240 1164 3324 impensas

237 3397 251 3445 1
273 3392 349 3446 Trio.
367 3390 517 3446 tradidero.

236 3467 252 3516 2
273 3462 348 3517 Trio.
367 3460 554 3518 tradidissem.

236 3540 252 3588 3
272 3533 347 3588 Trio.
365 3533 501 3588 tradatur.
