2430 3944
102 188 147 252 50
174 187 220 244 ΙΠ.
236 188 310 244 GAIl
325 187 471 243 CLAUDII
485 185 621 245 NERON.
634 186 778 242 GALBAE
789 186 894 242 TEMP.
905 187 1002 243 IURIS
1014 188 1118 247 CONS.

105 351 293 436 contineri).
333 350 446 415 deinde
465 350 581 415 adiecit
598 371 701 434 neque
721 350 860 414 armaria
878 371 983 436 neque
1001 352 1119 417 scrinia

103 461 206 524 neque
230 445 348 523 cetera,
371 441 406 502 in
430 440 547 522 quibus
570 438 645 502 libri
668 439 864 524 conduntur,
887 439 1005 503 deberi.

190 550 371 626 Sequuntur
388 551 472 609 haec:
494 544 585 625 ‘quod
603 547 768 609 ..Cassius
787 549 823 609 de
841 551 1024 611 membranis
1036 553 1118 627 puris

102 640 221 716 scripsit
238 658 344 701 verum
363 633 430 698 est'

433 739 483 804 De
501 739 660 821 pecoribus
683 739 798 822 leuatis.

190 857 241 922 54.
266 856 305 920 D.
316 856 368 937 32,
380 856 432 935 65,
443 855 472 918 4.
508 852 692 919 Marcianus
715 854 800 918 libro
824 854 962 937 septimo
985 855 1116 921 Institu-

101 946 230 1010 tionum
254 943 303 1030 (P.
317 940 404 1029 121).
430 979 472 988 —-
493 943 668 1008 Pecoribus
692 943 810 1026 legatis
834 941 964 1008 Cassius
989 946 1118 1028 scripsit

102 1033 323 1118 quadrupedes
348 1031 519 1110 contineri,
544 1053 626 1115 quae
650 1031 810 1116 gregatim
834 1036 1021 1115 pascuntur.

189 1144 273 1203 Paul.
292 1143 320 1203 S.
340 1142 399 1220 III,
420 1146 454 1221 6,
472 1145 523 1202 73.
578 1143 739 1213 Paqoribus
767 1143 876 1218 legatis
908 1143 1118 1221 quadrupedes

100 1252 202 1293 omnes
226 1232 430 1310 continentur,
454 1250 528 1308 quae
552 1231 702 1310 gregatim
724 1233 896 1307 pascuntur.

360 1409 408 1468 Dc
428 1411 584 1484 muncipalis
605 1410 724 1469 rusticis
746 1409 855 1481 lcpctc's.

188 1520 240 1585 55.
277 1518 315 1582 D.
335 1520 387 1602 33,
407 1519 437 1598 7,
457 1519 508 1604 18,
528 1521 579 1584 11.
633 1517 752 1582 Paulus
784 1516 869 1582 libro
901 1519 1044 1584 secundo
1078 1521 1117 1585 ad

98 1608 268 1673 Vitellium
292 1607 340 1691 (P.
356 1604 467 1693 2070).
490 1643 535 1654 -—
558 1605 619 1673 Cui
646 1605 782 1670 fundum
808 1606 1005 1671 instructum
1030 1609 1117 1694 lega-

98 1701 199 1780 verat,
224 1695 418 1761 nominatim
442 1695 604 1779 mancipia
626 1695 762 1780 legavit3
787 1695 969 1779 quaesitum
993 1702 1052 1780 est,
1076 1720 1118 1762 an

99 1786 224 1871 reliqua
253 1785 429 1867 mancipia,
457 1806 539 1869 quae
567 1805 633 1848 non
655 1784 869 1866 nominasset,
897 1784 1117 1852 instrumento

99 1874 259 1939 cederent.
297 1870 428 1938 Cassius
444 1874 490 1937 ait
503 1894 695 1958 responsum
710 1892 790 1958 esse,
805 1873 936 1937 tametsi
952 1874 1118 1958 mancipia

97 1962 248 2028 instructi
279 1961 372 2026 fundi
397 1961 483 2047 sint,
515 1966 625 2027 tamen
657 1960 759 2024 videri
789 1982 843 2025 eos
872 1962 959 2025 solos
988 1963 1115 2047 legatos

98 2073 182 2134 esse,
215 2049 270 2136 qui
302 2051 464 2116 nominati
495 2055 616 2133 essent,
648 2049 735 2135 quod
767 2054 939 2133 appareret
970 2072 1038 2115 non
1067 2052 1116 2116 in·

96 2141 259 2205 tellexisse
287 2143 414 2222 patrem
442 2139 585 2204 familias
608 2139 827 2203 instrumento
852 2159 980 2223 quoque
1003 2161 1116 2206 servos

98 2231 324 2294 adnumeratos
348 2249 427 2292 esse.

455 2338 503 2397 Dc
523 2339 637 2398 bomine
659 2339 758 2412 lecolo.

186 2450 237 2514 56.
266 2448 306 2513 D.
321 2448 373 2531 30,
387 2447 417 2530 5,
434 2449 460 2511 1.
507 2447 629 2512 Paulus
653 2449 737 2512 libro
761 2449 867 2530 primo
892 2448 932 2512 ad
956 2447 1115 2515 Sabinum

97 2536 146 2624 (P.
168 2533 279 2622 1601).
302 2573 346 2583 —
371 2537 477 2601 Labeo
506 2536 565 2620 ait,
593 2558 666 2601 cum
693 2541 781 2602 certa
808 2558 860 2600 res
889 2540 946 2600 aut
972 2558 1115 2621 persona

97 2627 226 2713 legatur
254 2627 314 2689 ita:
348 2624 415 2708 ‘qui
444 2646 534 2689 meus
561 2625 622 2689 erit
650 2647 723 2690 cum
746 2624 880 2706 moriar,
906 2625 998 2689 heres
1022 2626 1111 2692 dato’

97 2718 131 2778 et
158 2714 339 2778 communis
367 2714 423 2796 sit,
450 2718 557 2778 totum
583 2713 700 2779 deberi.
745 2712 933 2778 Trebatium
962 2735 1040 2779 vero
1066 2735 1112 2780 re-

97 2802 265 2888 spondisse
288 2806 413 2886 partem
438 2802 546 2866 deberi
570 2800 700 2866 Cassius
724 2801 862 2886 scripsit.
952 2824 955 2828 ·

155 2906 157 2911 ·
186 2891 238 2956 57.
268 2891 306 2955 D.
321 2891 372 2969 30,
388 2892 429 2956 37
441 2914 488 2975 pr.
528 2890 688 2973 Ulpianus
707 2891 791 2955 libro
811 2888 986 2955 vicensimo
1005 2889 1111 2974 primo

97 2979 138 3044 ad
166 2977 322 3044 Sabinum
347 2976 396 3066 (P.
411 2977 522 3066 2618).
546 3016 588 3024 -
611 2978 735 3062 Legata
764 2979 960 3064 generaliter
987 2978 1112 3064 relicto,

96 3068 200 3133 veluti
228 3068 384 3151 hominis,
416 3066 516 3132 Gaius
543 3067 674 3133 Cassius
703 3067 816 3132 scribit
842 3066 875 3131 id
904 3089 974 3132 esse
1002 3069 1111 3133 obser·

96 3157 251 3242 vandum,
273 3179 315 3222 ne
338 3160 482 3240 optimus
505 3155 572 3238 [vel
595 3154 767 3241 pessimus]
793 3155 977 3239 accipiatur.

351 3340 399 3398 De
420 3341 608 3398 instrumento
630 3340 732 3398 medico·
755 3340 854 3413 lepoto.

184 3450 235 3513 58.
273 3448 311 3514 D.
331 3449 383 3530 33,
403 3449 431 3526 7,
453 3449 502 3527 18,
524 3449 573 3515 10.
627 3447 747 3512 Paulus
779 3448 863 3512 libro
896 3449 1036 3513 secundo
1069 3449 1110 3514 ad

94 3537 266 3603 Vitellium
295 3534 345 3620 (P.
364 3533 476 3623 2070).
502 3535 611 3600 —In
643 3538 857 3602 instrumento
889 3537 1006 3602 medici
1039 3559 1109 3603 esse
