2430 3944
261 184 264 190 ’
351 198 378 246 4.
400 192 432 248 L.
451 190 635 248 NERATI'US
652 191 803 249 PRISCUS
1017 195 1082 260 339

280 350 326 406 Dc
342 352 436 407 lrcrcdc
453 352 531 408 iutra
549 357 653 422 ternpus
667 357 758 423 petere
774 354 863 410 cuitu

157 444 188 510 5.
215 442 256 511 D.
272 445 324 525 34,
339 445 368 528 3,
383 444 414 528 8,
428 445 457 509 2.
503 444 700 529 Pomponius
728 445 812 510 libro
841 448 932 512 sexto
957 447 997 511 ad
1021 445 1078 513 Sa·

63 533 180 598 binum
204 530 252 619 (Ρ
272 529 362 619 509).
389 570 426 579 -
452 531 536 597 Illud
559 532 732 598 videndum
755 538 818 619 est,
841 555 884 599 an
906 535 974 600 eius
997 539 1079 601 tem·

62 623 168 707 poris,
198 623 285 686 intra
308 621 393 706 quod
416 625 525 706 petere
547 622 640 687 heres
662 623 782 689 vetitus
806 623 863 707 sit,
889 624 940 688 vel
963 645 1078 690 usuras

62 711 117 776 vel
135 732 258 795 poenas
275 716 385 794 petere
403 711 517 794 possit.
554 717 586 776 et
600 710 730 776 Priscus
744 711 898 777 Neratius
918 712 1079 778 existima·

63 801 124 866 bat
142 799 345 865 committere
364 820 437 863 eum
456 798 609 865 adversus
627 803 867 885 testamentum,
887 801 915 865 si
933 803 1078 886 petisset.

154 893 339 970 Pomponius
362 893 459 952 addit:
484 887 574 971 ‘qnod
598 913 702 953 verum
725 888 791 955 est'.

400 1071 448 1130 Dc
468 1071 623 1144 usufructu
644 1073 745 1147 leuato.

374 1186 419 1242 De
437 1188 491 1242 loci
507 1187 657 1255 usufructu
674 1189 770 1258 deputo.

155 1277 200 1343 6⁸.
223 1276 263 1342 D.
278 1277 309 1361 8,
322 1277 352 1355 5,
369 1278 401 1362 2,
415 1278 445 1342 2.
471 1276 562 1342 Idem
577 1277 633 1365 (sc.
647 1274 824 1364 Ulpianus)
837 1278 922 1344 libro
938 1280 1076 1363 septimo

67 1366 193 1432 decimo
217 1365 257 1430 ad
281 1365 420 1431 edictum
443 1364 492 1452 (P.
506 1363 595 1454 594).
620 1403 662 1413 -
686 1365 884 1433 ..Neratius
904 1369 1026 1453 scribit,
1050 1370 1077 1434 si

65 1455 166 1521 medii
186 1454 252 1519 loci
271 1476 349 1519 usus
368 1454 494 1520 fructus
512 1455 647 1540 legetur,
670 1455 732 1520 iter
752 1477 877 1541 quoque
897 1457 997 1542 sequi,
1019 1479 1077 1541 per

63 1567 103 1610 ca
128 1544 252 1609 scilicet
274 1544 346 1609 loca
368 1543 468 1625 fundi,
490 1565 548 1627 per
574 1566 656 1628 quae
675 1544 730 1628 qui
747 1566 843 1608 usum
860 1544 1002 1611 fructum
1020 1546 1077 1629 <in

62 1633 156 1718 iure>
183 1632 281 1698 cessit
308 1633 535 1714 constitueret,
563 1637 721 1717 quatenus
749 1636 800 1697 est
832 1632 872 1698 ad
904 1633 1077 1700 fruendum

61 1742 291 1788 necessarium.

155 1809 201 1876 db.
223 1808 298 1874 Vat.
317 1808 370 1874 54.
395 1846 436 1856 —
462 1808 552 1874 Sicut
573 1810 684 1896 legato
707 1830 768 1874 usu
791 1809 899 1874 fructu
921 1811 985 1876 loci
1008 1813 1076 1877 sine

63 1899 222 1965 servitute
249 1898 311 1962 iter
339 1920 466 1982 quoquc
489 1920 547 1983 per
568 1900 639 1963 loca
662 1898 830 1963 testatoris
854 1898 998 1983 debetur,
1028 1900 1076 1964 ita

61 1991 96 2053 in
125 1988 195 2052 iure
223 2008 313 2052 casso
341 1986 405 2050 iter
435 2008 561 2071 quoque
589 1987 748 2051 contineri
769 1985 923 2051 Neratius
951 1988 1074 2053 scribit.

216 2143 261 2198 Dc
278 2145 374 2199 domus
391 2143 540 2211 usufructu
557 2143 704 2198 dubitandi
723 2158 808 2199 causa
825 2143 926 2198 relicto.

155 2236 184 2300 7.
209 2233 247 2301 D.
263 2236 293 2317 7,
309 2236 338 2318 8,
355 2236 408 2317 10,
423 2235 453 2299 2.
498 2232 657 2318 Ulpianus
679 2234 764 2299 libro
788 2235 927 2318 septimo
950 2234 1073 2300 decimo

62 2325 104 2390 ad
132 2322 288 2389 Sabinum
316 2324 366 2410 (P.
384 2320 497 2410 2576).
528 2359 565 2371 -
595 2371 625 2388 ..
653 2323 681 2386 si
709 2323 754 2388 sio
780 2323 913 2388 relictus
941 2323 983 2387 sit
1014 2322 1074 2388 ‘illi

60 2415 178 2478 domus
211 2434 304 2477 usum
330 2412 469 2478 fructum
496 2410 667 2492 habitandi
695 2409 813 2494 oausa',
846 2415 954 2476 utrum
982 2411 1072 2476 habi-

59 2503 221 2568 tationem
244 2524 284 2566 an
308 2523 384 2567 vero
408 2504 440 2565 et
463 2523 556 2565 usum
579 2500 720 2565 fructum
739 2500 869 2577 habeat,
893 2500 1073 2566 videndum.

60 2598 95 2656 et
123 2589 280 2655 Proculus
313 2595 346 2654 et
371 2587 524 2654 Neratius
557 2591 674 2673 putant
707 2590 809 2654 solam
836 2589 1070 2655 habitationem
1134 2618 1137 2623 >

58 2682 215 2766 legatam.

151 2771 298 2849 Ulpianus
320 2771 417 2833 addit:
442 2766 532 2847 ‘quod
556 2775 604 2832 est
628 2763 752 2832 verum'.

407 2924 451 2979 Dc
468 2924 529 2978 iure
547 2923 723 2978 accrescendi.

152 3017 197 3081 8².
220 3015 296 3080 Vat.
313 3014 353 3080 fr.
367 3017 387 3095 ἓ
403 3016 445 3080 83
459 3010 573 3101 (Ulp.).
587 3049 632 3060 -
645 3011 722 3079 Non
738 3013 863 3078 solum.
879 3063 886 3077 .
901 3013 928 3077 si
944 3013 1069 3079 duobus

58 3107 100 3171 do
115 3106 190 3191 lego
205 3104 419 3169 ususfructus
434 3104 570 3188 legetur,
588 3102 715 3166 eritius
730 3100 942 3185 adcrescendi,
956 3124 1069 3167 verum

58 3194 138 3278 <et>
171 3194 199 3258 si
231 3193 325 3257 alteri
357 3214 435 3256 usus
466 3193 605 3274 fructus,
637 3191 733 3255 alteri
764 3191 960 3275 proprietas;
994 3213 1070 3254 nam

59 3285 232 3348 amittente
250 3303 344 3346 usum
363 3281 503 3345 fructum
523 3280 634 3363 altaro,
652 3280 703 3344 cui
722 3283 792 3344 erat
807 3279 944 3364 legatus,
964 3279 1068 3362 magis

57 3374 129 3438 iure
160 3369 366 3436 adcrescendi
393 3370 433 3434 ad
459 3369 598 3433 alterum
624 3369 766 3452 pertinet
794 3389 890 3452 quam
917 3366 1001 3430 redit
1029 3366 1069 3430 ad

57 3460 302 3545 proprietatem.
351 3480 410 3523 nec
442 3479 575 3539 novum3
606 3479 684 3522 nam
717 3460 750 3521 et
782 3457 811 3520 si
839 3455 962 3520 dnobus
991 3475 1068 3518 usus

58 3551 186 3616 fructus
214 3549 341 3633 legetur
364 3551 398 3611 et
420 3546 505 3632 apud
529 3547 666 3610 alterum
692 3546 735 3609 sit
757 3544 1001 3625 consolidatus,
1018 3542 1081 3605 'xus

814 3648 871 3704 ‘22‘
