2430 3944
150 169 216 234 338
253 169 286 225 V.
305 168 455 225 NERVAE
474 168 520 224 ET
537 169 690 224 TRAIANI
709 169 818 225 TEMP.
836 169 933 226 IURIS
953 168 1132 226 CONSULTI

153 336 202 398 est
234 333 340 417 primo
368 332 440 398 loco
468 330 628 416 Stichum,
660 333 800 398 secundo
829 354 901 398 eum
929 333 980 398 cui
1008 355 1047 398 ex
1073 333 1165 398 fidei-

155 419 320 487 commissi
343 442 442 486 causa
463 421 647 486 libertatem
671 421 777 507 debet,
798 423 935 487 liberum
958 425 992 486 et
1013 422 1165 487 heredem

155 510 348 594 instituerit,
379 508 532 576 Neratius
563 509 702 576 secundo
729 509 801 576 loco
830 511 986 596 scriptum
1013 510 1165 576 heredem

154 598 225 664 fore
253 599 312 684 ait,
340 597 415 701 quia
442 620 509 664 non
525 593 663 664 'videtur
690 599 884 665 creditorum
911 599 1165 665 fraudandorum

151 709 249 752 causa
272 709 499 752 manumrssus.

241 797 305 858 Gai.
323 799 439 873 2,154.
477 793 497 858 ³.
512 846 518 859 .
534 799 587 877 qui
608 800 772 859 facultates
795 818 866 859 suas
890 803 1045 876 suspectas
1063 801 1165 878 habet,

153 886 234 948 solet
257 906 378 948 servum
402 906 489 948 suum
506 888 603 964 primo
623 890 677 948 aut
696 888 824 949 secundo
843 889 893 949 vel
910 890 1003 949 etiam
1019 889 1164 949 ulteriore

152 976 250 1124 gfragrlr
277 975 407 1035 liberum
434 971 520 1053 <esse
548 972 675 1055 iubere>
702 979 733 1036 et
758 976 899 1037 heredem
926 977 1128 1037 instituere..
1145 971 1163 1036 .'

151 1083 186 1124 c.
247 1085 275 1141 p.
293 1069 320 1143 1,
334 1069 387 1126 41.

243 1167 272 1232 2.
300 1165 340 1231 D.
355 1167 408 1246 28,
422 1166 497 1251 5,9,
514 1166 564 1230 14.
610 1165 768 1251 Ulpianus
796 1167 880 1231 libro
905 1167 1018 1251 quinto
1041 1168 1083 1232 ad
1107 1165 1163 1232 Sa·

152 1253 265 1320 binum
294 1252 343 1341 (P.
364 1255 474 1339 2464).
502 1289 545 1301 -
578 1252 613 1319 Si
645 1255 718 1339 quis
746 1255 793 1319 ita
822 1254 989 1339 scripserit
1020 1253 1165 1322 ‘Stichus

154 1343 236 1408 liber
255 1348 325 1408 esto
345 1349 389 1427 et,
404 1347 616 1428 posteaquam
636 1343 720 1409 liber
738 1344 809 1428 erit,
826 1344 920 1408 heres
935 1344 1027 1429 esto',
1047 1344 1165 1427 Labeo,

153 1431 308 1497 Neratius
340 1435 374 1495 et
400 1431 512 1497 Aristo
544 1429 718 1516 opinantur
749 1432 892 1497 detrecto
924 1433 1024 1498 verbo
1057 1433 1164 1498 medio

153 1517 291 1603 ‘postea’
322 1521 418 1585 simul
446 1521 479 1585 ei
506 1522 539 1584 et
565 1521 751 1585 libertatem
779 1524 812 1585 et
838 1520 1051 1587 hereditatem
1079 1543 1163 1587 com-

152 1612 270 1692 petere.
304 1682 305 1686 Ἰ

563 1747 613 1815 De
636 1751 750 1834 lupatis.

452 1878 499 1939 De
521 1880 680 1955 lautorum
700 1882 860 1956 paucitas.

429 1995 474 2051 Dc
493 1997 580 2066 leuato
593 2012 646 2066 per
663 1997 882 2052 vindicationem.

242 2089 273 2154 3.
296 2085 367 2152 Gai.
381 2088 412 2171 2,
429 2087 500 2152 195.
524 2123 567 2134 -
592 2138 621 2153 ..
637 2139 643 2152 .
658 2087 691 2153 N
693 2111 768 2154 erva
783 2139 790 2153 .
804 2139 811 2154 .
826 2093 859 2154 et
876 2088 1032 2156 Proculus
1052 2093 1167 2157 ceteri-

154 2197 216 2261 que
253 2177 341 2241 illius
378 2174 508 2240 scholae
541 2181 689 2242 auctores
720 2199 787 2242 non
819 2178 913 2242 aliter
944 2183 1062 2263 putant
1093 2203 1164 2246 rem

152 2265 304 2352 legatarii
326 2264 412 2349 fieri,
440 2286 537 2349 quam
561 2265 590 2329 si
612 2265 754 2330 voluerit
776 2288 847 2331 eam
871 2267 911 2332 ad
935 2289 968 2332 se
991 2270 1166 2354 pertinere.

433 2439 478 2494 De
496 2439 583 2509 lepato
597 2456 650 2510 per
668 2441 878 2496 damnationem.

239 2531 269 2594 4.
293 2530 331 2594 D.
346 2531 398 2614 31,
413 2527 465 2614 67,
480 2531 509 2596 8.
550 2529 640 2596 Idem
660 2527 718 2617 (sc.
735 2530 950 2619 Papinianus)
968 2533 1052 2599 libro
1075 2558 1166 2601 nono

151 2619 274 2683 decimo
295 2618 528 2694 Quaestionum
553 2616 602 2706 (P.
615 2618 705 2707 288).
728 2657 773 2668 -
796 2620 830 2685 Si
855 2625 1042 2707 ramicum,
1066 2646 1164 2708 quam

152 2707 377 2772 existimabam
406 2729 525 2788 meam,
552 2711 586 2772 te
613 2708 730 2774 herede
756 2710 909 2776 instituto
933 2709 1021 2777 Titio
1047 2713 1166 2797 legem,

151 2816 217 2860 non
251 2799 301 2860 est
332 2793 459 2860 Neratii
491 2795 596 2861 Prisci
628 2799 807 2862 sententiae
840 2820 900 2863 nec
936 2801 1164 2867 constitutioni

151 2880 209 2970 (sc.
229 2883 295 2948 divi
313 2882 377 2960 Pii)
400 2886 500 2970 locus,
523 2907 587 2970 qua
611 2889 756 2967 cavetur,
778 2908 845 2951 non
867 2888 1047 2972 cogendum
1071 2912 1163 2974 prae-

151 2975 236 3037 stare
258 2973 405 3057 legatum
427 2974 586 3039 heredem.

241 3083 306 3145 Gai.
327 3088 356 3162 2,
376 3088 450 3146 202.
496 3080 537 3145 ἵ.
557 3104 651 3162 eoque
683 3106 791 3165 genere
823 3089 917 3166 legati
945 3089 1037 3148 etiam
1065 3090 1166 3150 aliena

151 3190 200 3231 res
223 3172 319 3250 legari
341 3167 461 3250 potest.2
508 3174 531 3233 Ι.
547 3177 574 3247 2,
592 3177 642 3247 20,
657 3177 687 3235 4.
719 3170 739 3235 ἵ
754 3223 760 3236 .
776 3223 783 3237 .
798 3176 877 3254 quod
892 3221 900 3237 .
915 3223 921 3236 .
937 3177 1066 3238 diximus
1090 3180 1161 3239 alie·

151 3279 221 3319 nam
244 3281 308 3321 rem
330 3281 418 3338 posse
437 3263 541 3341 legari,
564 3263 609 3322 ita
626 3263 863 3342 intellegendum
881 3268 935 3343 est,
959 3268 984 3326 si
1003 3268 1163 3328 defunctus

151 3349 265 3409 sciebat
291 3350 421 3410 alienam
448 3368 511 3411 rem
540 3368 619 3429 esse,
645 3372 705 3414 non
720 3357 764 3413 -et
787 3354 812 3414 si
834 3355 1007 3433 ignorabat3
1034 3356 1163 3417 forsitan

152 3439 239 3518 enim,
264 3439 290 3497 si
311 3440 418 3551 scisset
440 3440 577 3519 alienam,
598 3460 657 3502 non
679 3443 821 3521 legasset
861 3447 891 3504 et
913 3442 957 3503 ita
981 3444 1067 3505 divus
1091 3446 1164 3505 Pius

150 3527 312 3604 rescripsit.
