2430 3944
351 167 377 219 4.
397 162 429 219 L.
447 160 630 221 sursulus
647 161 798 221 fumeus
1008 163 1075 231 295

63 294 265 407 censue,
278 330 534 406 nemausen
547 332 640 407 pue.
666 330 820 404 uiuus.
835 332 863 395 6.
877 330 1075 393 sau-suun

62 440 91 496 p.
107 423 161 481 30.
205 419 299 479 Lenel
321 419 361 479 ad
382 419 467 482 Paul
487 422 572 481 1116
597 437 625 481 n
640 420 670 482 4.
716 438 793 497 quse
815 419 958 481 Neratius
981 421 1073 498 scrip-

63 509 151 587 serit,
175 512 257 570 certe
280 508 346 567 erui
367 508 482 584 nequit.

448 660 499 727 Dc
519 683 553 726 rc
573 663 695 729 usuris.

152 769 197 834 3?
221 769 259 835 D.
273 769 327 852 42,
342 771 372 854 1,
385 769 439 834 21.
483 767 603 835 Paulus
625 769 709 837 libro
732 772 823 835 sexto
847 768 888 839 ad
910 768 1074 837 Plautium

63 857 113 944 (P.
129 853 256 943 11311).
280 893 321 904 -
347 856 459 923 Sicut.
474 905 482 922 .
496 878 569 923 cum
591 858 709 924 11161116
733 859 855 943 egitur,
876 858 924 923 ita
947 862 980 923 et
1001 880 1074 927 cum

63 969 184 1031 socero,
209 952 334 1013 utnon
356 947 443 1012 ultre
464 946 636 1012 facultates
661 945 838 1013 damnetur.
883 969 926 1015 au
950 947 978 1011 si
1000 969 1074 1015 eum

63 1057 175 1102 socero
199 1056 239 1099 ex
262 1035 477 1119 promissione
499 1034 585 1101 dotis
608 1039 733 1120 agatur,
755 1036 789 1104 iu
811 1033 843 1098 id
862 1035 948 1120 qued
966 1035 1073 1102 facere

62 1128 181 1208 potest,
204 1123 403 1189 damnandus
427 1121 491 1188 sit?
515 1123 600 1206 quod
622 1120 746 1191 iiidcccl
768 1145 906 1209 acquum
929 1145 1000 1189 csse
1024 1126 1071 1189 vi·

63 1213 166 1279 detur.
203 1212 260 1277 sed
282 1212 347 1277 alic
371 1212 440 1276 iure
463 1211 595 1296 utimm,
618 1215 654 1277 ut
676 1215 710 1277 et
732 1211 885 1279 Neratius
908 1213 1032 1286 scribit.

364 1392 418 1457 IV.
440 1393 488 1453 De
510 1394 651 1470 nuptiis
673 1393 777 1457 liber.

152 1518 238 1589 Quod
256 1518 346 1578 huius
363 1517 443 1594 libri,
462 1536 548 1595 quem
569 1517 685 1578 Gellius
699 1519 729 1595 4,
743 1519 764 1577 4
781 1518 888 1577 laudat
905 1511 1073 1599 (Neratius

62 1608 182 1684 scripsit
204 1607 236 1666 in
262 1607 338 1666 libro
371 1625 460 1683 quem
492 1606 528 1665 de
557 1607 672 1683 nuptiis
700 1598 906 1686 composuit'),
938 1607 970 1665 in
997 1607 1072 1668 iuris

62 1697 266 1756 consultorum
297 1695 474 1772 fragmentis
506 1714 524 1753 6
551 1694 732 1755 Tribcniano
763 1695 892 1771 receptis
923 1714 1072 1772 nusquam

62 1785 173 1845 mentio
206 1784 253 1859 fit,
285 1783 395 1842 mirum
425 1800 486 1842 uon
515 1786 569 1844 cst.
619 1801 677 1859 quo
704 1783 737 1847 in
763 1782 843 1842 libro
870 1784 1072 1861 componendo

61 1873 221 1934 Neratium
248 1871 346 1932 Servii
375 1871 453 1931 libre
484 1870 521 1930 de
550 1870 670 1931 dotibus
698 1863 728 1952 (1
749 1891 777 1947 p.
798 1864 891 1952 226),
923 1891 1012 1949 quem
1040 1874 1073 1931 in

62 1962 303 2022 Membranarum
330 1979 447 2038 quoque
470 1959 548 2019 libro
571 1959 602 2018 II
624 1959 730 2018 attulit
752 1951 805 2040 (D.
821 1961 871 2036 12,
886 1960 950 2036 4,8
975 1954 1072 2030 ‘Quod

63 2051 183 2111 Servius
215 2051 247 2108 in
277 2049 355 2109 libro
387 2048 423 2108 de
456 2048 577 2108 dotibus
608 2041 752 2127 scribit'),
784 2065 872 2106 usum
900 2066 964 2108 esse
991 2050 1071 2108 idem

62 2138 176 2198 Gellius
204 2138 299 2197 tradit
325 2130 473 2219 (Servius
497 2136 646 2211 Sulpicius
673 2136 706 2194 in
731 2136 809 2195 libro
836 2155 925 2211 quem
950 2136 1070 2211 scripsit

62 2228 96 2286 (16
119 2228 241 2287 dotibus
262 2271 312 2286 ...
330 2226 430 2303 iuquit
444 2271 451 2284 .
466 2273 472 2285 .
487 2271 494 2285 .
509 2226 582 2285 haec
605 2225 709 2285 eadem
732 2224 874 2283 Neratius
898 2226 1017 2302 scripsit
1039 2226 1072 2283 in

61 2315 137 2375 libro
153 2364 159 2376 .
175 2364 182 2376 .
198 2309 240 2395 .’)
295 2334 314 2373 6
344 2314 469 2374 Neratio
502 2317 602 2373 autem
631 2312 763 2373 Gellium
793 2331 830 2372 66
861 2332 937 2390 quac
968 2316 1004 2371 ut
1035 2333 1071 2372 cx

62 2403 158 2464 Servii
183 2404 260 2463 libro
282 2403 379 2480 petits
401 2403 531 2480 profert,
558 2403 686 2462 fortasse
709 2420 728 2461 a
748 2401 874 2461 Neratio
896 2404 1070 2461 mutuatum

62 2511 124 2553 esse
153 2493 293 2552 Karlowa
314 2491 339 2570 1,
360 2493 421 2552 705
450 2492 630 2566 suspicatur.
674 2509 748 2550 num
771 2489 900 2549 Senecae
927 2490 1004 2550 libro
1033 2491 1070 2551 de

61 2582 249 2641 matrimonio
280 2574 361 2661 (opp.
389 2580 433 2639 ed.
462 2579 542 2639 Nrid.
560 2580 661 2639 Haase
682 2579 730 2638 111
751 2599 780 2654 p.
798 2572 948 2659 428sqq.)
974 2579 1068 2639 Nera-

59 2670 119 2730 tius
147 2688 221 2729 usus
249 2670 301 2743 sit,
328 2688 387 2728 nou
413 2668 510 2747 magis
534 2668 642 2728 scimus
666 2687 756 2747 quam
777 2687 851 2727 num
873 2667 1069 2745 Modestinus,

61 2759 111 2836 qni
139 2760 176 2816 de
202 2758 266 2817 ritu
291 2758 463 2833 nuptiarum
492 2757 602 2816 librum
630 2757 812 2834 singularem
841 2756 948 2832 edidit,
983 2757 1068 2816 cuius

59 2865 153 2906 unum
180 2847 383 2924 fragmentum
410 2849 494 2905 extat
521 2838 571 2928 (D.
589 2847 638 2922 23,
654 2848 684 2924 2,
698 2838 769 2925 42),
793 2863 829 2903 ex
850 2844 967 2904 Neratii
988 2845 1067 2904 libro

60 2935 203 2995 hauserit.
239 2935 290 3011 qui
309 2935 386 2994 liber
405 2954 458 2994 cur
474 2934 506 2993 id
521 2934 601 3011 quod
614 2934 743 2992 Dirlrseu
758 2925 901 3013 (Hinterl.
916 2933 1066 2992 Schriften

60 3017 182 3104 L323)
210 3023 320 3101 voluit,
353 3024 593 3082 Membranarum
619 3022 767 3082 librorum
793 3023 885 3097 caput
910 3021 1066 3097 habeatur,

60 3111 165 3172 idonea
188 3112 266 3171 ratio
289 3118 426 3171 nonest.

149 3196 178 3260 1.
206 3195 384 3274 (161114.
415 3231 456 3242 -
488 3192 659 3278 Sponssliu
690 3193 725 3257 in
757 3215 795 3258 ea
821 3196 915 3278 parte
941 3192 1067 3275 Italiae,

60 3304 139 3366 quae
162 3283 294 3348 Latium
324 3284 518 3368 appellatur,
545 3283 607 3347 hoc
634 3303 723 3346 more
751 3286 847 3366 atque
874 3282 943 3346 iure
970 3281 1067 3345 solita

60 3371 128 3436 fieri
152 3371 282 3456 scripsit
306 3369 434 3436 Seruius
458 3369 619 3455 Sulpicius
642 3372 676 3434 in
698 3371 793 3454 libro,
816 3391 911 3453 quem
936 3369 1067 3452 scripsit

130 3535 144 3582 1
165 3527 212 3584 Fl.
232 3530 260 3582 et
278 3527 316 3583 id.
