2438 3930
1031 167 1109 223 XXV

122 323 219 384 llesurii
242 325 346 386 Sabini
374 323 449 384 iuris
479 325 575 386 civilis
599 327 700 405 libros,
724 328 776 388 sed
800 329 892 389 etiam
916 331 954 390 ad
978 333 1111 394 edictum

121 415 240 488 praetoris
254 413 457 490 amplissimos
475 417 705 476 commentarios
721 419 921 492 composuisse
934 424 1040 480 notum
1056 427 1112 483 est.

186 503 386 564 Posteriorum
414 522 487 563 uero
514 503 672 564 ‘librorum
704 505 882 580 quibusdam
910 508 1110 572 [tribonianus

118 590 213 650 ridetur
233 611 306 652 usus
330 609 395 652 esse
419 591 556 670 integris,
579 593 718 668 inprimis
741 594 870 655 Traiano
894 597 956 656 fere
974 598 1111 675 principe

118 678 197 759 editis,
220 681 335 741 scilicet
357 680 478 740 Neratii
497 684 529 741 et
551 677 693 744 Ia'voleui.
740 682 776 742 de
800 683 924 761 reliquis
947 704 1007 745 non
1030 687 1110 747 idem

118 766 251 829 dicendum
274 773 329 830 est.

185 859 309 918 Antistii
323 858 474 918 Labeonis
493 858 615 936 quidem
631 878 727 935 neque
747 859 841 920 libros
861 859 899 918 ad
913 861 971 919 ΧΠ
990 863 1109 924 tabulas

115 947 250 1022 nequead
274 947 372 1007 edicta
395 950 570 1024 praetorum
589 949 639 1006 vel
661 947 800 1007 aedilium
827 950 989 1026 curulium,
1013 970 1109 1027 neque

115 1032 315 1110 Responsorum
337 1036 386 1096 vel
404 1035 616 1111 Epistularum
634 1036 736 1112 libros,
760 1040 795 1095 ut
813 1037 888 1097 alios
908 1038 1055 1113 omittam,
1078 1040 1110 1099 in

115 1120 254 1183 Iustiniani
274 1124 408 1202 Digestis
432 1125 643 1200 componendis
667 1125 748 1200 ipsos
772 1125 922 1186 adhibitos
946 1145 1010 1186 esse
1034 1128 1108 1187 satis

116 1217 220 1286 apparet
240 1206 292 1293 (cf.
311 1213 350 1286 II,
371 1216 387 1271 1
409 1233 437 1288 p.
453 1215 504 1273 81.
525 1215 575 1274 84.
595 1215 646 1273 89.
667 1214 718 1272 95.
739 1214 810 1273 145.
832 1208 920 1291 147).
952 1221 1109 1290 praeterea

87 1306 93 1323 ¹
116 1316 193 1376 neque
211 1321 245 1360 ex
264 1303 415 1360 Πιθανῶν
438 1302 533 1374 libris,
557 1320 737 1379 quamquam
761 1302 794 1361 in
816 1301 915 1362 indice
934 1303 1108 1364 Florentino

114 1388 277 1468 referuntur,
301 1409 398 1468 neque
424 1409 462 1448 ex
484 1391 706 1450 Posterioribus
730 1392 812 1468 ipsis,
835 1392 887 1449 sed
910 1409 945 1450 ex
969 1392 1107 1466 epitomis

113 1477 222 1554 butum,
245 1478 367 1538 illorum
389 1479 489 1556 Pauli,
513 1481 620 1538 horum
643 1479 791 1556 Iauoleni,
820 1479 990 1557 fragmenta
1012 1482 1109 1556 petita

114 1564 232 1626 ridentur
255 1586 319 1627 esse
343 1560 397 1649 (Π,
419 1570 435 1626 1
461 1589 490 1642 p.
507 1571 570 1628 149
590 1570 621 1626 et
641 1570 712 1628 161.
738 1569 774 1627 cf.
797 1567 829 1626 H
849 1571 868 1626 2
888 1588 916 1643 p.
936 1561 1026 1649 103).

184 1655 265 1714 Idem
289 1657 326 1715 de
344 1657 471 1716 Masurii
492 1656 596 1715 Sabini
618 1655 704 1715 libris
727 1656 921 1716 statuendum
944 1667 999 1733 est,
1023 1657 1107 1717 cuius

113 1740 172 1801 iuris
196 1745 289 1804 civilis
313 1744 459 1805 librorum
483 1745 514 1803 in
537 1745 712 1804 Florentino
735 1744 832 1804 indice
856 1745 1047 1805 laudatorum
1069 1766 1107 1805 ne

113 1847 188 1890 uuum
204 1834 324 1908 quidem
342 1834 547 1911 fragmentum
563 1833 666 1893 Sabini
683 1833 801 1892 nomine
820 1834 1000 1910 inscriptum
1015 1836 1106 1909 extat,

114 1921 138 1975 st
156 1919 186 1978 de
206 1921 308 1981 Cassio
331 1921 482 2000 Longino,
507 1922 590 1981 cuius
614 1922 781 1981 doctrinam
805 1941 841 1981 ex
863 1922 899 1980 iis
923 1921 1008 1982 libris
1032 1942 1106 1999 quos

114 2003 251 2173 {stelenus
270 2030 307 2069 ex
326 2009 429 2070 Cassio
444 2011 516 2070 fecit
530 2030 549 2068 a
563 2010 743 2070 Triboniano
759 2011 885 2085 petitam
901 2029 965 2069 esse
981 2015 1107 2087 apparet

185 2187 225 2246 De
244 2092 366 2247 Prliouli
380 2187 587 2262 Epistularum
606 2189 700 2266 libris,
720 2206 901 2264 quamquam
919 2188 1008 2262 plura
1024 2188 1105 2266 frag·

113 2277 195 2333 menta
208 2277 288 2335 illius
304 2277 422 2335 nomine
438 2281 544 2335 ornata
559 2281 628 2336 sunt
643 2267 696 2354 (ll,
712 2280 731 2334 2
746 2298 775 2352 p.
789 2271 987 2354 113—129),
1004 2281 1107 2336 tamen

112 2358 289 2423 dubitandum
322 2368 382 2441 est,
413 2383 481 2423 cum
512 2365 688 2425 Iauolenum
719 2366 750 2423 in
778 2366 985 2441 Epistularum
1018 2366 1105 2426 libris

111 2446 212 2510 Proculi
236 2454 396 2529 epistulam
415 2455 554 2513 attulisse
573 2458 688 2513 certum
708 2455 747 2513 sit
766 2446 820 2535 (Π,
836 2457 853 2512 2
874 2474 902 2529 p.
918 2457 991 2513 464.
1015 2447 1105 2535 476),

110 2537 144 2595 ita
159 2543 190 2600 ut
208 2542 421 2601 Tribonianum
441 2543 612 2620 fragmenta
629 2544 764 2602 Iauoleni
782 2544 867 2601 libris
886 2543 993 2602 debere
1015 2545 1105 2603 liceat

108 2631 207 2700 putare.
243 2635 400 2707 praeterea
417 2631 526 2690 indicio
544 2633 671 2692 fortasse
691 2636 744 2704 est,
764 2637 841 2709 quod
861 2651 928 2691 cum
942 2632 1104 2691 Proculum

108 2719 164 2775 octo
194 2720 402 2794 Epistularum
438 2720 531 2779 libros
563 2721 764 2796 composuisse
800 2720 896 2779 indice
930 2721 1104 2780 Florentino

107 2805 238 2879 tradatur,
257 2809 287 2865 in
305 2808 436 2883 Digestis
455 2810 605 2867 undecimi
622 2810 692 2867 libri
710 2810 881 2886 fragmenta
900 2813 1003 2868 extant
1023 2802 1103 2889 (112

104 2913 127 2966 p.
151 2890 348 2975 128—129),
380 2898 432 2971 qui
464 2898 541 2956 liber
567 2898 666 2957 nescio
695 2918 732 2957 an
759 2899 838 2956 idem
871 2898 911 2956 sit
938 2901 1028 2973 atque
1055 2897 1103 2956 Ia·

104 2983 192 3042 solani
214 2985 290 3043 liber
313 2985 357 3043 XI
379 2986 585 3060 Epistularum
607 2980 659 3066 (of.
683 2987 722 3064 ΙΙ,
747 2989 765 3044 2
790 3008 817 3061 p.
839 2984 1042 3067 ese-487),
1073 2987 1105 3045 in

102 3071 269 3149 fragmentis
297 3074 357 3132 illis
385 3074 594 3149 componendis
622 3094 721 3134 errore
750 3076 788 3133 ad
816 3075 976 3134 Proculum
1006 3080 1103 3134 trans·

101 3161 229 3236 scriptus

182 3251 217 3308 ln
244 3250 402 3310 Iustiniani
426 3251 561 3327 Digestis
589 3271 649 3311 non
672 3271 739 3311 raro
764 3252 896 3311 eiusdem
921 3251 1028 3328 operis,
1052 3251 1104 3309 sed

97 3339 169 3396 varii
190 3340 358 3416 argumenti
376 3340 546 3416 fragmenta
564 3341 765 3411 inveniuntur,
788 3342 873 3400 velut
891 3341 925 3400 D.
937 3343 988 3414 50,
1000 3343 1028 3407 6,
1040 3341 1102 3397 157

95 3432 125 3485 et
148 3429 209 3486 242
234 3429 283 3487 vel
305 3427 342 3487 D.
358 3431 409 3505 50,
426 3431 476 3506 17,
493 3430 546 3505 73,
570 3430 601 3487 in
624 3429 732 3506 quibus
758 3428 791 3499 Q.
810 3430 900 3488 Mucii
924 3428 993 3485 libri
1017 3425 1103 3503 ὅρων,

95 3517 171 3575 Aelii
197 3516 273 3576 Galli
303 3517 373 3575 libri
401 3518 416 3574 I
445 3518 480 3576 de
508 3518 588 3578 verb.
617 3517 729 3595 signifi,
758 3518 891 3577 Iauoleni
917 3516 987 3573 libri
1013 3515 1044 3572 Π
1068 3534 1104 3572 ex
