2430 3944
149 147 215 212 252
240 149 287 203 IV.
303 149 522 205 VESPASIANI
536 149 609 204 ΤΙΤΙ
624 149 820 212 DOMIIIANI
833 149 940 207 TEMP.
953 150 1052 206 IURIS
1068 150 1170 208 CONS.

148 317 292 378 aedilium
324 318 483 379 curulium.
535 312 611 389 ‘Qui
640 337 676 378 ea
707 321 806 379 mente
836 319 969 380 alienum
999 318 1072 396 quid
1103 339 1170 382 con-

147 408 303 485 trectavit,
322 410 358 466 ut
375 407 565 486 lucrificaret,
584 409 706 468 tametsi
724 409 842 468 mutato
862 408 987 469 oonsilio
1001 408 1032 467 id
1047 409 1170 470 domino

147 499 254 572 postea
272 494 411 571 reddidit,
430 496 480 555 fur
497 499 556 573 est3
574 515 662 557 nemo
677 497 757 556 enim
770 497 828 556 tali
841 500 966 573 peccato
980 498 1171 574 paenitentia

148 602 205 644 sua
227 603 337 644 nocens
361 602 425 644 esse
449 579 579 644 desinit?

238 669 269 732 9.
300 667 341 733 D.
358 667 515 749 ibid.§6.
552 665 603 755 (P.
625 666 748 757 17610).
775 706 813 717 —
840 668 968 736 Caelius
993 720 1022 737 ..
1047 671 1171 752 scribit,

149 756 177 821 si
196 778 325 822 servum
345 757 461 822 emeris
479 757 535 842 qui
554 779 588 822 se
607 759 642 822 in
656 757 801 823 Tiberim
819 758 944 844 deIecit,
963 759 991 824 si
1009 760 1172 825 moriendi

148 845 319 910 dumtaxat
341 846 478 911 consilio
502 850 651 931 suscepto
676 870 695 912 a
716 848 848 912 domino
867 847 1081 934 discessisset,
1105 870 1172 914 non

149 957 218 1000 esse
247 935 434 1020 fugitivum3
462 935 518 999 sed
547 935 575 999 si
601 935 699 1019 fugae
726 937 816 1020 prius
845 937 1018 1002 consilium
1044 937 1172 1022 habuit,

148 1022 262 1088 deinde
286 1027 412 1088 mutata
432 1026 600 1088 voluntate
621 1024 656 1088 in
675 1024 821 1089 Tiberim
840 1047 874 1090 se
895 1025 1018 1108 deiecit,
1038 1048 1172 1092 manere

147 1113 333 1197 fugitivum.
380 1111 492 1177 eadem
521 1113 639 1196 probat
667 1118 700 1177 et
727 1113 766 1178 de
797 1135 834 1178 eo
864 1115 920 1199 qui
949 1113 988 1180 de
1010 1120 1113 1198 ponte
1136 1137 1172 1181 se

148 1201 387 1286 praecipitavit.

240 1290 290 1355 10.
313 1287 353 1354 D.
368 1289 446 1354 ibid.
460 1292 480 1370 ξ
496 1292 525 1354 7.
542 1325 580 1337 -
601 1289 694 1354 Idem
711 1292 767 1374 ait,
782 1291 810 1354 si
821 1312 935 1356 servus
945 1297 1023 1357 tuus
1038 1291 1172 1377 fugiens

148 1379 305 1444 vicarium
330 1400 424 1442 suum
448 1400 556 1443 secum
581 1379 734 1443 abduxitt·
753 1380 781 1445 si
804 1381 943 1445 vicarius
965 1381 1089 1445 invitus
1114 1384 1173 1446 aut

148 1467 337 1551 imprudens
356 1471 485 1532 secutus
505 1475 555 1532 est
572 1489 676 1552 neque
696 1469 896 1534 occasionem
914 1469 954 1535 ad
969 1473 1002 1533 te
1015 1468 1173 1535 redeundi

148 1561 264 1620 nactus
293 1556 527 1640 praetermisit,
550 1578 616 1621 non
643 1557 746 1622 videri
772 1557 948 1642 fugitivum
970 1558 1087 1641 fuisse,
1116 1558 1172 1623 sed

84 1685 87 1691 ·
149 1645 177 1708 si
205 1648 261 1709 aut
289 1643 368 1709 olim
395 1665 468 1709 cum
494 1645 624 1730 fugeret
649 1646 811 1711 intellexit
835 1646 912 1731 quid
936 1650 1090 1732 ageretur
1114 1655 1173 1713 aut

148 1737 266 1818 postea
292 1734 445 1818 cognovit
473 1734 549 1818 quid
578 1735 642 1799 acti
670 1738 756 1800 esset
784 1739 818 1799 et
844 1735 948 1800 redire
974 1735 1016 1800 ad
1039 1739 1072 1800 te
1098 1758 1172 1802 cum

148 1826 262 1907 posset
288 1823 407 1907 noluit,
436 1827 550 1888 contra
578 1845 658 1890 esse.
704 1824 791 1889 idem
813 1828 908 1910 putat
934 1824 1109 1889 dicendum
1133 1824 1173 1890 de

150 1932 194 1993 eo
213 1933 309 1995 quem
332 1912 513 1996 plagiarius
537 1912 679 1977 abduxit.

241 2002 291 2065 11.
323 1999 363 2064 D.
377 2000 534 2080 ibid.§8.
560 2037 599 2047 --
624 2001 714 2066 Idem
743 1999 872 2067 (laelius
902 2002 964 2083 ait,
992 2002 1021 2065 si
1050 2024 1174 2085 servus,

56 2130 59 2137 ·
149 2110 222 2154 cum
245 2088 280 2152 in
302 2089 403 2154 fundo
427 2094 522 2172 esset,
546 2090 665 2154 exisset
683 2090 722 2153 de
742 2090 822 2155 villa
842 2112 880 2153 ea
898 2095 1018 2174 mente,
1034 2095 1078 2167 ‚ut
1097 2113 1173 2174 pro·

149 2177 287 2263 lugeret,
310 2180 342 2241 et
366 2179 437 2263 quis
462 2199 535 2242 eum
559 2179 748 2262 priusquam
772 2201 811 2243 ex
834 2177 934 2244 fundo
957 2183 1015 2244 tuo
1040 2181 1175 2265 exisset,

149 2266 455 2351 comprehendisset,
479 2266 654 2350 fugitivum
674 2267 790 2350 videri3
816 2268 961 2332 animum
981 2269 1068 2332 enim
1086 2269 1174 2355 fugi-

149 2356 254 2420 tivum
276 2354 394 2420 facere.

241 2445 291 2509 12.
324 2442 366 2509 D.
384 2444 461 2508 ibid.
480 2446 500 2525 ξ
520 2443 549 2508 9.
581 2480 619 2489 -
649 2441 739 2508 Idem
772 2445 819 2509 ait
850 2467 910 2510 nee
943 2467 1017 2509 eum
1046 2447 1104 2530 qui
1133 2447 1175 2511 ad

149 2531 262 2617 fugam
295 2532 431 2618 gradum
464 2555 564 2597 unum
592 2533 771 2597 alterumve
800 2533 964 2617 promovit
991 2533 1044 2598 vel
1072 2536 1175 2600 etiam

150 2641 278 2685 currere
316 2623 436 2706 coepit,
472 2620 501 2685 si
538 2622 705 2686 dominum
742 2626 928 2705 sequentem
960 2644 1027 2688 non
1059 2629 1177 2707 potest

150 2710 298 2792 evadere,
322 2732 388 2774 non
411 2731 481 2774 esse
504 2710 688 2794 fugitivum.

242 2799 291 2864 13.
319 2797 358 2864 D.
372 2798 482 2880 ibina
499 2799 551 2865 10.
574 2835 612 2846 -
643 2799 732 2863 Idem
757 2848 787 2864 ..
810 2800 857 2864 ait
879 2800 1043 2865 libertatis
1067 2802 1175 2866 cuius·

150 2887 225 2951 dam
250 2887 389 2971 speciem
412 2908 483 2952 esse
506 2887 640 2972 fugisse,
663 2888 726 2952 hoc
750 2893 800 2953 est
823 2893 988 2973 potestate
1008 2888 1176 2956 dominica

149 2977 184 3040 in
207 2977 368 3060 praesenti
392 2976 566 3041 liberatum
591 2999 669 3041 esse.

241 3067 293 3131 14.
316 3063 354 3130 D.
368 3064 445 3130 ibid.
460 3067 480 3145 ὅ
497 3066 547 3131 12.
574 3102 611 3112 —
635 3065 732 3149 Apud
755 3066 941 3131 Labeonem
966 3070 1000 3131 et
1023 3065 1175 3133 Caelium

150 3154 326 3238 quaeritur,
349 3154 378 3216 si
401 3154 473 3237 quis
496 3153 535 3237 in
554 3155 683 3237 asylum
703 3156 888 3240 confugerit
906 3160 964 3220 aut
983 3177 1022 3220 eo
1042 3178 1078 3221 se
1097 3178 1176 3223 con·

149 3243 247 3326 ferat,
276 3264 339 3325 quo
366 3242 473 3306 solent
496 3241 605 3308 venire
629 3244 684 3326 qui
707 3265 741 3308 se
765 3246 895 3309 venales
917 3246 1102 3330 postulant,
1132 3269 1175 3311 an

149 3332 309 3418 fugitivus
323 3331 385 3396 sit.

242 3420 293 3487 15.
320 3419 357 3484 D.
372 3419 483 3500 ibid.§
500 3421 551 3484 13.
578 3456 615 3468 -
641 3418 725 3486 Item
751 3416 882 3486 (laelius
906 3422 1022 3487 scribit
1044 3423 1175 3507 placere

87 3580 88 3583 Ἴ
151 3532 225 3575 eum
249 3531 377 3595 quoque
400 3509 574 3592 fugitivum
599 3530 683 3592 esse,
707 3510 762 3593 qui
787 3531 824 3574 eo
849 3532 883 3575 se
907 3510 1065 3597 conferat,
1087 3513 1176 3577 unde
