2430 3944
94 187 162 254 590
296 158 299 163 ’
466 182 749 238 coniminum.

188 349 218 412 3.
241 345 281 410 Ι).
304 345 381 411 ibid.
405 350 426 428 ἓ
446 348 477 412 7.
498 384 537 395 -
641 347 735 430 quale
759 350 819 428 est,
841 347 929 430 quod
954 347 1051 431 vulgo
1074 346 1110 410 di-

101 441 240 518 ceretur,
263 436 446 519 legatorum
468 437 632 502 rationem
656 435 880 519 separandam.

440 595 491 662 De
514 592 649 662 libertate
671 595 786 660 relicta.

187 712 219 775 4.
251 708 291 774 D.
322 711 376 792 40,
408 712 439 792 4,
472 712 525 777 45.
574 710 660 776 Item
693 709 750 791 (sc.
783 707 1006 796 Modestinus)
1036 709 1109 774 libro

98 802 120 884 <
240 799 261 883 >
284 798 532 865 Pandeotarum.
555 835 599 846 —
622 850 651 864 ..
675 798 771 883 volgo
797 797 916 862 dicitur
941 799 1001 863 sub
1024 798 1108 882 pluri·

99 892 161 954 bur
176 888 420 953 condicionibus
431 889 510 954 data
519 889 668 953 libertate
682 886 883 951 levissimam
898 887 1106 952 condicionem

101 977 311 1061 spectandam
336 998 416 1043 esse.

441 1074 492 1140 De
515 1073 636 1140 laterali
657 1073 779 1138 iudicio.

189 1189 218 1253 5.
241 1186 282 1254 D.
304 1189 359 1273 40,
384 1191 434 1273 12,
457 1190 510 1274 25,
533 1191 562 1256 2.
609 1187 708 1253 Gaius
734 1187 774 1253 ad
798 1187 941 1252 edictum
959 1186 1105 1273 praetoris

99 1279 224 1342 urbani.
246 1277 394 1342 -Licet
416 1280 518 1363 vulgo.
539 1279 663 1343 dicatur
685 1279 761 1360 post
779 1275 968 1340 ordinatum
987 1275 1104 1341 liberale

100 1366 254 1431 iudicium
281 1366 461 1449 hominem,
489 1368 579 1432 cuius
615 1367 654 1430 de
681 1368 769 1430 stetu
804 1366 1028 1430 controversia
1060 1365 1104 1444 est,

103 1454 198 1519 liberi
222 1454 293 1520 loco
318 1476 398 1540 csse,
415 1458 526 1520 tamen
551 1459 583 1520 et
605 1478 635 1539 q.
658 1477 682 1518 s.

399 1613 450 1679 De
472 1636 540 1697 emp
541 1616 621 1680 tione
641 1614 819 1680 venditione.

189 1728 219 1795 6.
241 1727 311 1795 Gai.
339 1730 370 1814 3,
399 1731 471 1794 141.
497 1767 535 1777 -
561 1730 735 1814 ...vulgo
761 1733 879 1814 putant
906 1751 966 1820 per
993 1748 1102 1826 permu-

98 1817 259 1882 tationem
285 1840 394 1883 rerum
426 1821 624 1902 emptionem
652 1823 685 1882 et
712 1818 833 1883 vendit
808 1821 933 1883 tionem
963 1815 1104 1895 contrahi,

99 1927 233 1990 eamque
265 1908 405 1991 speciem
438 1907 611 1992 emptionis
643 1907 903 1992 venditionisque
937 1913 992 1972 vet
979 1904 1104 1971 tustissi·

99 2017 187 2060 mam
211 2018 290 2060 esse.

190 2091 226 2148 cf.
249 2090 273 2148 Ι.
298 2092 326 2167 3,
351 2093 401 2166 23,
427 2085 502 2148 2
541 2089 723 2157 ..illud..
747 2088 826 2167 quod
848 2090 942 2167 vulgo
967 2089 1104 2149 dicebatur

100 2196 155 2252 per
178 2173 442 2254 permutationem'
467 2183 498 2238 et
517 2133 632 2254 ieiiqua
654 2182 690 2237 ut
715 2197 815 2254 snpra.

465 2331 754 2398 ΜΜΜΙΜ

190 2450 217 2513 i.
241 2448 280 2512 D.
305 2449 357 2531 23,
380 2450 410 2531 3,
434 2448 485 2513 68.
531 2444 731 2532 Papinianus
755 2448 838 2513 libro
862 2447 988 2512 decimo
1013 2447 1102 2524 Quae-

100 2536 250 2602 stionum.
281 2573 318 2583 -
376 2536 528 2621 .vulgat
529 2560 584 2601 um
608 2541 658 2601 est
644 2538 775 2602 tdotis
801 2537 1055 2620 promissionem
1079 2535 1103 2597 in

96 2623 212 2706 primis
240 2587 408 2691 dumtaxat
431 2626 554 2709 nuptiis
580 2626 661 2690 dest
637 2626 737 2689 tinara'
767 2646 872 2709 neque
897 2626 1014 2690 durare
1037 2621 1103 2690 obli·

99 2711 273 2796 gationem,
301 2714 329 2778 si
357 2721 434 2798 post
461 2714 593 2778 alterius
618 2714 861 2778 matrimonium
885 2714 915 2778 ei
938 2715 1043 2780 nubat
1063 2709 1104 2776 oui

99 2801 208 2865 dotem
232 2803 436 2884 promiserat.

518 2891 568 2956 De
590 2892 698 2956 tutelis,

170 3005 219 3070 ²8.
244 3003 314 3069 Gai.
335 3005 363 3083 1,
385 3006 456 3070 190.
479 3043 516 3052 —
539 3006 688 3072 Feminas
708 3056 737 3073 ..
759 3006 921 3089 perfectae
945 3007 1062 3072 aetatis
1078 3005 1103 3067 iu

100 3094 204 3159 tutela
228 3116 296 3158 esse
396 3095 480 3158 ratio
506 3096 645 3159 suasisse
668 3095 803 3161 videtur.
834 3095 935 3180 vulgo
964 3096 1104 3172 creditur,

100 3183 176 3264 quia
199 3183 331 3247 levitate
356 3183 456 3246 animi
480 3185 667 3268 plerumque
690 3184 894 3268 decipiuntur
919 3190 953 3248 et
978 3201 1105 3268 aequum

68 3316 70 3320 -
99 3274 171 3333 erat
194 3292 248 3335 eas
272 3276 308 3337 tu
309 3275 417 3336 torum
442 3273 634 3336 auctoritate
657 3273 736 3357 regi.

187 3359 217 3423 9.
255 3359 294 3426 Ι).
329 3360 382 3442 26,
419 3359 449 3438 9,
486 3363 515 3426 3.
573 3360 772 3444 Papinianus
812 3360 900 3427 libro
936 3360 1105 3426 vicensimo

52 3526 60 3546 ..
99 3445 341 3522 Quaestionum.
358 3484 396 3495 —
414 3449 571 3535 .ι..ιιΙςο
592 3451 708 3548 dicitur
727 3449 847 3515 tutoris
862 3449 974 3516 dolum
987 3447 1105 3534 pupillo

99 3556 166 3599 non
189 3545 314 3602 nocere.
