2430 3944
150 181 217 245 292
252 179 285 234 V.
303 175 453 232 NERVAE
471 175 519 230 ET
537 174 691 230 sanam
708 175 817 230 Tm.
835 175 932 232 IURJS
952 173 1136 232 consenui

205 417 228 477 I.
257 415 623 562 Senatusconsultnfm
643 415 794 475 Neratio
816 413 941 474 Prisco
964 415 1114 475 consule

599 509 726 564 actum

238 625 278 690 D.
292 626 346 709 48,
360 626 389 706 8,
403 625 433 688 6.
470 623 646 688 Venuleius
669 621 861 688 Saturninus
884 622 968 688 libro
991 623 1100 706 primo
1123 622 1162 688 de

151 714 258 781 officio
277 712 489 798 proconsulis.
503 749 547 759 —
559 711 594 776 Is
612 712 669 796 qui
687 733 816 776 servum
833 710 1043 776 caenandum
1062 711 1162 777 tradi-

150 805 242 888 derit,
262 825 322 887 pro
340 806 432 886 parte
451 800 583 865 dimidia
600 801 762 867 bonorum
779 800 940 865 multatur
957 821 998 865 ex
1016 805 1162 866 senatus-

151 893 308 970 consulto,
326 890 411 975 quod
425 889 560 955 Neratio
574 888 687 955 Prisco
704 893 737 955 66
751 889 859 954 Annio
872 887 961 954 Vero
976 889 1161 955 consulibus

150 982 354 1046 factumest.

240 1072 373 1133 castrari
404 1090 500 1132 mares
532 1071 738 1131 Domitianum
764 1071 897 1132 vetuisse
924 1071 1074 1131 traditum
1109 1075 1162 1132 est.

152 1163 234 1223 Suet.
253 1162 363 1221 Domit.
385 1163 412 1220 7.
444 1160 502 1228 Dio
521 1159 603 1220 0666.
623 1164 674 1238 67,
694 1164 722 1220 2.
775 1160 856 1237 quod
881 1161 1079 1237 praeceptum
1104 1162 1162 1220 1111-

151 1252 235 1311 sebio
261 1252 339 1310 teste
363 1241 604 1330 (chrosroes)
626 1249 817 1309 referendum
838 1248 959 1308 videtur
982 1248 1021 1307 ad
1043 1252 1164 1325 tempus

153 1360 212 1399 non
234 1359 336 1399 mense
355 1336 478 1398 Octobri
500 1356 646 1397 annorum
666 1340 707 1398 82
732 1338 833 1414 6683,
856 1337 908 1396 sed
927 1335 1052 1398 Octobri
1073 1358 1163 1398 anno·

152 1449 218 1489 rum
248 1430 288 1487 81
319 1431 350 1486 66
376 1428 417 1486 82
445 1427 572 1486 finitum.
618 1427 831 1486 Friedlaender
851 1425 900 1485 III
921 1447 950 1502 p.
965 1428 1040 1487 429.
1087 1427 1165 1503 qnod

152 1517 188 1576 de
225 1517 328 1574 eodem
359 1519 518 1591 praecepto
551 1514 730 1575 Venuleium
763 1515 959 1574 Saturninum
994 1514 1054 1574 vin'
1085 1516 1165 1576 docti

151 1605 243 1681 vulgo
266 1606 376 1678 putant
396 1604 521 1678 referre,
547 1604 614 1662 ideo
638 1604 762 1663 dubium
785 1609 844 1679 est,
867 1602 946 1680 quod
969 1603 1006 1663 de
1031 1608 1164 1664 castran-

153 1693 198 1752 dis
225 1691 397 1751 hominibus
424 1692 514 1767 plura
537 1693 660 1750 senatus
683 1691 820 1751 consulta
841 1692 924 1751 facta
946 1692 1104 1769 videntur,
1132 1696 1166 1752 ut

154 1782 267 1840 Paulus
290 1780 326 1838 D.
343 1781 495 1859 5,23,1e
519 1780 602 1839 aliud
624 1781 738 1840 indicat
760 1780 796 1840 ds
819 1799 854 1840 6ο
877 1781 1001 1857 factum,
1024 1775 1090 1859 ‘qui
1113 1784 1164 1842 ho·

153 1869 263 1928 minem
300 1869 430 1929 invitum
462 1867 593 1928 libidinis
626 1873 680 1929 6116
710 1869 869 1946 promeroii
901 1887 992 1928 causa
1020 1871 1165 1931 castravit

154 1959 384 2018 caenandumve
417 1951 555 2018 curavit'.
605 1957 720 2017 accedit
751 1957 830 2034 quod
862 1956 920 2016 Dio
951 1955 1075 2018 Cassius
1107 1979 1165 2020 non

154 2047 241 2106 modo
260 2046 473 2124 Domitianum,
493 2047 544 2106 sed
562 2046 654 2105 661661
670 2047 801 2106 11611661
818 2047 917 2124 legem
934 2047 1043 2106 tulisse
1061 2049 1162 2120 tradit

153 2154 190 2194 66
214 2135 280 2212 quis
299 2136 468 2195 ennuchum
486 2135 600 2194 faceret
614 2128 682 2217 (68,
697 2128 740 2216 2).
778 2154 868 2211 quam
886 2154 947 2193 rem
968 2154 1004 2194 eo
1023 2136 1165 2213 explicari

153 2228 238 2301 puto,
258 2224 338 2300 quod
357 2224 518 2284 secundum
532 2223 655 2300 Ulpiani
673 2223 879 2283 testimonium
897 2224 980 2284 varia
1000 2226 1165 2301 spadonum

155 2330 265 2392 genera
287 2312 410 2371 fuerunt
429 2306 479 2392 (D.
495 2316 546 2389 50,
562 2315 613 2389 16,
629 2306 707 2393 128)
730 2314 760 2371 61
783 2311 902 2388 quidem
923 2316 989 2372 6166
1007 2314 1165 2391 factorum,

156 2401 270 2461 scilicet
283 2402 413 2477 castrati,
423 2401 558 2478 thlibiae,
572 2401 713 2478 thlasiae3
727 2401 907 2461 castratione
922 2402 1002 2460 enim
1015 2403 1166 2478 prohibita

156 2490 290 2549 homines
317 2490 464 2566 ingeniosi
491 2490 614 2549 thlibias
639 2492 671 2548 66
693 2489 820 2549 66166166
843 2490 940 2550 facere
963 2491 1165 2551 instituerant.

155 2598 225 2638 nam
249 2578 499 2655 quemadmodum
518 2578 698 2651 Hadrianus,
722 2579 773 2653 qui
792 2577 947 2638 Corneliae
970 2580 1048 2655 legia
1071 2599 1166 2656 poena

158 2685 221 2741 eos,
253 2659 315 2744 qui
335 2667 481 2741 spadones
508 2667 661 2741 fecissent,
689 2668 786 2726 teneri
814 2671 964 2727 statuerat
991 2659 1043 2748 (D.
1062 2671 1118 2747 48,
1138 2671 1165 2740 8,

157 2758 186 2825 4,
203 2746 251 2835 2),
283 2756 334 2831 qui
361 2755 484 2814 thlibias
513 2756 664 2830 fecissent,
692 2757 723 2814 in
755 2756 858 2815 eadem
890 2775 981 2816 661166
1008 2775 1073 2817 6666
1100 2777 1164 2818 con·

158 2844 273 2920 stituit,
301 2863 361 2919 qua
383 2844 436 2920 qui
459 2844 673 2904 castravissent
695 2836 746 2926 (D.
761 2847 813 2922 48,
829 2847 858 2922 8,
873 2839 921 2923 5),
945 2845 1086 2905 6116111661
1107 2847 1165 2905 iam

157 2937 247 2993 611666
271 2933 401 2991 11611661
425 2934 715 2993 senatusconsultum
738 2933 815 2992 illud
835 2932 1009 2994 Domitiano
1032 2936 1163 3011 principe

157 3022 270 3081 factum
296 3025 400 3081 contra
421 3022 642 3098 ingeniosorum
663 3022 818 3081 hominum
841 3025 921 3082 61666
944 3025 1079 3082 tutatum
1103 3042 1164 3083 esse

157 3111 335 3186 putaverim.
359 3111 419 3168 iarn
443 3111 479 3170 of.
504 3112 668 3170 Mommsen
692 3110 860 3170 Strairecht
877 3131 906 3187 p.
926 3113 1000 3171 637.

534 3324 573 3383 ΙΙ.
601 3324 793 3400 Responsa.

247 3447 320 3507 (lum
349 3447 492 3507 Neratius
520 3466 662 3524 responsa
688 3448 887 3523 peculiaribus
919 3449 1003 3509 libris
1032 3450 1162 3526 ediderit,

286 3556 302 3598 o
325 3555 421 3613 pauca
443 3536 635 3614 proponenda
658 3540 736 3596 61166.
