2430 3944
154 157 221 223 400
258 159 291 214 V.
310 155 461 212 NERVAE
479 156 526 211 ΕΤ
547 155 702 211 TRAIANI
719 156 826 212 ΤΕΜΡ.
845 156 943 212 IURIS
962 157 1140 214 CONSUL‘I'I

242 327 306 386 Nec
337 325 446 385 desunt
476 328 578 385 tamen
608 325 791 400 fragmenta,
825 324 934 402 quibus
967 325 1119 385 Iulianum
1148 345 1165 385 a

152 418 342 493 praeceptore
365 414 542 474 dissensisse
560 413 714 491 probatur,
738 413 901 491 exquibus
920 433 1014 473 unum
1033 415 1164 491 inprimis

152 508 261 566 notatu
283 503 408 580 dignum
430 503 557 580 profero.

304 675 484 741 Iavolenus.
851 672 1003 740 Iulianus.

198 781 237 849 D.
246 782 298 867 23,
306 782 336 867 2,
343 781 395 847 46.
411 779 510 845 Gaius
523 782 543 848 I.
552 779 634 845 VIII
732 780 831 865 1124,
843 779 873 864 2,
884 780 924 845 11
933 803 981 864 pr.
999 780 1076 866 Ulp.
1091 779 1165 845 llll

155 871 195 935 ad
214 872 235 936 1.
254 871 313 935 Iul.
332 876 365 934 01
383 870 459 953 Pap.
481 907 524 916 —
548 868 632 934 Illud
688 868 727 933 ad
743 869 762 933 l.
777 868 836 933 lul.
851 873 883 934 et
898 869 975 953 Pap.
995 905 1039 916 -
1058 869 1166 936 ...ait

154 960 367 1024 dubitationis
386 962 444 1041 est,
466 981 508 1023 an
526 962 558 1023 et
578 957 634 1042 qui
686 958 751 1022 lex:
780 956 922 1023 ‘divortii
948 957 1091 1023 faciendi
1111 980 1165 1043 po-

154 1070 356 1114 oommunem
380 1047 532 1112 libertam
555 1068 632 1111 uxo·
687 1049 789 1111 testas
806 1047 952 1130 libertae,
971 1069 1055 1132 quae
1068 1051 1165 1131 nupta

153 1159 221 1200 rem
254 1135 393 1215 duxerit,
427 1134 467 1199 ad
493 1137 556 1201 hoc
582 1136 633 1200 ius
688 1138 739 1199 est
765 1138 915 1219 patrono,
943 1157 984 1199 ne
1011 1134 1163 1201 esto'...

154 1226 346 1290 admittatur
363 1221 419 1310 (sc.
433 1223 531 1308 ‘quod
546 1224 633 1308 dicit,
687 1222 833 1288 Iulianus
853 1274 882 1289 ..
902 1224 1040 1307 amplius
1067 1228 1165 1309 putat,

153 1314 255 1378 invito
292 1316 431 1396 patrono
473 1314 634 1399 libertam,
685 1333 746 1377 neo
782 1313 817 1376 in
849 1313 1067 1378 concubinatu
1099 1334 1165 1378 eam

155 1423 237 1487 quae
274 1403 304 1466 ei
339 1406 441 1482 nupta
478 1405 540 1486 est,
578 1403 633 1466 alii
688 1401 819 1467 alterius
835 1401 964 1486 patroni
979 1423 1051 1468 esse
1064 1424 1165 1486 posse.

152 1491 277 1555 nubere
295 1511 360 1554 non
375 1489 506 1575 posse').
541 1490 633 1556 Iavo-

153 1580 245 1644 lenus
280 1579 425 1664 negarit,
462 1579 537 1663 quia
567 1601 634 1644 non

154 1667 633 1752 proprievidetureiusliberta,

155 1777 235 1840 quae
260 1757 358 1821 etiam
383 1756 517 1822 alterius
542 1757 593 1822 sit.

243 1920 287 1980 De
320 1922 422 1983 Prisco
458 1922 524 1998 1110,
562 1939 651 1997 quem
688 1919 768 1995 apud
805 1920 975 1978 Fulcinium
1011 1922 1166 1998 attigimus

154 2001 198 2090 (p.
218 2002 312 2090 261),
341 2011 451 2070 iterum
474 2010 655 2070 monendum
679 2012 738 2082 est,
762 2027 830 2067 cum
853 2009 1028 2070 lavolenum
1053 2030 1166 2089 quoque

154 2098 248 2158 Prisci
278 2099 397 2158 nomine
425 2099 576 2175 desIgnari
603 2098 735 2174 potuisse
764 2101 795 2157 01
822 2101 966 2174 appareat
995 2101 1026 2158 01
1054 2100 1165 2159 Plinius

154 2191 244 2263 ep.6,
263 2189 301 2248 15
326 2189 433 2263 probet
457 2191 488 2247 et
510 2187 661 2247 Iulianum
685 2205 802 2264 quoque
823 2187 918 2246 Prisci
940 2187 1061 2248 nomine
1085 2188 1166 2247 illum

154 2276 249 2335 videri
273 2276 445 2354 designasse
468 2277 529 2336 iam
552 2294 644 2353 supra
664 2276 837 2337 monuerim.
884 2277 1002 2352 reliqua
1022 2276 1166 2337 eiusmodi

154 2365 337 2442 fragmenta,
366 2384 432 2425 cum
460 2365 571 2441 potius‘
591 2366 630 2425 ad
653 2365 810 2424 Neratium
840 2364 998 2424 videantur
1026 2370 1166 2442 spectare,

153 2453 296 2513 hocloco
321 2454 510 2514 omittuntur.

244 2542 429 2602 Posteriores
457 2543 631 2602 Iauolenum
661 2542 787 2601 laudant
809 2541 853 2601 hi:
882 2540 994 2602 Valens
1017 2543 1051 2602 in
1074 2543 1165 2602 Fidei-

155 2630 381 2690 commissorum
409 2632 495 2691 libris
523 2622 771 2713 (1).33,1‚15),
803 2630 896 2690 Gaius
920 2632 958 2690 ad
986 2632 1087 2708 legem
1115 2630 1166 2691 XII

155 2718 330 2778 tabularum
350 2710 400 2800 (D.
417 2722 467 2794 50,
485 2723 534 2793 16
551 2723 613 2780 236
617 2710 684 2801 1,)
703 2719 742 2778 ad
759 2720 857 2797 legem
871 2719 981 2777 Iuliam
1001 2723 1032 2779 01
1047 2721 1166 2798 Papiam

155 2799 205 2887 (D.
223 2809 318 2884 23,2,
333 2800 450 2890 46)et
437 2810 562 2869 tlibris
586 2808 700 2868 Institu
665 2810 816 2868 tutionum
839 2802 884 2887 (3,
901 2799 971 2890 70),
999 2808 1116 2869 Paulus
1141 2811 1166 2868 ct

156 2893 372 2965 Quaestionum
388 2898 473 2958 Iibris
492 2892 544 2980 (D.
561 2901 611 2974 11,
628 2901 656 2976 1,
672 2900 722 2974 20,
738 2889 771 2975 1)
791 2900 822 2956 01
836 2898 872 2956 ad
888 2896 1043 2957 Plautium
1059 2890 1111 2980 (D.
1122 2899 1166 2974 34,

157 2986 185 3060 2,
206 2977 254 3064 8),
282 2985 430 3060 Ulpianus
457 2987 543 3046 libris
571 2987 610 3046 ad
639 2943 781 3045 S’abinum
812 2978 846 3065 (l.
864 2985 912 3045 III
934 2987 970 3046 D.
987 2989 1039 3065 28,
1056 2990 1165 3064 2,6pr.

154 3072 186 3132 P.
202 3075 300 3150 2445,
325 3076 343 3134 l.
358 3075 418 3134 VH
436 3076 473 3136 D.
487 3079 537 3151 28,
554 3078 582 3153 5,
599 3078 649 3149 17,
665 3077 698 3151 5,
717 3077 754 3134 ut
771 3074 905 3135 conicere
924 3075 1009 3151 licet,
1028 3079 1061 3135 et
1078 3076 1106 3134 D
1121 3077 1165 3148 28,

156 3161 185 3234 5,
207 3165 245 3222 19
275 3163 308 3224 Ρ.
323 3166 418 3224 2488.
434 3167 533 3241 2489,
561 3166 581 3223 l.
600 3164 697 3223 XLIX
719 3162 755 3221 D.
773 3165 822 3240 18,
838 3166 867 3235 4,
882 3166 912 3241 2,
928 3166 967 3223 17
993 3164 1027 3223 Ρ.
1044 3155 1165 3242 29661),

155 3250 280 3328 denique
317 3254 439 3329 ignotus
478 3254 529 3312 ille
564 3254 616 3331 qui
653 3254 689 3312 de
722 3253 850 3311 formula
886 3252 1021 3312 Fabiana
1054 3252 1164 3330 scripsit

154 3333 293 3418 (Collect
312 3342 380 3400 libr.
399 3341 446 3400 ΙΠ
468 3362 496 3417 p.
512 3335 600 3421 300).

244 3429 280 3488 In
303 3429 388 3489 novis
411 3430 544 3508 Digestis
568 3430 778 3508 componendis
802 3430 1017 3491 Tribonianum
1037 3426 1162 3492 Iavoleui

154 3535 271 3594 quoque
303 3517 388 3576 libris
420 3538 508 3578 usum
536 3538 600 3579 esse
627 3521 724 3580 indice
747 3518 921 3578 Florentino
951 3521 1161 3597 comprobatur,
