2430 3944
429 175 454 224 ⁷.
472 167 661 225 Puocunus
985 170 1046 235 161

130 331 175 396 91.
196 329 235 396 D.
244 330 300 416 45,
310 332 340 410 3,
349 331 403 411 28,
413 332 444 396 4.
474 329 573 396 Gaius
591 331 677 397 libro
695 333 794 398 tertio
813 333 852 397 de
866 331 1048 399 Verborum

70 415 297 503 illigationibus
321 417 370 507 (P.
389 416 480 506 516).
508 457 551 467 —
578 418 663 485 Illud
697 422 878 506 quaesitum
911 426 973 505 eet,
1005 445 1047 488 an

70 507 145 572 aredi
160 507 270 573 futuro
288 529 401 574 servus
419 508 633 574 hereditarius
652 509 803 592 stipulari
818 513 932 594 possit.
969 510 1048 578 Pro·

70 596 128 661 ulus
148 597 297 681 negarit,
320 597 445 682 quiuis
468 619 507 662 eo
530 601 675 682 tempore
699 602 870 665 extraneus
894 603 950 665 est.

122 690 156 748 ef.
173 689 312 750 Cassium
334 711 364 767 p.
379 692 429 753 25.

122 774 172 838 92.
191 772 263 838 Gai
274 775 305 859 3,
317 775 402 840 167⁸.
416 810 461 822 —-
473 773 558 840 Illud
577 775 741 859 quaeritur
759 797 800 841 an
820 775 906 860 quod
924 776 1046 842 domini

70 883 148 928 umen
176 861 338 928 adiectum
363 862 461 928 efficit
483 861 541 949 (sc.
555 863 584 928 si
607 885 718 928 servus
743 865 921 930 eommunis
945 866 1046 950 stipu-

70 953 117 1015 lor
132 951 336 1037 maneipiove
354 951 501 1036 accipiat,
519 954 556 1016 nt
574 952 704 1018 domino
723 953 771 1016 illi
790 954 854 1018 soli
872 950 1047 1040 adquirat),

70 1038 119 1104 lem
143 1039 245 1104 faeiat
271 1041 367 1106 unius
395 1062 436 1104 ex
462 1040 600 1106 dominis
623 1041 746 1105 iussum
770 1041 1045 1109 intercedens

70 1127 176 1193 irersae
217 1128 347 1194 scholae
385 1132 533 1194 auctores
568 1129 702 1212 proinde
737 1131 883 1216 utrisque
920 1131 1045 1216 adquiri

70 1221 161 1301 etant,
183 1238 222 1282 ae
245 1217 274 1282 si
295 1218 416 1283 nullius
438 1217 564 1282 iussum
585 1217 824 1284 intervenisset.

416 1368 467 1434 De
489 1370 659 1435 motione.

119 1475 169 1540 93.
197 1473 269 1541 Gai.
283 1474 314 1557 3,
330 1475 404 1539 177.
420 1475 491 1540 178.
517 1510 555 1522 -
582 1523 612 1540 ..
640 1476 668 1538 si
695 1474 807 1541 eadem
830 1497 969 1560 persona
991 1479 1045 1562 sit,

84 1584 145 1647 qua,
158 1566 273 1648 postea
297 1561 448 1647 stipuler,
470 1564 517 1628 ita
539 1563 668 1628 demum
690 1564 823 1629 novatio
845 1565 891 1647 fit,
918 1565 945 1634 si
969 1566 1045 1652 quid

70 1652 270 1736 rposteriore
298 1651 508 1735 stipulatione
536 1653 613 1718 novi
641 1652 698 1736 sit,
729 1652 815 1718 forte
842 1654 871 1717 si
897 1655 1043 1721 condicio

70 1743 94 1803 nt
120 1741 184 1806 dies
216 1744 275 1806 aut
306 1761 443 1825 sponsor
470 1740 629 1806 adiciatur
656 1745 713 1806 aut
740 1741 938 1808 detrahatur.
987 1744 1044 1809 sed

71 1828 119 1893 uod
139 1829 176 1894 de
199 1850 358 1914 sponsore
382 1828 531 1911 diximus,
553 1832 780 1913 nonoonstet3
802 1852 878 1894 nam
897 1831 1043 1899 diversae

70 1916 156 1982 tholae
176 1917 364 1983 auctoribus
377 1918 501 2001 placuit
513 1918 596 1981 nihil
611 1917 652 1982 ad
666 1918 873 1984 novationem
887 1921 1042 2003 proficere

70 2007 191 2088 ponsoris
215 2006 427 2072 adiectionem
451 2010 508 2071 aut
530 2005 773 2072 detractionem.

427 2163 475 2222 De
496 2163 641 2223 solatione.

119 2264 167 2327 94.
189 2261 260 2328 Gai.
270 2263 385 2346 3,168.
408 2298 450 2308 -
474 2262 666 2329 Tollitur..
690 2263 848 2348 obligatio
871 2265 1042 2348 praecipue

70 2351 187 2417 elutione
211 2351 281 2416 eius
304 2351 390 2436 qnod
414 2350 557 2417 debetur.
604 2353 688 2416 unde
711 2353 891 2437 quaeritur,
919 2353 947 2417 si
971 2355 1041 2439 quis

70 2443 249 2506 ementiente
277 2439 435 2505 creditore
463 2439 551 2504 aliud
578 2463 637 2524 pro
666 2441 731 2506 alio
759 2440 904 2522 solverit,
934 2445 1042 2507 utrum

70 2547 105 2608 ¹rso
124 2530 191 2594 iure
214 2530 380 2606 liberetur,
470 2551 512 2594 an
534 2529 606 2612 ipso
629 2530 699 2594 iure
718 2534 848 2594 maneat
867 2529 1041 2617 obligatus,

70 2615 93 2680 el
118 2618 266 2684 adversus
299 2621 464 2701 petentem
496 2617 684 2701 exeeptione
714 2618 780 2683 doli
808 2619 887 2682 mali
915 2619 1041 2684 defendi

70 2703 155 2793 abeat,
186 2707 273 2792 quod
303 2706 448 2772 diversae
477 2706 608 2772 scholae
636 2706 821 2772 auctoribus
848 2708 953 2772 visum
982 2715 1041 2774 est

162 2867 213 2933 De
236 2867 361 2932 iudiciis
377 2867 513 2950 privatis
534 2872 563 2932 et
583 2867 619 2931 ia
639 2887 706 2931 rem
727 2866 905 2932 actionales.

205 2976 258 3038 Ae
280 2979 367 3052 tepere
388 2979 502 3038 Iuliam
524 2981 559 3038 cte
580 2980 697 3039 iudiciis
712 2979 861 3053 privatis?

117 3078 166 3144 95.
193 3077 233 3143 D.
248 3078 301 3160 50,
317 3080 367 3164 16,
380 3079 410 3143 4.
456 3079 576 3144 Paulus
599 3079 683 3145 libro
705 3079 810 3163 primo
834 3079 874 3143 ed
899 3080 1039 3146 edietum

70 3158 217 3319 5903ss-
240 3166 415 3232 tNominis'
437 3167 656 3252 appellatione
678 3189 746 3232 rem
768 3168 943 3252 significari
963 3169 1040 3234 Pro·

90 3273 119 3318 us
140 3278 194 3320 a1.

115 3348 225 3425 1150,
247 3352 301 3422 16,
323 3352 341 3410 6
365 3349 434 3428 Ulp.
467 3344 627 3410 ‘Nominis'
655 3353 686 3410 et
713 3345 781 3409 ‘rei'
809 3350 970 3428 appellatio
1000 3350 1039 3409 ad

70 3450 143 3584 ἔρξω
172 3440 361 3587 Ξοέὲτωήιιω
387 3444 418 3498 et
445 3439 658 3516 obligationem
688 3440 827 3514 pertinet.
884 3439 920 3498 ef.
946 3438 1038 3497 Lenel

94 3543 105 3583 e
136 3547 163 3602 p.
224 3572 231 3587 .

92 3631 177 3684 Iufispr.
191 3635 313 3678 antehatlr.
327 3637 377 3678 rell.
392 3637 426 3678 ed.
441 3637 539 3678 Bramer.
561 3637 593 3689 11,
603 3639 623 3678 2.
845 3628 881 3680 11
