2430 3944
369 169 395 218 4.
418 165 449 221 L.
469 164 654 220 NERATIUS
672 164 821 222 PRISCUS
1036 166 1100 231 335

86 333 158 392 durn
190 326 248 392 est'
280 332 313 395 P.
334 335 430 394 1027.
485 327 622 392 ‘Paulusz
650 334 903 410 quemadmodum
930 353 1002 413 ergo
1026 381 1033 395 .
1053 383 1059 394 .
1081 328 1100 393 .’

177 510 236 571 Sed
254 513 326 571 utut
344 529 392 571 res
412 530 444 571 se
462 511 563 587 habet,
586 528 621 570 ea
638 511 812 587 fragmenta
829 511 866 571 de
885 512 995 589 quibus
1014 511 1099 572 dubi-

84 599 147 659 tari
169 601 280 676 potest,
301 603 405 660 utrum
428 600 519 660 Pauli
538 619 576 658 an
599 599 720 659 Neratii
743 601 812 678 sint,
835 601 974 660 omittere
997 601 1100 662 malui

174 687 264 759 Quod
286 687 324 747 ad
346 688 465 748 Neratii
487 689 658 764 fragmenta
680 688 874 766 proponenda
897 689 1016 766 attinet,
1038 691 1098 765 pri-

83 795 167 836 mum
186 778 369 837 monendum
387 780 443 856 est,
465 777 497 835 in
516 777 604 837 Pauli
622 778 707 838 libris
727 777 765 836 ad
783 777 944 836 Neratium
963 778 1097 856 singulis,

84 869 120 925 ut
147 865 282 926 conicere
309 866 393 944 licet,
422 865 584 942 separatim
612 866 701 927 editis
729 866 766 925 de
788 866 881 927 variis
903 867 978 925 iuris
1001 866 1099 926 civilis

84 954 233 1032 capitibus
266 954 380 1014 dietum
412 955 513 1014 fuisse.
572 955 625 1014 sed
657 956 828 1031 fragmenta
864 974 918 1031 per
955 958 1100 1032 quattuor

83 1044 178 1104 libros
216 1042 396 1103 distribuere
438 1063 506 1103 curn
546 1044 616 1119 plus
656 1043 798 1103 audaciae
830 1062 921 1122 quam
954 1043 1098 1104 utilitatis

82 1133 203 1210 habeat,
227 1133 391 1192 sententias
415 1135 591 1210 argumento
610 1132 690 1192 inter
712 1151 744 1192 se
762 1131 905 1192 finitimas
929 1151 963 1192 ac
986 1132 1099 1192 similes

83 1220 248 1280 secundum
271 1219 467 1282 Sabinianum
491 1220 626 1280 ordinem
649 1221 867 1298 componendas
890 1222 970 1284 duxi.

498 1446 549 1513 De
571 1447 688 1530 leuatis.

418 1577 466 1636 Dc
487 1578 643 1651 usufructu
665 1577 765 1651 leuato.

176 1696 205 1760 1.
228 1695 268 1761 Ι).
282 1695 335 1781 35,
351 1697 379 1776 1,
394 1695 445 1761 96.
486 1694 607 1760 Paulus
630 1694 716 1760 libro
739 1697 847 1779 primo
869 1696 909 1761 ad
927 1695 1099 1762 Neratium

81 1783 129 1868 (P.
152 1781 264 1871 1027).
290 1821 327 1830 -
357 1783 439 1849 Titio
461 1804 537 1850 usuc
557 1783 678 1864 fruetus
700 1786 780 1849 seru
802 1784 918 1869 leuatus
940 1791 997 1870 est,
1018 1787 1099 1851 etsi

80 1875 125 1938 au
146 1893 216 1938 eum
231 1874 394 1956 perueuire
415 1873 547 1954 maeret,
566 1872 690 1937 tubertus
706 1893 792 1938 suco
810 1876 885 1939 datu
903 1879 955 1939 est.
994 1874 1097 1940 Titius

80 1963 150 2028 civo
178 1966 316 2027 ustutcre
342 1962 473 2028 &ausit
520 1961 643 2027 tibertus
668 1980 732 2026 ucu
754 1963 842 2045 ualet,
866 1964 941 2046 quia
962 1964 1097 2028 ccudc‘u'o

80 2071 136 2117 uec
158 2051 286 2116 initium
307 2052 428 2134 accepit.

173 2161 346 2239 Sequuntur
368 2163 454 2222 haec:
478 2155 614 2221 ‘Pauluez
639 2179 710 2237 ergo
734 2165 765 2222 et
789 2156 835 2222 si’.

465 2392 512 2451 De
533 2410 591 2452 usu
614 2393 714 2467 leuato.

171 2513 201 2578 2.
230 2512 317 2595 ΙΝ,
337 2513 366 2593 8,
381 2513 433 2577 23.
478 2511 598 2576 Paulus
621 2511 706 2577 libro
729 2513 836 2598 primo
861 2512 900 2578 ad
923 2511 1094 2579 Neratium

80 2600 132 2689 (P.
151 2597 265 2686 1023).
291 2637 329 2646 -
354 2599 517 2665 Neratius.
567 2599 720 2666 Usuurc‘ue
741 2603 788 2666 rei
810 2603 936 2684 speciem
958 2603 987 2667 u's
1009 2604 1096 2669 cuius

75 2691 252 2774 propruus
274 2694 319 2754 est
340 2689 425 2754 uuile
447 2691 536 2754 modu
559 2694 745 2755 commutare
762 2696 869 2772 pauet

173 2801 349 2878 Sequuntur
370 2801 456 2860 haec:
480 2794 618 2860 ‘Paulust
642 2800 844 2861 deteriorem.
859 2795 900 2861 ..⁹

447 3031 494 3090 De
515 3033 608 3106 suudo
632 3033 731 3107 leuata

172 3154 202 3220 3.
225 3151 264 3217 D.
279 3153 332 3233 33,
347 3153 376 3231 7,
391 3151 442 3214 24.
485 3149 605 3216 Paulus
629 3151 714 3215 libro
739 3151 837 3215 tertio
862 3151 901 3215 ad
922 3149 1093 3216 Neratium

80 3242 130 3323 (P.
151 3241 263 3325 1043).
283 3277 322 3288 -
344 3240 487 3325 FuuduS,
509 3241 564 3321 qui
587 3240 702 3305 locutus
723 3245 798 3318 erut,
821 3239 938 3324 leuatus
959 3245 1004 3304 est
1025 3260 1094 3304 cum

79 3333 300 3504 Ζῖταὶἷιφνοιὲἓιίίῗ
328 3330 578 3419 instrumentum,
604 3330 686 3411 quod
710 3327 833 3394 colonus
858 3330 895 3394 iu
919 3349 952 3394 ec
977 3327 1096 3412 babuit,

171 3530 343 3608 Sequuntur
365 3529 453 3589 baec:
478 3523 616 3589 ‘Paulust
640 3547 677 3588 an
701 3529 780 3606 quod
795 3576 801 3588 .
817 3575 823 3589 .
839 3522 858 3587 .'
