2430 3944
143 117 163 182 8
192 116 237 170 111.
254 115 330 171 GAII
344 113 492 169 CLAUDII
506 113 643 170 Ninon.
659 113 803 168 GALBAD
818 111 927 167 ΤΕΜΡ.
942 110 1039 166 IURIS
1053 110 1157 168 CONS.

143 279 269 344 fructus
297 279 423 363 legatus
452 278 508 361 sit,
535 273 644 340 Nerva
671 276 756 341 filius
782 278 816 340 et
838 276 962 340 lumina
984 274 1161 339 immittere

144 390 216 433 eum
233 363 289 453 (se.
302 362 590 451 usufructuarium)
605 385 698 448 posse
714 364 761 429 ait
775 362 831 429 ...1
859 365 938 429 item
951 363 1062 429 Nerva
1077 385 1162 447 eum,

144 457 195 521 cui
219 456 347 520 aedium
370 454 596 520 ususfructus
620 454 746 538 legatus
769 453 821 536 sit,
844 453 940 518 altius
961 451 1076 518 tollere
1094 474 1161 518 non

142 565 251 629 posse,
280 543 428 629 quamvis
452 544 575 608 lumina
597 563 662 606 non
686 543 912 626 obscurentur,
937 542 1013 626 quia
1036 544 1161 619 tectum

143 634 441 787 littttltlt·
461 629 1163 802 ..tltttltttttsttttttti

232 812 261 875 2.
293 810 332 874 D.
347 811 399 892 46,
414 811 444 892 4,
459 810 512 872 21.
557 806 735 873 Venuleius
755 808 839 873 libro
863 807 1032 873 undecimo
1052 804 1162 891 Stipu'-

143 899 301 963 lationum
325 894 374 984 (P.
390 898 457 982 67).
483 933 521 944 —
548 894 582 961 Si
611 898 670 961 sub
699 896 886 962 condicione
911 898 1055 982 legatum
1079 896 1162 962 mihi

143 988 253 1051 datum
272 985 415 1052 novandi
434 1007 530 1051 causa
549 985 724 1068 stipulatus
744 1008 816 1050 sum
833 990 866 1050 et
880 989 954 1050 ante
968 985 1163 1050 existentem

143 1075 369 1140 condicionem
392 1079 559 1159 acceptum
582 1074 698 1158 fecero,
720 1072 830 1140 Nerva
848 1075 934 1139 filius
953 1075 1009 1157 ait,
1032 1074 1163 1138 etiamsi
1190 1095 1197 1101 “

143 1163 290 1229 condicio
319 1163 477 1246 extiterit,
503 1184 607 1246 neque
631 1184 669 1226 ex
692 1166 888 1228 testamento
912 1162 1162 1247 competitorem

143 1253 318 1336 actionem,
346 1253 423 1336 quia
449 1253 582 1316 novatio
608 1250 696 1317 facta
720 1252 776 1336 sit,
803 1273 906 1336 neque
930 1273 969 1316 ex
992 1249 1181 1336 stipulatu,

143 1362 224 1425 quae
249 1340 495 1430 acceptilatione
519 1340 627 1405 soluta
651 1340 702 1405 sit

489 1516 540 1581 Dc
562 1518 812 1582 manumissione.

230 1632 259 1696 3.
297 1630 336 1696 D.
357 1633 412 1716 40,
430 1633 460 1716 2,
479 1632 531 1697 25.
587 1631 687 1696 Gaius
719 1631 803 1697 libro
836 1631 941 1716 primo
975 1631 1013 1696 de
1046 1641 1161 1698 manu·

141 1720 351 1784 missionibus
377 1719 425 1805 (P.
440 1720 528 1806 477).
556 1757 593 1767 -
620 1719 654 1784 si
677 1722 795 1785 tutoris
818 1720 959 1786 habendi
983 1743 1079 1786 causa
1103 1743 1161 1806 pu·

142 1809 242 1892 pillus
275 1809 501 1894 manumittat,
532 1809 720 1894 probationi
752 1831 822 1875 esse
856 1831 985 1874 causam
1013 1809 1161 1875 Fufidius

140 1898 196 1963 ait.
241 1896 350 1963 Nerva
373 1897 459 1962 filius
484 1902 598 1964 contra
622 1900 728 1963 sent't.

231 2009 266 2069 cf.
287 2008 351 2070 cai.
372 2013 405 2087 1,
425 2012 476 2071 cs.
497 2012 546 2070 19.

548 2164 599 2229 Dc
621 2166 747 2246 nuptiis.

229 2290 259 2351 4.
283 2288 322 2353 D.
338 2288 368 2372 3,
382 2290 412 2372 2,
427 2290 456 2368 2,
471 2287 492 2352 5
516 2310 544 2351 v.
568 2309 667 2371 supra
690 2311 719 2372 p.
735 2288 764 2353 5.

450 2463 501 2528 Dc
522 2465 602 2528 servi
624 2467 848 2546 compromisso

232 2585 262 2650 5.
295 2585 333 2651 D.
351 2587 401 2666 15,
418 2590 446 2669 1,
460 2589 490 2672 3,
505 2589 534 2654 8.
581 2587 739 2673 Ulpianus
764 2591 849 2657 libro
874 2591 1047 2658 vicensimo
1072 2615 1160 2660 nono

141 2674 180 2738 ad
205 2674 344 2740 edictum
368 2673 417 2763 (P.
429 2673 531 2762 851³).
551 2715 593 2724 -
616 2677 650 2742 si
673 2701 795 2763 servus,
818 2701 891 2744 cum
914 2701 948 2745 se
972 2703 1031 2765 pro
1055 2682 1160 2749 libero

140 2767 275 2847 gereret,
299 2765 568 2849 compromiserit,
592 2769 767 2851 quaeritur,
792 2791 833 2832 an
848 2769 895 2832 'de
918 2771 1046 2854 peculio
1072 2771 1159 2838 aetio

140 2873 179 2916 ex
207 2873 312 2935 poena
342 2855 566 2937 compromissi
594 2858 686 2939 quasi
715 2879 754 2921 ex
776 2859 908 2942 negotio
932 2862 1026 2943 gesto
1051 2860 1161 2927 danda

140 2939 197 3023 sit,
233 2941 327 3006 sicuti
359 2943 556 3009 traiecticiae
588 2946 742 3028 pecuniae
775 2945 879 3010 datur.
935 2948 991 3011 sed
1022 2947 1084 3013 hoc
1117 2997 1160 3015 ..

139 3025 266 3093 Nervae
294 3029 362 3095 filio
472 3032 597 3097 videtur
623 3035 728 3098 verius
752 3056 791 3098 ex
815 3037 1047 3119 compromisso
1072 3039 1160 3103 servi

138 3137 204 3181 non
229 3117 366 3183 dandam
391 3119 429 3184 de
452 3121 577 3204 peculio
602 3123 778 3206 actionem,
802 3125 878 3209 quia
901 3146 961 3189 nec
985 3127 1013 3189 si
1037 3126 1159 3193 iudicio

138 3205 369 3272 condemnetur
393 3230 517 3293 servus,
541 3209 636 3274 datur
658 3212 693 3274 in
714 3233 789 3295 eum
813 3213 907 3278 actio

227 3319 264 3377 cf.
279 3315 448 3378 Octavenus
471 3320 508 3379 D.
524 3321 552 3397 4,
568 3323 597 3396 8,
613 3323 663 3395 32,
679 3325 709 3382 8.

210 3483 224 3530 1
245 3478 322 3542 Quae
341 3484 494 3546 sequuntur
513 3479 627 3549 Ulpiani
646 3484 718 3537 sunt.
