2430 3944
410 192 435 242 ⁷.
454 186 641 244 Paocuuus
968 191 1031 254 125

56 350 109 416 fleto
124 351 241 433 quidem
261 351 393 415 divort'o
412 354 470 415 out
486 351 566 416 dotis
583 352 652 416 iore
668 357 725 415 out
737 372 795 434 per
813 353 1031 418 condictionem

56 444 151 522 mere
163 444 242 505 reete
251 444 361 522 potest,
377 441 432 504 sod
446 440 476 505 s's
492 439 582 505 ouius
592 441 729 522 paeanio
746 445 790 505 est
805 446 882 506 reste
894 443 1033 508 oiodroot

57 548 106 594 ιι
138 528 236 613 [quod
258 528 288 593 si
310 529 360 593 vir
382 548 453 592 eam
476 527 647 612 pecuniam
670 550 731 612 pro
754 550 813 594 suo
836 529 1030 614 possidendo

57 617 180 700 mpit,
208 616 332 682 scilieet
363 617 441 700 quia
470 617 667 682 existimavit
697 618 866 682 mulierem
893 619 1030 684 liberam

57 726 107 787 ue,
120 706 250 790 propius
268 709 328 786 est,
345 709 383 770 ut
401 703 583 770 existimem
602 728 675 770 sum
693 705 902 790 lucrifecisse,
920 708 1031 791 utique

57 793 262 878 imtequam
288 794 531 859 matrimonium
559 816 630 859 esse
658 795 831 880 inciperet,
859 796 1033 880 usuoepit].

57 883 218 948 tiendo»
235 883 380 965 opinione
397 901 483 967 sam,
502 884 627 965 siquid
643 904 681 947 ee
698 885 882 967 oopoeanio
893 886 1031 968 paravit,

58 976 183 1054 aequom
207 992 246 1036 eo
271 973 326 1037 dos
350 972 451 1058 fieret,
475 972 536 1057 ito,
562 976 598 1036 ot
623 992 677 1038 noe
697 973 857 1054 possideat
882 994 951 1038 eom
977 994 1032 1039 neo

58 1059 97 1124 ido
111 1060 218 1142 feeerit,
239 1081 299 1144 quo
320 1061 427 1126 minus
446 1081 515 1126 eom
531 1062 710 1142 possideret.

111 1172 229 1231 Perniee
252 1163 376 1233 112392
399 1175 462 1232 nl
487 1176 519 1232 et
540 1174 605 1232 398
615 1191 679 1250 sqq.

113 1260 172 1320 Gai.
187 1265 217 1337 1,
232 1262 274 1321 85
293 1261 392 1339 legem
410 1261 568 1337 quandam,
587 1262 673 1320 ouius
691 1279 799 1321 nomen
817 1262 916 1339 periit,
934 1263 1030 1339 effert,

59 1365 93 1424 ps
107 1348 139 1408 ds
158 1369 194 1409 eo
211 1352 344 1428 senetur,
367 1350 420 1427 qui
438 1344 519 1410 ‘eum
537 1350 636 1410 aliena
651 1350 761 1410 aneilla
779 1369 871 1429 quam
890 1350 1032 1411 credebat

59 1434 144 1497 iteam
163 1456 231 1499 esse
253 1431 379 1498 ooierit'.

300 1573 533 1642 Desertorem
555 1575 746 1658 oblipotione.

111 1683 158 1747 28.
187 1681 227 1747 D.
240 1683 294 1761 46,
307 1683 338 1763 3,
352 1682 405 1748 84
449 1682 606 1747 Proculus
627 1682 713 1747 libro
736 1685 876 1767 septimo
899 1682 1031 1768 Epistu-

60 1788 190 1833 rrum-
210 1770 321 1854 Egisti
338 1771 379 1836 de
395 1771 523 1854 peculio
541 1771 628 1836 servi
644 1770 776 1836 nomine
794 1793 866 1836 oum
886 1771 1030 1836 domino:

60 1876 95 1920 ron
115 1879 179 1923 esse
206 1859 363 1925 liberatos
390 1859 596 1925 fideiussores
623 1861 692 1925 eius
719 1859 894 1943 respondit.
941 1865 977 1924 at
1002 1861 1030 1924 si

60 1942 110 2010 dem
134 1970 244 2013 servus
272 1969 311 2012 ex
334 1949 463 2032 peculio
486 1970 544 2014 suo
567 1948 726 2032 permissa
749 1947 1031 2014 administratione

60 2035 137 2100 eculii
165 2058 317 2102 nummos
345 2037 508 2120 solvisset,
539 2038 697 2102 liberatos
725 2058 795 2102 esse
824 2037 1030 2102 fideiussores

60 2119 98 2187 ius
114 2130 196 2191 reete
219 2126 339 2210 legisti.

417 2254 526 2315 Liber
549 2255 631 2313 VIII.

432 2371 482 2439 De
505 2374 620 2456 tepotts.

111 2480 159 2547 29.
186 2478 227 2544 D.
247 2480 305 2560 31,
323 2480 376 2545 48.
421 2479 511 2544 Idem
535 2478 593 2563 (so.
612 2478 784 2565 Proculus)
807 2481 891 2545 libro
915 2483 1030 2545 octavo

61 2561 252 2647 lpistnlarum.
269 2605 307 2614 -
323 2567 487 2632 Licinnius
501 2567 644 2633 Lucusta
656 2567 794 2633 Prooulo
809 2590 868 2633 suo
884 2569 1031 2633 salutem.

62 2652 107 2718 lum
126 2658 241 2741 <quis>
262 2657 363 2721 faeiat
385 2657 609 2722 condicionem
632 2657 667 2720 in
689 2657 863 2740 releganda
882 2657 965 2740 dote,
986 2662 1032 2741 nt,

62 2740 184 2810 [mallet
205 2767 287 2810 uxor
309 2745 472 2830 mancipia
494 2766 576 2828 quae
599 2745 633 2808 in
657 2745 766 2809 dotem
789 2745 913 2810 dederit
934 2768 1032 2830 quam

62 2834 187 2898 eeuuiam
209 2837 428 2917 numeratam,
455 2833 623 2917 reciperet:
652 2833 680 2896 si
705 2854 743 2897 ea
767 2834 929 2918 mancipia
953 2857 1032 2899 uxor

62 2920 126 3004 ulit,
145 2922 303 3007 numquid
325 2923 424 2987 etiam
443 2943 481 2986 ea
499 2921 669 3005 mancipia,
689 2943 771 3005 quae
789 2927 904 3006 postea
922 2944 961 2986 ex
979 2923 1030 2987 his

62 3011 189 3096 runcipiis
211 3016 290 3075 nata
313 3015 402 3094 suut,
424 3011 518 3075 uxori
540 3010 732 3094 debeantur,
756 3032 885 3093 quaero.

108 3100 258 3166 Proculas
288 3099 442 3164 Laosstae
472 3119 528 3164 suo
558 3099 699 3164 satutem.
750 3098 787 3164 St
817 3120 897 3164 uxor
928 3101 1033 3165 mallet

63 3190 174 3271 oadpio
191 3209 287 3272 psam
304 3190 402 3253 dotem
420 3189 562 3270 occipere,
579 3189 649 3270 ipso
666 3189 834 3272 mancipato,
852 3210 930 3271 quoe
942 3190 1031 3254 oesti-

63 3280 159 3430 mo
182 3280 282 3342 ἀοίεηι
304 3279 398 3362 dedit,
423 3297 486 3342 ooo
508 3278 602 3342 ettam
620 3283 735 3359 portus
756 3279 982 3359 mancipiorum
1004 3278 1033 3340 ei

126 3372 207 3431 ntur.

109 3456 158 3520 30.
189 3454 273 3520 Ibid.
296 3454 316 3534 ξ
342 3454 369 3518 1.
403 3491 446 3501 -
478 3453 642 3519 Boaoraem
668 3456 856 3535 possessione
886 3453 1032 3518 denwatis

65 3545 154 3608 rasori
179 3545 258 3609 doto
286 3544 385 3627 tepoto
412 3565 434 3608 a
459 3548 610 3622 stratore,
636 3545 691 3625 qui
711 3543 867 3623 freriosum
890 3542 1032 3623 defosdit,
