2430 3944
378 194 404 242 4.
424 185 453 242 0.
469 186 614 244 CASSIUS
633 187 821 244 LONGINUS
1064 192 1108 255 45

184 356 217 415 cf.
235 356 324 414 Paul.
346 355 376 417 S.
395 358 424 431 3,
445 359 474 433 6,
493 359 544 417 23.
592 356 702 417 Servos
726 376 823 434 neque
849 361 987 434 torquere
1011 378 1107 437 neque

112 444 220 522 flagellis
243 444 368 504 caedere
391 463 488 522 neque
510 445 543 503 in
565 465 634 504 eum
653 465 756 505 casum
773 447 854 506 facto
874 465 927 506 suo
945 448 1108 524 perducere

113 533 334 592 usulructuarius
356 536 471 612 potest,
493 553 552 610 quo
576 534 739 594 deteriores
762 535 847 596 fiant.

184 643 233 708 34.
265 641 341 708 var.
360 643 398 709 fr.
418 644 470 728 72,
491 646 519 708 1.
549 682 589 691 —
617 645 737 728 <iidem
765 642 824 732 (sc.
844 649 876 709 et
905 645 1045 711 Sabinus
1076 651 1109 711 et

114 727 240 818 (lessius)
267 733 410 798 fructum
439 733 577 818 operae>
606 734 817 819 gladiatoriae
845 733 914 799 eius
942 732 1001 819 (sc.
1024 737 1109 800 servi

113 821 186 884 cuius
203 821 329 886 fructus
348 822 477 906 legatus
496 818 560 908 est)
579 821 701 907 us<que
716 822 756 887 ad
771 823 916 906 praemia
930 823 1108 888 fructuario

112 909 230 992 puta>nt
258 916 441 995 competere
463 932 573 995 posse,
600 915 638 975 ut
660 932 735 975 vero
758 912 917 997 pug<net‚
945 913 1020 997 cogi
1043 935 1108 977 non

111 999 216 1083 posse>

509 1146 618 1206 Liber
639 1147 691 1206 IX.

420 1263 470 1330 De
491 1267 656 1347 usufructu
678 1267 783 1350 legato.

184 1392 245 1452 Hoc
271 1394 364 1470 libro,
392 1413 572 1472 quamquam
599 1396 684 1454 nulla
711 1396 774 1455 eius
803 1396 972 1474 fragmenta
995 1398 1108 1471 emant,

111 1479 141 1538 de
156 1500 208 1541 usu
224 1483 325 1542 fructu
343 1484 444 1559 legato
463 1483 574 1544 iterum
592 1487 757 1544 tractatum
774 1485 867 1544 fuisse
882 1485 952 1545 inde
971 1485 1108 1562 efficitur,

110 1569 177 1643 quod
201 1572 311 1631 decimo
340 1591 458 1649 quoque
485 1573 563 1634 libro
586 1573 622 1632 de
646 1574 750 1632 cadem
774 1593 806 1633 re
829 1576 989 1636 tractatur.
1029 1575 1109 1651 quod

113 1656 211 1718 decimo
239 1660 316 1719 libro
350 1659 488 1720 Cassium
515 1662 552 1722 de
580 1662 680 1738 gregis
712 1663 872 1722 usufructu
903 1662 1012 1722 dixisse
1045 1666 1108 1723 tra·
1148 1697 1150 1702 .

112 1745 192 1824 ditur,
213 1749 342 1808 conicias
365 1768 434 1808 eum
455 1769 533 1810 nono
557 1750 634 1810 libro
659 1751 695 1808 de
719 1769 753 1810 eo
776 1752 878 1829 legato
903 1752 1024 1830 dixisse,
1049 1772 1108 1830 quo

111 1839 136 1892 et
153 1835 255 1897 fundus
279 1840 310 1897 et
331 1839 480 1915 mancipia
502 1840 725 1916 relinquuntur,
753 1839 790 1898 de
813 1859 871 1916 quo
894 1840 964 1900 Vat.
978 1839 1050 1917 fr.§
1067 1843 1107 1902 73

109 1926 238 1998 quaedam
258 1927 429 1988 traduntur.

517 2069 625 2129 Liber
647 2070 683 2129 X.

416 2187 467 2253 Dc
488 2189 652 2270 crsufructc
675 2190 781 2272 legato.

427 2319 474 2377 De
493 2322 589 2393 crepis
611 2321 775 2392 usufructu.

182 2434 234 2500 35.
258 2435 298 2501 D.
323 2438 352 2518 7,
373 2437 401 2519 1,
420 2437 472 2522 68,
490 2438 519 2502 2.
546 2438 640 2521 lOpr.
681 2436 841 2521 Ulpianus
864 2438 949 2502 libro
969 2441 1107 2522 septimo

103 2520 215 2588 decimo
241 2524 281 2588 ad
305 2522 463 2590 Sabinum
488 2523 537 2606 (P.
556 2523 714 2610 2574⁸·¹').
743 2562 781 2572 -
807 2576 837 2591 ..
862 2527 889 2590 si
912 2533 1020 2611 gregis
1044 2576 1050 2590 .
1072 2577 1108 2593 ..

102 2611 139 2674 sit
164 2635 243 2676 usus
266 2613 392 2678 fructus
415 2615 557 2698 legatus,
585 2615 716 2678 debebit
740 2639 777 2678 ex
800 2615 951 2700 adgnatis
975 2637 1108 2701 gregem

101 2701 241 2784 supplere
341 2702 471 2787 quid..
496 2702 524 2767 si
555 2725 621 2767 non
650 2703 750 2767 faciat
777 2725 837 2767 nec
865 2705 1015 2789 suppleat
1049 2704 1107 2789 (sc.

99 2808 226 2874 gregem
252 2787 488 2877 fructuarius)?
533 2792 638 2856 teneri
667 2813 740 2856 eum
769 2792 983 2876 proprietario
1006 2791 1107 2857 Gaius

99 2874 228 2943 Caesius
253 2880 366 2944 scribit
389 2880 472 2944 libro
499 2880 622 2945 decimo
645 2881 725 2944 iuris
750 2881 863 2945 civilis.

179 2989 265 3050 Paul.
286 2990 314 3050 S.
333 2990 388 3069 HI,
409 2994 438 3068 6,
458 2994 507 3051 20.
558 2991 663 3069 Gregis
696 2993 854 3052 usufructu
883 2993 985 3069 legato
1016 3012 1107 3071 grege

95 3075 208 3156 integro
233 3083 374 3139 manente
397 3081 478 3139 fetus
501 3080 539 3138 ad
561 3081 817 3140 usufructuarium
840 3084 1000 3158 pertinent,
1024 3084 1107 3141 salvo

95 3184 138 3243 eo,
161 3171 198 3227 ut
222 3167 369 3244 quidquid
390 3169 477 3246 gregi
499 3168 672 3246 deperierit,
696 3189 732 3228 ex
754 3171 865 3230 fetibus
888 3171 1056 3248 impleatur.

179 3277 247 3342 36?
284 3278 324 3343 D.
350 3280 378 3361 7,
400 3279 431 3360 4,
455 3279 506 3343 31.
561 3279 759 3363 Pomponius
796 3280 880 3345 libro
918 3284 1034 3366 quarto
1067 3281 1107 3343 ad

95 3364 248 3441 Quintum
264 3365 408 3431 Mucium
428 3365 478 3453 (P.
493 3365 582 3454 238).
602 3405 643 3414 -
664 3366 744 3434 Cum
764 3371 872 3453 gregis
891 3369 1108 3434 ususfructus

93 3453 220 3540 legatus
249 3462 300 3520 est
327 3460 360 3520 et
388 3479 488 3540 usque
517 3478 555 3521 eo
578 3478 730 3521 numerus
755 3458 900 3540 pervenit
922 3458 1045 3542 gregis,
1071 3461 1109 3519 ut

94 3563 169 3627 grex
192 3567 261 3609 non
283 3545 511 3630 intellegatur,
532 3546 617 3629 perit
639 3567 717 3610 usus
740 3545 873 3610 fructur.
