2430 3944
367 178 392 228 a
413 172 811 231 consumeremus
1076 179 1097 243 9

174 342 308 402 Fortasse
332 341 369 400 D.
386 344 415 420 7,
430 344 459 418 5,
475 344 504 419 3,
527 341 608 419 quod
629 341 834 420 fragmentum
852 364 920 404 cum
939 346 1007 404 aliis
1026 347 1100 408 viris

106 430 181 491 doctis
201 431 319 492 Nervae
345 431 427 507 patri
451 431 579 490 attribui
603 424 648 510 (II
670 423 808 516 pecs),
836 433 938 509 potius
961 434 1024 495 filio
1048 437 1099 495 ad·

104 520 271 580 anbendnm
298 522 358 596 est,
386 538 454 579 cum
481 519 513 578 in
540 519 644 581 eodem
672 520 796 597 Ulpiani
822 522 900 581 libro
928 522 1032 582 XVIII
1060 527 1099 584 ad

103 607 226 669 1511555
251 609 278 669 15
305 627 424 685 qnoque
449 608 589 687 laudetur
611 608 701 684 idque
725 609 761 669 D.
779 612 918 687 7,1,13,
939 614 956 670 7
984 612 1017 671 in
1039 612 1097 672 fine

103 698 176 758 etiam
196 697 324 775 simplici
344 697 466 759 Nervae
487 699 615 758 nomine.

291 992 332 1074 4.
366 996 402 1071 0.
432 996 892 1071 555515555551555

174 1142 250 1202 filius
271 1142 370 1203 minor
392 1141 426 1201 L.
451 1140 548 1202 Cassii
570 1144 701 1202 consulis
721 1142 841 1202 suffecti
865 1161 890 1202 a.
912 1144 951 1202 11
976 1163 1005 1220 p.
1028 1141 1096 1204 Chr.

102 1231 126 1288 ot
148 1229 219 1291 filine
241 1230 274 1302 Q.
298 1230 379 1291 Aelii
403 1230 569 1291 Tuberonis
598 1222 629 1313 (I
646 1252 674 1307 p.
691 1223 785 1312 358),
813 1250 888 1308 quae
915 1231 976 1290 fuit
997 1233 1096 1308 neptis

103 1316 182 1378 Servii
214 1319 336 1396 Sulpicii
374 1311 405 1402 (Ι
427 1340 455 1395 p.
476 1322 538 1380 139
563 1319 667 1395 Pomp.
686 1321 722 1379 D.
744 1323 772 1388 1.
795 1322 823 1396 2,
843 1323 871 1394 2,
891 1311 963 1402 51),
1001 1321 1096 1381 frater

102 1404 126 1465 C.
142 1405 227 1468 Cassii
244 1409 374 1486 Longini
397 1409 527 1468 consulis
552 1408 695 1468 ordinarii
714 1428 739 1468 a.
756 1410 807 1486 30,
831 1409 935 1469 consul
953 1409 1096 1470 suffectus

102 1513 122 1553 a
135 1498 170 1556 30
187 1516 250 1556 cum
267 1498 303 1559 L.
321 1497 437 1558 Naevio
456 1497 584 1557 Surdino
604 1492 683 1579 (CIL
698 1498 726 1555 X
742 1499 841 1575 1233;
864 1516 932 1556 cum
950 1497 1096 1568 Quartino

102 1583 164 1644 lalso
188 1585 286 1662 Pomp.
312 1578 423 1667 §51),
460 1605 537 1645 anno
569 1587 775 1663 proconsulari
808 1580 902 1665 40s41
936 1588 1096 1662 proconsul

102 1672 175 1732 Asiae
203 1676 239 1735 ab
270 1675 451 1750 imperatore
483 1673 559 1734 (laio
590 1674 716 1735 Romam
748 1675 908 1752 adductus,
940 1679 975 1734 ut
1004 1675 1097 1736 inter·

102 1758 230 1841 liceretur,
266 1782 338 1823 nece
371 1762 427 1824 Gai
464 1768 601 1824 servatus
634 1755 705 1844 (Dio
734 1763 815 1825 Cass.
842 1767 900 1839 59,
928 1766 979 1823 23,
1013 1763 1095 1824 Suet,

104 1846 153 1908 cn.
173 1843 238 1932 57),
269 1853 390 1929 legatus
420 1852 525 1930 SyrIae
558 1871 585 1912 5.
608 1846 704 1931 47148
738 1844 790 1934 (51
816 1871 957 1912 nummus
986 1845 1095 1933 docet),

104 1935 194 2014 inqua
209 1940 359 2018 legatione
378 1941 466 2000 Vibio
486 1942 586 2002 Marso
606 1945 791 2001 successerat
809 1935 942 2023 (loseph.
956 1941 1027 2000 Ant.
1043 1944 1095 2016 20,

106 2027 128 2096 l,
145 2020 182 2106 1),
206 2049 230 2089 a.
249 2032 292 2089 49
322 2021 406 2111 (Tac.
431 2024 653 2111 555.12,11)
684 2030 785 2089 155555
812 2031 951 2092 1555555
978 2030 1095 2088 Meher-

105 2112 185 2174 daten
197 2117 329 2178 Venonis
343 2118 439 2177 filium
453 2120 565 2178 Romae
580 2119 746 2198 detentum,
766 2119 818 2195 qui
831 2119 869 2178 ab
884 2118 1096 2177 Armeniorum

103 2207 171 2276 parte
195 2226 243 2265 rex
265 2207 435 2285 petebatur,
459 2208 605 2267 deducere
628 2208 667 2266 ad
689 2208 853 2283 Euphratis
877 2207 983 2283 ripam,
1007 2209 1042 2265 ut
1064 2207 1095 2264 15

104 2290 224 2354 Armenia
233 2287 467 2377 regnaret('l’ac.
481 2299 594 2374 12,12.
607 2299 657 2357 13.
671 2296 788 2371 Ioseph.
801 2298 852 2371 15,
864 2297 914 2372 11,
925 2297 953 2354 4.
966 2296 1095 2373 20,1,1,

103 2377 245 2443 llonmsen
269 2383 428 2462 (15551511,
449 2380 537 2464 380),
561 2403 639 2444 auno
665 2387 705 2445 58
730 2386 863 2444 delectus
886 2387 934 2444 est
956 2384 1095 2444 Puteola·

102 2485 187 2529 norum
210 2473 349 2532 seditioni
372 2474 604 2549 componendae,
631 2474 685 2534 sed
708 2467 790 2550 ‘quia
813 2473 1006 2551 5555515155
1031 2474 1094 2533 5155

101 2574 147 2615 555
173 2561 352 2634 tolerabant,
384 2567 525 2637 precante
553 2562 620 2638 ipso
653 2562 692 2621 ad
718 2562 888 2622 Scribonios
921 2562 1030 2620 fratres
1059 2580 1095 2620 55

101 2662 156 2706 cura
175 2645 364 2710 transfertur’
389 2650 474 2732 (Tac.
489 2670 555 2710 555.
573 2655 623 2726 18,
638 2646 704 2729 48).
738 2651 918 2711 5551551155
936 2651 969 2709 15
987 2653 1094 2710 555515

100 2733 159 2794 dixit
177 2740 278 2798 eodem
299 2758 325 2798 a.
341 2741 382 2799 58
403 2743 434 2799 51
452 2759 478 2800 5.
494 2743 534 2800 61
556 2731 598 2822 (v.
618 2739 698 2798 infra
720 2761 748 2816 p.
765 2742 806 2800 28
818 2732 886 2821 sq.).
923 2741 1092 2800 555565

99 2820 219 2902 Poppaea
250 2828 428 2888 decessisset
458 2848 600 2904 morsque
629 2830 692 2888 5155
720 2833 755 2888 51
781 2830 882 2904 palam
909 2828 1018 2904 tristis,
1050 2827 1095 2886 115

98 2915 303 2976 recordantibus
322 2918 404 2976 laeta
422 2921 502 2977 esset
518 2918 556 2977 ob
570 2916 777 2992 inpudicitiam
791 2918 855 2977 eius
869 2916 1095 2996 saevitiamque,

96 3002 215 3081 princeps
248 3006 440 3081 exequiarum
472 3025 549 3068 novo
582 3007 704 3066 orientis
736 3026 818 3065 more
848 3005 1095 3065 celebrandarum

97 3090 175 3154 officio
195 3092 331 3153 Cassium
355 3095 509 3170 prohibuit
532 3088 617 3175 (Tac.
632 3114 699 3154 ann.
717 3098 767 3172 16,
783 3090 826 3174 7),
850 3089 941 3171 ‘quod
964 3094 1094 3169 primum

92 3176 219 3242 Indicium
260 3175 350 3243 mali'.
411 3187 476 3242 tum
512 3185 605 3243 missa
641 3184 679 3243 ad
716 3186 855 3243 senatum
892 3183 1026 3244 oratione
1063 3185 1094 3241 ot

93 3263 214 3330 Cassium
243 3274 274 3331 et
300 3272 335 3330 L.
360 3271 495 3331 Silanum
523 3273 662 3333 iuvenem
689 3273 820 3333 nobilem
848 3273 928 3348 apud
956 3270 1094 3331 Cassium

89 3357 236 3419 educatum
252 3352 336 3442 (Tae.
352 3362 402 3439 15,
418 3353 475 3442 52)
495 3355 703 3422 ‘removendos
718 3380 735 3420 a
749 3361 917 3438 republica
931 3350 1093 3419 disseruit'.

88 3447 240 3509 obiectavit
272 3447 390 3524 GassIo,
427 3451 507 3526 quod
540 3451 619 3510 inter
649 3450 794 3526 imagines
826 3450 974 3510 maiorum
1002 3446 1094 3504 etiam

87 3533 112 3594 C.
134 3536 231 3598 Cassii
255 3537 385 3616 effigiem
412 3539 556 3599 coluisset
582 3540 627 3598 115
648 3539 824 3615 inscriptam
847 3533 927 3597 ‘duci
949 3526 1092 3611 perlium’
