2430 3944
149 176 215 242 428
252 176 285 233 V.
305 176 455 233 NERVAE
475 176 522 230 ΕΤ
539 175 692 231 TRAIANI
709 175 814 232 ΤΕΜΡ.
831 175 928 232 Imus
947 174 1128 231 CONSULTI

147 341 244 422 fundi
270 346 430 427 emeretm,
456 342 624 406 eorumdum
647 345 741 423 putat
765 360 827 406 essc
849 340 950 406 Labeo
966 360 1029 422 per
1052 345 1079 405 tc
1101 359 1163 404 non

148 429 232 513 pieri,
254 450 313 512 quo
335 430 440 494 minus
461 450 494 495 eo
516 431 584 494 iure
605 432 652 493 uti
668 430 781 511 possit,
804 430 878 511 quio
900 428 990 494 natta
1013 429 1164 494 eiusmodi

149 519 231 583 iuris
254 538 352 584 uacua
375 519 502 583 traditio
525 523 606 583 esset.
627 533 693 601 ‘eqo
711 523 787 600 pato
809 537 901 583 usum
923 519 990 582 eius
1006 518 1092 582 iuris
1107 537 1163 600 pro

149 607 315 671 traditione
337 608 539 688 possessionis
560 608 771 689 accipiendum
792 627 853 672 csse
875 608 998 689 ideoque
1020 610 1051 671 et
1071 607 1165 671 inter·

149 696 231 760 dicta
253 696 347 760 vetuti
361 697 553 777 possessorio
575 697 739 760 constituta
760 700 841 761 sunt.

241 783 313 848 108.
332 784 371 848 D.
386 785 435 866 18,
447 785 537 866 1‚80,
549 783 576 849 1.
604 782 713 849 Labeo
728 785 809 848 libro
821 783 933 868 quinto
944 783 1163 866 posteriorum

149 871 340 938 s·Iavoleno
360 872 620 955 epitomatorum.
634 909 678 918 -
691 873 800 938 Huius
816 874 863 938 rei
880 872 1063 954 emptionem
1077 892 1165 954 possc

148 963 219 1044 ficri
240 962 326 1026 dici:
354 960 443 1044 ‘qnae
465 982 503 1026 en
525 962 600 1026 meis
622 962 746 1026 aedibus
768 962 803 1026 in
826 966 896 1026 tuas
918 962 1006 1026 aedes
1022 962 1164 1043 proiecta

149 1053 233 1131 sunt,
264 1055 301 1114 ut
331 1071 368 1114 ea
399 1048 478 1115 mibi
508 1052 554 1114 ita
585 1049 693 1115 babere
725 1049 834 1134 liceat’,
870 1051 962 1131 deque
993 1071 1031 1114 ea
1062 1070 1097 1115 re
1130 1069 1164 1115 ca

150 1143 248 1219 empto
270 1159 330 1222 αφ’
443 1216 490 1274 De
511 1216 587 1275 silua
610 1217 720 1275 caedua
741 1217 865 1275 vendita

242 1315 315 1379 109.
339 1315 377 1380 D.
391 1315 467 1380 ibid.
481 1318 501 1397 ᾖ
516 1317 544 1380 2.
564 1352 606 1362 -
626 1313 714 1382 Siloa
733 1318 848 1381 caedua
865 1316 901 1380 in
918 1317 1164 1398 quinquennium

151 1404 294 1468 veninat.
335 1405 546 1488 quaerebatur,
568 1426 638 1470 eum
657 1405 750 1488 qtans
771 1406 935 1487 dmidisset,
957 1406 1060 1470 utrius
1083 1409 1164 1470 esset.

151 1493 214 1558 scio
241 1491 382 1556 Seruium
406 1496 609 1575 respondisse,
629 1495 772 1576 primurn
794 1495 978 1575 sequendum
1000 1513 1064 1559 csse
1086 1493 1165 1575 quod

152 1584 314 1664 appareret
343 1585 445 1646 actum
474 1602 551 1659 csse;
582 1585 664 1665 quod
688 1583 780 1648 siin
806 1583 929 1648 obscuro
956 1587 1044 1665 esset,
1075 1602 1164 1665 quac·

152 1689 280 1751 cumque
303 1671 395 1752 qtans
422 1691 459 1735 ea
484 1670 534 1736 bis
561 1671 722 1736 arboribus
748 1691 825 1754 quae
851 1691 955 1736 caesae
981 1690 1046 1735 non
1068 1675 1166 1736 esseut

151 1759 316 1841 cecidisset,
337 1760 503 1825 venditoris
526 1780 600 1842 esse,
622 1780 690 1824 eam
713 1765 823 1840 annm,
845 1781 923 1841 quae
944 1760 982 1824 in
1003 1759 1165 1824 arboribus

149 1845 261 1927 fuisset
282 1867 315 1912 eo
338 1852 467 1930 nmpore
485 1868 554 1913 urm
575 1848 648 1914 baec
669 1850 872 1929 caederentur,
895 1850 1047 1931 emptoris.

431 2014 478 2072 De
499 2015 630 2073 venditae
652 2015 696 2073 rei
718 2015 878 2074 traditione.

244 2113 316 2179 110.
345 2112 384 2179 D.
399 2113 476 2178 ibid.
491 2116 511 2194 ξ
526 2115 556 2178 3.
580 2150 622 2160 -
645 2114 744 2179 Nemo
765 2119 865 2197 potest
890 2115 988 2179 uidem
1009 2135 1080 2178 eam
1102 2135 1165 2180 rem

152 2204 334 2284 uendidisse,
360 2204 396 2267 de
417 2204 505 2267 cuius
527 2204 661 2268 dominio
685 2204 720 2267 id
740 2203 857 2285 aqitur,
878 2223 917 2266 ne
939 2205 982 2267 ad
1002 2208 1165 2285 emptorem

153 2296 299 2372 transeat,
317 2292 371 2356 sed
387 2290 441 2356 boc
461 2297 518 2357 aut
530 2293 638 2356 locatio
652 2296 696 2355 est
707 2299 764 2356 ant
777 2291 866 2355 atiud
874 2311 971 2373 qenus
984 2297 1164 2358 contractis.

244 2379 317 2445 111.
354 2378 393 2444 D.
418 2378 474 2460 41,
498 2381 534 2461 2,
556 2380 607 2445 51.
657 2379 828 2444 Iavolenus
859 2379 944 2444 libro
977 2382 1094 2464 quinto
1129 2403 1165 2445 ex

152 2467 387 2552 posterioribus
419 2467 588 2534 Labeonis.
620 2504 658 2515 -
690 2468 894 2548 Quarundam
925 2489 1030 2532 rerum
1060 2471 1165 2534 animo

148 2558 370 2638 possessionem
401 2559 499 2640 apisci
530 2578 585 2623 nos
616 2559 663 2622 ait
691 2557 805 2636 Labeo,
840 2558 933 2621 ueluti
963 2560 992 2623 si
1023 2579 1166 2622 coemam

154 2646 308 2727 liquorum
330 2665 428 2710 emero
446 2652 559 2710 etcum
577 2647 714 2711 uenditor
732 2647 834 2711 tottere
852 2667 899 2709 mc
917 2646 1048 2728 iusserit,
1071 2647 1165 2712 simut

153 2739 244 2815 atquc
265 2733 434 2799 custodiam
453 2736 632 2819 posuissem,
657 2736 791 2800 traditus
811 2735 890 2799 mibi
911 2736 1041 2799 uidetur.
1087 2737 1165 2800 idcm

153 2823 235 2887 iuris
256 2841 318 2887 csse
340 2823 411 2887 aino
433 2826 560 2907 vendito,
583 2844 652 2888 cum
674 2825 834 2888 uniuersae
855 2823 1022 2905 amphorae
1040 2825 1108 2890 uini
1125 2826 1163 2889 si·

153 2911 220 2976 mut
242 2915 347 2976 essent.
392 2913 445 2978 sed
464 2914 630 2996 videamus,
652 2913 762 2995 inquit,
784 2933 822 2976 nc
843 2910 915 2976 bacc
937 2913 1007 2993 ipsa
1030 2913 1165 2995 corporis

154 3001 281 3064 traditio
303 3001 353 3077 sit,
375 3003 450 3082 qnia
467 3001 547 3065 nibil
564 3003 697 3085 interest,
719 3006 825 3065 sotrum
842 3001 920 3064 mibi
938 3021 981 3064 an
999 3005 1029 3065 et
1046 3001 1166 3066 cuilibet

153 3088 297 3153 iusserim
319 3091 455 3154 custodia
475 3092 629 3154 tradatur.
669 3090 705 3154 in
721 3110 754 3154 eo
768 3094 844 3171 puto
862 3089 942 3153 banc
959 3091 1165 3171 quaestionem

153 3179 321 3262 consistere,
344 3199 396 3262 an,
418 3178 540 3242 etamsi·
561 3199 684 3261 corpore
705 3198 830 3242 acanum
850 3182 908 3242 aut
928 3178 1097 3262 ampborac
1114 3180 1164 3244 ad-

149 3265 316 3348 prebensac
346 3287 410 3331 non
440 3271 525 3344 sunt,
560 3266 658 3332 nitito
689 3267 794 3331 minus
825 3268 957 3331 auditae
988 3269 1163 3343 uideantm

154 3355 235 3420 nibil
261 3356 346 3421 uideo
371 3355 525 3438 interesse,
556 3361 662 3420 utrum
688 3357 752 3438 ipse
779 3376 920 3420 acanum
947 3376 991 3421 an
1018 3357 1163 3422 mandato

154 3463 219 3507 mco
248 3444 363 3525 aliquis
390 3444 554 3520 custodiat·
586 3444 749 3526 utrubique
775 3445 876 3508 animi
902 3445 1036 3526 quodam
1060 3463 1164 3529 qenerc

144 3533 299 3615 possessio
322 3532 381 3597 erit
402 3533 602 3597 aestimanda.
