2430 3944
274 195 295 250 Ι.
315 194 490 248 VETERUM
510 193 740 248 SENTENTIAE
759 193 805 248 ET
823 194 928 251 LIBRI.
1045 194 1112 258 509

93 363 128 424 et
160 357 262 422 dividi
292 361 414 441 potest,
445 361 653 422 ...veteres
677 407 710 422 ..
739 357 975 422 aestimandum
1004 361 1111 422 totum

93 469 196 602 distuli
209 446 349 620 flzrrgcatppn
368 446 528 529 putabant
547 450 581 510 et
598 447 645 510 ita
664 446 932 529 constituendum,
952 450 1111 530 quantum

187 640 223 698 of.
248 639 317 697 Vat.
341 638 375 697 fr.
401 639 453 697 68.

188 740 238 804 13.
262 739 301 804 D.
327 741 355 822 I,
374 741 403 822 8,
426 741 476 819 10,
494 740 523 804 3.
548 737 707 822 Ulpianus
726 739 810 803 libro
831 738 1114 822 septimodecimo

95 831 136 895 ad
166 827 333 894 Sabinum.
367 864 405 873 -
441 827 559 893 Utrum
587 877 620 893 ..
649 829 744 892 unius
777 828 854 892 anni
882 828 926 892 sit
953 827 1114 892 habitatio

94 941 137 983 ³¹¹
160 917 1115 1070 u,.,u.D.l32.1t„m,3p„1,pppbpaveipetffioesswfflo

96 1096 139 1161 ad
154 1055 319 1159 Sabinum.
337 1055 375 1141 -ἶ
392 1028 608 1159 ..bonstabldt
623 1093 709 1176 apud
723 1097 846 1161 veteres
860 1094 955 1158 lanae
970 1095 1112 1178 appella-

94 1186 185 1250 tione
209 1183 417 1248 versicoloria
439 1204 505 1246 non
528 1184 698 1249 contineri.

191 1272 240 1336 15.
267 1269 306 1336 D.
331 1271 384 1354 35,
411 1275 437 1355 l,
460 1271 512 1336 38.
536 1270 626 1335 Idem
650 1269 706 1358 (sc.
731 1270 867 1359 Paulus)
896 1272 980 1336 libro
1005 1271 1116 1356 singu·

95 1363 159 1426 lari
188 1361 226 1425 de
254 1361 323 1424 iure
348 1359 580 1425 codicillorum.
604 1397 646 1407 —
749 1361 834 1444 apud
856 1366 981 1426 veteres
1005 1361 1115 1445 legata

95 1450 180 1515 talia
214 1449 318 1513 fuere:
359 1449 528 1534 ‘quantum
557 1449 586 1513 ei
623 1471 680 1532 per
720 1450 893 1534 epistulam
931 1448 1116 1535 scripser0'3

95 1539 269 1624 ‘quantum
293 1559 332 1601 ex
355 1537 412 1601 illa
435 1537 562 1603 actione
586 1537 765 1622 detraxero,
787 1538 882 1604 heres
906 1538 1003 1603 dato'.
1134 1549 1135 1552 ’

446 1705 497 1771 De
518 1707 768 1788 fideicommissis.

191 1823 242 1887 16.
265 1822 304 1887 D.
329 1821 381 1904 35,
404 1823 435 1906 2,
458 1824 509 1886 31.
533 1821 731 1904 Pomponius
746 1821 831 1886 libro
855 1822 994 1886 secundo
1014 1821 1117 1886 Fidei-

97 1913 357 1978 commissorum.
376 1946 419 1957 -
438 1961 445 1975 .
461 1959 490 1974 ..
510 1910 685 1974 secundum
699 1959 706 1974 .
718 1961 742 1974 ..
757 1914 901 1990 veterum
922 1911 1117 1993 opinionem,

97 2004 127 2067 si
152 2023 173 2065 a
195 1999 320 2084 pupillo
344 1999 592 2064 fideicommissa
615 2000 795 2083 capiuntur,
820 2002 953 2082 propter
977 2020 1116 2082 eaquae

97 2115 118 2156 a
157 2088 336 2153 substituto
378 2093 472 2152 erunt
513 2087 640 2170 relicta,
682 2109 794 2152 cavere
832 2087 962 2152 debebit
997 2087 1025 2150 is
1064 2088 1115 2151 cui

96 2179 257 2244 solvatur.

457 2263 506 2329 De
528 2268 778 2331 manumissione.

193 2383 243 2445 17.
266 2380 395 2466 Fragm.
423 2380 525 2444 Paris,
553 2379 586 2445 Z.
610 2381 639 2446 d.
662 2377 794 2445 sau-Sc.
824 2378 947 2462 XVIII,
976 2379 1049 2444 176.
1073 2415 1118 2426 -

97 2470 197 2554 Apud
226 2474 350 2534 veteres
440 2473 614 2552 antequam
637 2468 829 2554 <in>census
855 2467 1047 2552 do<min>us
1070 2467 1117 2533 iu·

97 2559 297 2641 dicare<tur,
320 2558 509 2642 liberta>tes
534 2559 680 2622 obtinere
704 2558 860 2623 eonstit't.

427 2727 477 2792 De
492 2728 604 2808 patric
621 2731 790 2808 postestate.
847 2719 849 2723 ⁴

194 2842 244 2906 18.
283 2839 317 2906 (l.
344 2841 378 2926 5,
401 2844 436 2926 4,
459 2842 560 2925 25pr.
584 2845 611 2921 ἓ.
637 2842 666 2906 1.
698 2840 788 2905 Idem
816 2837 874 2927 (sc.
898 2839 1115 2922 Iustinianus)

96 2931 141 2997 A.
166 2929 293 2994 Iuliano
317 2953 368 3015 pp.
394 2929 436 3017 (a.
460 2929 551 3015 530).
578 2966 616 2976 -
642 2928 676 2994 Si
699 2929 812 2995 furiosi
844 2931 989 3013 parentis
1012 2930 1116 3010 liberi,

97 3023 135 3084 in
171 3019 262 3084 cuius
287 3023 449 3103 potestate
483 3019 652 3084 constituti
689 3022 777 3102 sunt,
810 3019 942 3102 nuptias
979 3024 1117 3101 possunt

98 3107 305 3186 contrahere,
330 3107 414 3192 apud
437 3111 561 3172 veteres
585 3107 780 3192 agitabatur.
814 3113 846 3171 et
865 3108 966 3171 filiam
986 3106 1116 3189 quidem

98 3197 220 3262 furiosi
247 3197 366 3262 marito
388 3219 484 3282 posse
509 3196 653 3279 copulari
677 3218 787 3261 omnes
811 3217 913 3279 paene
934 3195 1013 3259 iuris
1033 3194 1116 3257 anti·

100 3287 160 3372 qui
184 3285 364 3350 conditores
388 3285 599 3350 admiserunt:
633 3285 777 3349 sufficere
801 3286 888 3349 enim
911 3288 1117 3366 putaverunt,

101 3377 132 3440 si
156 3377 250 3458 pater
272 3396 339 3439 non
362 3374 569 3440 contradicat.

197 3463 249 3527 19.
294 3461 375 3527 Gell.
408 3463 438 3545 5,
468 3462 519 3546 19,
548 3463 597 3527 13.
629 3464 679 3527 14.
714 3498 751 3509 -
872 3460 900 3524 si
940 3460 1020 3524 iuris
1052 3460 1117 3523 ista

103 3552 285 3635 antiquitas
309 3557 462 3636 servetur,
491 3552 587 3615 etiam
612 3573 724 3617 servus
748 3573 769 3615 a
791 3550 927 3614 domino
950 3569 1014 3632 per
1035 3566 1135 3626 prae·
