2430 3944
143 848 218 947 IV.
260 844 601 945 VESPASIANI
633 845 744 943 llll
778 845 1076 946 DOMlTlANI

209 1023 513 1122 TEMPORUM
546 1022 694 1123 IURlS
728 1023 1006 1124 CONSULTI.

100 1246 124 1293 1.
144 1234 284 1294 Servilius.
305 1267 338 1276 -
357 1241 383 1291 2.
402 1234 535 1305 Pegasus.
556 1267 587 1276 -
607 1241 633 1291 3.
653 1235 820 1292 Octauenus.
835 1267 870 1277 -
883 1241 909 1290 4.
929 1236 1067 1294 Plautius.
1082 1269 1117 1279 -

98 1317 123 1365 ὅ.
156 1307 282 1364 Aufidius
311 1307 404 1362 Chius.
434 1337 468 1347 -
499 1312 524 1362 6.
556 1306 736 1363 Puteolanus.
764 1339 799 1349 -
828 1313 852 1364 7.
883 1307 1053 1378 Campanus.
1082 1340 1117 1350 —

96 1386 126 1437 8.
154 1379 290 1436 Vivianus
309 1409 344 1419 -
369 1382 394 1433 9.
424 1375 535 1433 Caelius
550 1378 694 1519 &Qua
718 1410 755 1420 -
779 1385 821 1434 10.
849 1378 994 1434 Iuventius
1018 1378 1117 1435 Celeus

445 1668 483 1750 l.
523 1668 771 1746 SERVILIUS

184 1832 388 1910 iurisperitus
403 1854 422 1895 a
436 1835 577 1896 Terentio
592 1833 745 1894 Clemente
759 1830 911 1908 laudatus,
925 1831 977 1907 qui
992 1831 1117 1892 Proculi

97 1922 278 1982 sententiam
309 1924 417 2001 refert,
453 1928 587 1985 ceterum
617 1921 704 1983 nobis
735 1920 866 1997 ignotus.
920 1920 1052 1981 fortasse
1085 1922 1118 1981 in

95 2029 220 2071 numero
244 2030 346 2074 eorum
370 2014 551 2089 scriptorum
573 2010 729 2072 habendus
751 2012 807 2085 est,
830 2008 882 2085 qui
901 2008 1117 2086 principalium

96 2099 172 2160 iuris
196 2102 400 2161 consultorum
422 2120 568 2178 responsa
590 2101 784 2178 collegerunt.

520 2321 572 2339 ...
595 2277 691 2337 libri

421 2386 472 2452 De
495 2388 671 2454 libertorum
694 2387 789 2452 boscis.

185 2492 359 2578 D.37‚14,
375 2494 425 2559 10.
470 2493 638 2559 Terentius
665 2492 815 2560 Clemens
843 2492 928 2557 libro
957 2513 1046 2557 nono
1077 2494 1118 2558 ad

95 2582 202 2666 legem
225 2581 344 2647 Iuliam
372 2587 405 2647 et
427 2581 564 2667 Papiam
588 2579 637 2669 (P.
652 2578 721 2669 22).
742 2618 788 2629 -
810 2581 895 2646 Eum
918 2580 976 2665 qui
999 2582 1117 2666 capitis

95 2676 265 2756 paternum
302 2669 473 2735 libertum1
511 2676 706 2754 accusasset,
743 2670 869 2734 excludi
904 2693 923 2735 a
955 2669 1118 2735 bonorum

95 2760 302 2844 possessione
325 2763 439 2825 contra
457 2760 586 2825 tabulas
606 2759 736 2845 placuit.
778 2758 888 2823 Labeo
908 2758 1119 2824 existimabat

96 2848 213 2931 capitis
237 2849 477 2914 accusationem
501 2872 572 2914 eam
596 2870 677 2934 ease,
702 2849 791 2913 cuius
814 2869 921 2932 poena
945 2868 1035 2911 mors
1060 2853 1119 2913 aut

97 2937 227 3001 exilium
256 2943 349 3002 esset
401 2937 456 3022 qui
482 2960 600 3004 nomen
629 2936 760 3019 detulit,
793 2957 961 3002 accusasse
989 2936 1117 3001 intelle-

96 3024 220 3110 gendus
240 3029 298 3108 est,
317 3026 383 3090 nisi
401 3027 613 3092 abolitionem
627 3026 720 3111 petit.
747 3025 843 3110 idque
860 3025 961 3090 etiam
976 3024 1117 3092 Proculo

97 3113 260 3195 placuisse
284 3113 438 3180 Servilius
461 3115 570 3182 refert

168 3276 183 3324 1
203 3270 282 3328 Flos.
301 3288 366 3327 eum
384 3274 534 3343 patronum
552 3272 601 3341 qui
620 3271 721 3341 capitis
741 3272 882 3326 libertum,
