<?xml version="1.0" encoding="UTF-8"?>
<!DOCTYPE html PUBLIC "-//W3C//DTD XHTML 1.0 Transitional//EN"
    "http://www.w3.org/TR/xhtml1/DTD/xhtml1-transitional.dtd">
<html xmlns="http://www.w3.org/1999/xhtml" xml:lang="en" lang="en">
 <head>
  <title>
</title>
<meta http-equiv="Content-Type" content="text/html;charset=utf-8" />
  <meta name='ocr-system' content='tesseract 3.04.00' />
  <meta name='ocr-capabilities' content='ocr_page ocr_carea ocr_par ocr_line ocrx_word'/>
</head>
<body>
  <div class='ocr_page' id='page_1' title='image "./iurisprudentiae02bremgoog_0526.png"; bbox 0 0 2430 3944; ppageno 0'>
   <div class='ocr_carea' id='block_1_1' title="bbox 388 189 1107 257">
    <p class='ocr_par' dir='ltr' id='par_1_1' title="bbox 388 189 1107 257">
     <span class='ocr_line' id='line_1_1' title="bbox 388 189 1107 257; baseline 0.014 -10"><span class='ocrx_word' id='word_1_1' title='bbox 388 197 413 247; x_wconf 84' lang='grc'>6.</span> <span class='ocrx_word' id='word_1_2' title='bbox 436 189 645 246; x_wconf 76' lang='lat' dir='ltr'>Invonsnus</span> <span class='ocrx_word' id='word_1_3' title='bbox 663 190 811 248; x_wconf 78' lang='lat' dir='ltr'>Palscos</span> <span class='ocrx_word' id='word_1_4' title='bbox 1038 192 1107 257; x_wconf 84' lang='lat'>493</span> 
     </span>
    </p>
   </div>
   <div class='ocr_carea' id='block_1_2' title="bbox 86 353 1108 617">
    <p class='ocr_par' dir='ltr' id='par_1_2' title="bbox 86 353 1108 617">
     <span class='ocr_line' id='line_1_2' title="bbox 87 353 1106 442; baseline 0.001 -21"><span class='ocrx_word' id='word_1_5' title='bbox 87 378 189 441; x_wconf 87' lang='lat' dir='ltr'>quarn</span> <span class='ocrx_word' id='word_1_6' title='bbox 222 353 367 419; x_wconf 76' lang='lat' dir='ltr'>extranei</span> <span class='ocrx_word' id='word_1_7' title='bbox 398 353 531 418; x_wconf 91' lang='lat' dir='ltr'>heredes</span> <span class='ocrx_word' id='word_1_8' title='bbox 560 358 634 418; x_wconf 91' lang='lat' dir='ltr'>ante</span> <span class='ocrx_word' id='word_1_9' title='bbox 662 358 793 420; x_wconf 87' lang='lat' dir='ltr'>senatus</span> <span class='ocrx_word' id='word_1_10' title='bbox 821 356 1004 420; x_wconf 89' lang='lat' dir='ltr'>consultum</span> <span class='ocrx_word' id='word_1_11' title='bbox 1032 356 1106 442; x_wconf 84' lang='lat' dir='ltr'>lege</span> 
     </span>
     <span class='ocr_line' id='line_1_3' title="bbox 86 442 1108 529; baseline -0.001 -19"><span class='ocrx_word' id='word_1_12' title='bbox 86 445 187 510; x_wconf 87' lang='lat' dir='ltr'>Iunia</span> <span class='ocrx_word' id='word_1_13' title='bbox 209 443 355 508; x_wconf 88' lang='lat' dir='ltr'>habituri</span> <span class='ocrx_word' id='word_1_14' title='bbox 378 446 496 525; x_wconf 87' lang='lat' dir='ltr'>essent,</span> <span class='ocrx_word' id='word_1_15' title='bbox 518 442 658 526; x_wconf 86' lang='lat' dir='ltr'>reliquas</span> <span class='ocrx_word' id='word_1_16' title='bbox 682 465 757 508; x_wconf 90' lang='lat' dir='ltr'>vero</span> <span class='ocrx_word' id='word_1_17' title='bbox 775 448 884 528; x_wconf 88' lang='lat' dir='ltr'>partes</span> <span class='ocrx_word' id='word_1_18' title='bbox 903 465 962 529; x_wconf 91' lang='lat' dir='ltr'>pro</span> <span class='ocrx_word' id='word_1_19' title='bbox 980 443 1108 511; x_wconf 90' lang='lat' dir='ltr'>heredi-</span> 
     </span>
     <span class='ocr_line' id='line_1_4' title="bbox 87 530 689 617; baseline -0.003 -18"><span class='ocrx_word' id='word_1_20' title='bbox 87 533 184 599; x_wconf 87' lang='lat' dir='ltr'>tariis</span> <span class='ocrx_word' id='word_1_21' title='bbox 207 531 354 617; x_wconf 86' lang='lat' dir='ltr'>partibus</span> <span class='ocrx_word' id='word_1_22' title='bbox 379 530 418 595; x_wconf 86' lang='lat' dir='ltr'>ad</span> <span class='ocrx_word' id='word_1_23' title='bbox 442 552 497 595; x_wconf 88' lang='lat' dir='ltr'>eos</span> <span class='ocrx_word' id='word_1_24' title='bbox 520 532 689 614; x_wconf 87' lang='lat' dir='ltr'>pertinere.</span> 
     </span>
    </p>
   </div>
   <div class='ocr_carea' id='block_1_3' title="bbox 391 708 810 793">
    <p class='ocr_par' dir='ltr' id='par_1_3' title="bbox 391 708 810 793">
     <span class='ocr_line' id='line_1_5' title="bbox 391 708 810 793; baseline 0.002 -20"><span class='ocrx_word' id='word_1_25' title='bbox 391 708 441 773; x_wconf 87' lang='lat' dir='ltr'>De</span> <span class='ocrx_word' id='word_1_26' title='bbox 458 713 662 790; x_wconf 74' lang='lat' dir='ltr'>patronorum</span> <span class='ocrx_word' id='word_1_27' title='bbox 684 710 810 793; x_wconf 67' lang='lat' dir='ltr'>niptris.</span> 
     </span>
    </p>
   </div>
   <div class='ocr_carea' id='block_1_4' title="bbox 87 823 1109 1424">
    <p class='ocr_par' dir='ltr' id='par_1_4' title="bbox 87 823 1109 1424">
     <span class='ocr_line' id='line_1_6' title="bbox 181 823 1108 911; baseline 0 -21"><span class='ocrx_word' id='word_1_28' title='bbox 181 828 212 891; x_wconf 82' lang='lat'>4.</span> <span class='ocrx_word' id='word_1_29' title='bbox 245 825 285 889; x_wconf 91' lang='lat' dir='ltr'>D.</span> <span class='ocrx_word' id='word_1_30' title='bbox 305 826 358 908; x_wconf 78' lang='lat'>23,</span> <span class='ocrx_word' id='word_1_31' title='bbox 376 825 407 909; x_wconf 82' lang='lat'>2,</span> <span class='ocrx_word' id='word_1_32' title='bbox 424 825 477 889; x_wconf 82' lang='lat'>46.</span> <span class='ocrx_word' id='word_1_33' title='bbox 531 823 630 889; x_wconf 82' lang='lat' dir='ltr'>Gaius</span> <span class='ocrx_word' id='word_1_34' title='bbox 663 824 747 889; x_wconf 92' lang='lat' dir='ltr'>libro</span> <span class='ocrx_word' id='word_1_35' title='bbox 780 828 896 890; x_wconf 89' lang='lat' dir='ltr'>octavo</span> <span class='ocrx_word' id='word_1_36' title='bbox 928 825 969 889; x_wconf 89' lang='lat' dir='ltr'>ad</span> <span class='ocrx_word' id='word_1_37' title='bbox 1000 827 1108 911; x_wconf 85' lang='lat' dir='ltr'>legem</span> 
     </span>
     <span class='ocr_line' id='line_1_7' title="bbox 87 911 1108 999; baseline -0.001 -19"><span class='ocrx_word' id='word_1_38' title='bbox 87 916 210 981; x_wconf 88' lang='lat' dir='ltr'>Iuliam</span> <span class='ocrx_word' id='word_1_39' title='bbox 234 919 267 979; x_wconf 90' lang='lat' dir='ltr'>et</span> <span class='ocrx_word' id='word_1_40' title='bbox 284 913 428 997; x_wconf 80' lang='lat' dir='ltr'><strong>Papiam.</strong></span> <span class='ocrx_word' id='word_1_41' title='bbox 448 951 491 960; x_wconf 89' lang='lat'>-</span> <span class='ocrx_word' id='word_1_42' title='bbox 509 911 595 977; x_wconf 87' lang='lat' dir='ltr'>Illud</span> <span class='ocrx_word' id='word_1_43' title='bbox 619 913 831 978; x_wconf 90' lang='lat' dir='ltr'>dubitationis</span> <span class='ocrx_word' id='word_1_44' title='bbox 855 918 914 996; x_wconf 89' lang='lat' dir='ltr'>est,</span> <span class='ocrx_word' id='word_1_45' title='bbox 937 936 979 979; x_wconf 86' lang='lat' dir='ltr'>an</span> <span class='ocrx_word' id='word_1_46' title='bbox 1001 914 1108 999; x_wconf 90' lang='lat' dir='ltr'>etqui</span> 
     </span>
     <span class='ocr_line' id='line_1_8' title="bbox 88 1002 1108 1070; baseline -0.003 0"><span class='ocrx_word' id='word_1_47' title='bbox 88 1025 296 1070; x_wconf 89' lang='lat' dir='ltr'>communem</span> <span class='ocrx_word' id='word_1_48' title='bbox 325 1002 477 1067; x_wconf 77' lang='lat' dir='ltr'>libertam</span> <span class='ocrx_word' id='word_1_49' title='bbox 505 1024 636 1066; x_wconf 86' lang='lat' dir='ltr'>uxorem</span> <span class='ocrx_word' id='word_1_50' title='bbox 665 1002 794 1066; x_wconf 84' lang='lat' dir='ltr'>duxerit</span> <span class='ocrx_word' id='word_1_51' title='bbox 820 1003 860 1067; x_wconf 93' lang='lat' dir='ltr'>ad</span> <span class='ocrx_word' id='word_1_52' title='bbox 888 1003 950 1067; x_wconf 91' lang='lat' dir='ltr'>hoc</span> <span class='ocrx_word' id='word_1_53' title='bbox 977 1003 1027 1068; x_wconf 92' lang='lat' dir='ltr'>ius</span> <span class='ocrx_word' id='word_1_54' title='bbox 1054 1003 1108 1067; x_wconf 90' lang='lat' dir='ltr'>ad·</span> 
     </span>
     <span class='ocr_line' id='line_1_9' title="bbox 89 1090 1108 1176; baseline -0.001 -19"><span class='ocrx_word' id='word_1_55' title='bbox 89 1095 245 1158; x_wconf 87' lang='lat' dir='ltr'>mittatur</span> <span class='ocrx_word' id='word_1_56' title='bbox 263 1093 320 1174; x_wconf 90' lang='lat' dir='ltr'>(sc.</span> <span class='ocrx_word' id='word_1_57' title='bbox 340 1091 437 1175; x_wconf 72' lang='lat' dir='ltr'>‘quod</span> <span class='ocrx_word' id='word_1_58' title='bbox 456 1091 544 1174; x_wconf 91' lang='lat' dir='ltr'>dicit,</span> <span class='ocrx_word' id='word_1_59' title='bbox 565 1090 669 1155; x_wconf 85' lang='lat' dir='ltr'>invito</span> <span class='ocrx_word' id='word_1_60' title='bbox 688 1097 827 1174; x_wconf 88' lang='lat' dir='ltr'>patrono</span> <span class='ocrx_word' id='word_1_61' title='bbox 846 1091 1007 1171; x_wconf 89' lang='lat' dir='ltr'>libertam,</span> <span class='ocrx_word' id='word_1_62' title='bbox 1025 1113 1108 1176; x_wconf 90' lang='lat' dir='ltr'>quae</span> 
     </span>
     <span class='ocr_line' id='line_1_10' title="bbox 88 1176 1109 1266; baseline -0.002 -20"><span class='ocrx_word' id='word_1_63' title='bbox 88 1184 121 1246; x_wconf 89' lang='lat' dir='ltr'>ei</span> <span class='ocrx_word' id='word_1_64' title='bbox 142 1185 246 1264; x_wconf 87' lang='lat' dir='ltr'>nupta</span> <span class='ocrx_word' id='word_1_65' title='bbox 265 1185 323 1261; x_wconf 87' lang='lat' dir='ltr'>est,</span> <span class='ocrx_word' id='word_1_66' title='bbox 346 1180 403 1244; x_wconf 87' lang='lat' dir='ltr'>alii</span> <span class='ocrx_word' id='word_1_67' title='bbox 421 1180 540 1244; x_wconf 88' lang='lat' dir='ltr'>nubere</span> <span class='ocrx_word' id='word_1_68' title='bbox 559 1201 625 1244; x_wconf 93' lang='lat' dir='ltr'>non</span> <span class='ocrx_word' id='word_1_69' title='bbox 644 1176 776 1266; x_wconf 88' lang='lat' dir='ltr'>posse&#39;).</span> <span class='ocrx_word' id='word_1_70' title='bbox 817 1178 990 1246; x_wconf 84' lang='lat' dir='ltr'>Iavolenus</span> <span class='ocrx_word' id='word_1_71' title='bbox 1009 1201 1109 1265; x_wconf 81' lang='lat' dir='ltr'>nega·</span> 
     </span>
     <span class='ocr_line' id='line_1_11' title="bbox 89 1268 1108 1355; baseline -0.001 -21"><span class='ocrx_word' id='word_1_72' title='bbox 89 1271 151 1354; x_wconf 86' lang='lat' dir='ltr'>vit,</span> <span class='ocrx_word' id='word_1_73' title='bbox 175 1269 339 1354; x_wconf 87' lang='lat' dir='ltr'>quianon</span> <span class='ocrx_word' id='word_1_74' title='bbox 362 1269 493 1353; x_wconf 85' lang='lat' dir='ltr'>proprie</span> <span class='ocrx_word' id='word_1_75' title='bbox 517 1268 642 1333; x_wconf 87' lang='lat' dir='ltr'>videtur</span> <span class='ocrx_word' id='word_1_76' title='bbox 666 1269 733 1332; x_wconf 91' lang='lat' dir='ltr'>eius</span> <span class='ocrx_word' id='word_1_77' title='bbox 757 1269 885 1355; x_wconf 88' lang='lat' dir='ltr'>liberta,</span> <span class='ocrx_word' id='word_1_78' title='bbox 908 1291 990 1354; x_wconf 89' lang='lat' dir='ltr'>quae</span> <span class='ocrx_word' id='word_1_79' title='bbox 1009 1271 1108 1334; x_wconf 90' lang='lat' dir='ltr'>etiam</span> 
     </span>
     <span class='ocr_line' id='line_1_12' title="bbox 90 1359 302 1424; baseline -0.009 0"><span class='ocrx_word' id='word_1_80' title='bbox 90 1359 228 1424; x_wconf 89' lang='lat' dir='ltr'>alterius</span> <span class='ocrx_word' id='word_1_81' title='bbox 252 1359 302 1422; x_wconf 90' lang='lat' dir='ltr'>sit.</span> 
     </span>
    </p>
   </div>
   <div class='ocr_carea' id='block_1_5' title="bbox 90 1454 1108 1715">
    <p class='ocr_par' dir='ltr' id='par_1_5' title="bbox 90 1454 1108 1715">
     <span class='ocr_line' id='line_1_13' title="bbox 183 1454 1108 1537; baseline -0.003 -16"><span class='ocrx_word' id='word_1_82' title='bbox 183 1460 277 1522; x_wconf 84' lang='lat' dir='ltr'>Gaius</span> <span class='ocrx_word' id='word_1_83' title='bbox 304 1459 401 1519; x_wconf 88' lang='lat' dir='ltr'>addit:</span> <span class='ocrx_word' id='word_1_84' title='bbox 429 1454 509 1518; x_wconf 72' lang='lat' dir='ltr'>‘aliis</span> <span class='ocrx_word' id='word_1_85' title='bbox 536 1462 641 1519; x_wconf 86' lang='lat' dir='ltr'>contra</span> <span class='ocrx_word' id='word_1_86' title='bbox 664 1459 761 1518; x_wconf 88' lang='lat' dir='ltr'>visum</span> <span class='ocrx_word' id='word_1_87' title='bbox 784 1463 843 1536; x_wconf 89' lang='lat' dir='ltr'>est,</span> <span class='ocrx_word' id='word_1_88' title='bbox 871 1461 942 1537; x_wconf 90' lang='lat' dir='ltr'>quia</span> <span class='ocrx_word' id='word_1_89' title='bbox 965 1461 1108 1521; x_wconf 86' lang='lat' dir='ltr'>libertam</span> 
     </span>
     <span class='ocr_line' id='line_1_14' title="bbox 90 1548 1108 1629; baseline -0.001 -19"><span class='ocrx_word' id='word_1_90' title='bbox 90 1551 158 1610; x_wconf 89' lang='lat' dir='ltr'>eins</span> <span class='ocrx_word' id='word_1_91' title='bbox 178 1568 243 1610; x_wconf 87' lang='lat' dir='ltr'>esse</span> <span class='ocrx_word' id='word_1_92' title='bbox 257 1549 362 1626; x_wconf 81' lang='lat' dir='ltr'>negari</span> <span class='ocrx_word' id='word_1_93' title='bbox 375 1568 435 1608; x_wconf 92' lang='lat' dir='ltr'>non</span> <span class='ocrx_word' id='word_1_94' title='bbox 449 1551 558 1626; x_wconf 87' lang='lat' dir='ltr'>potest,</span> <span class='ocrx_word' id='word_1_95' title='bbox 576 1549 647 1608; x_wconf 89' lang='lat' dir='ltr'>licet</span> <span class='ocrx_word' id='word_1_96' title='bbox 660 1548 785 1609; x_wconf 89' lang='lat' dir='ltr'>alterius</span> <span class='ocrx_word' id='word_1_97' title='bbox 800 1569 918 1628; x_wconf 87' lang='lat' dir='ltr'>quoque</span> <span class='ocrx_word' id='word_1_98' title='bbox 934 1551 974 1610; x_wconf 89' lang='lat' dir='ltr'>eit</span> <span class='ocrx_word' id='word_1_99' title='bbox 987 1549 1108 1629; x_wconf 84' lang='lat' dir='ltr'>liberta,</span> 
     </span>
     <span class='ocr_line' id='line_1_15' title="bbox 90 1631 895 1715; baseline -0.001 -16"><span class='ocrx_word' id='word_1_100' title='bbox 90 1658 184 1715; x_wconf 88' lang='lat' dir='ltr'>quam</span> <span class='ocrx_word' id='word_1_101' title='bbox 207 1639 387 1699; x_wconf 78' lang='lat' dir='ltr'>sententiam</span> <span class='ocrx_word' id='word_1_102' title='bbox 410 1636 545 1714; x_wconf 85' lang='lat' dir='ltr'>plerique</span> <span class='ocrx_word' id='word_1_103' title='bbox 567 1640 648 1695; x_wconf 88' lang='lat' dir='ltr'>recte</span> <span class='ocrx_word' id='word_1_104' title='bbox 671 1631 895 1712; x_wconf 64' lang='lat' dir='ltr'>probaverunt?</span> 
     </span>
    </p>
   </div>
   <div class='ocr_carea' id='block_1_6' title="bbox 516 1807 691 1873">
    <p class='ocr_par' dir='ltr' id='par_1_6' title="bbox 516 1807 691 1873">
     <span class='ocr_line' id='line_1_16' title="bbox 516 1807 691 1873; baseline 0 -1"><span class='ocrx_word' id='word_1_105' title='bbox 516 1807 567 1873; x_wconf 88' lang='lat' dir='ltr'>De</span> <span class='ocrx_word' id='word_1_106' title='bbox 589 1809 691 1873; x_wconf 79' lang='lat' dir='ltr'>tutelo.</span> 
     </span>
    </p>
   </div>
   <div class='ocr_carea' id='block_1_7' title="bbox 94 1922 1110 2453">
    <p class='ocr_par' dir='ltr' id='par_1_7' title="bbox 94 1922 1110 2453">
     <span class='ocr_line' id='line_1_17' title="bbox 184 1922 1110 2010; baseline 0 -20"><span class='ocrx_word' id='word_1_107' title='bbox 184 1925 228 1990; x_wconf 75' lang='lat'>5?</span> <span class='ocrx_word' id='word_1_108' title='bbox 250 1924 325 2009; x_wconf 90' lang='lat' dir='ltr'>Ulp.</span> <span class='ocrx_word' id='word_1_109' title='bbox 342 1927 393 2007; x_wconf 89' lang='lat'>11,</span> <span class='ocrx_word' id='word_1_110' title='bbox 406 1925 459 1990; x_wconf 80' lang='lat'>28.</span> <span class='ocrx_word' id='word_1_111' title='bbox 480 1961 518 1970; x_wconf 91' lang='lat'><em>-</em></span> <span class='ocrx_word' id='word_1_112' title='bbox 598 1925 754 2007; x_wconf 90' lang='lat' dir='ltr'>puberem</span> <span class='ocrx_word' id='word_1_113' title='bbox 768 1972 776 1988; x_wconf 87' lang='lat'><strong>.</strong></span> <span class='ocrx_word' id='word_1_114' title='bbox 788 1971 796 1986; x_wconf 89' lang='lat'><strong>.</strong></span> <span class='ocrx_word' id='word_1_115' title='bbox 810 1922 959 1989; x_wconf 79' lang='lat' dir='ltr'>Cassiani</span> <span class='ocrx_word' id='word_1_116' title='bbox 978 1925 1110 2010; x_wconf 90' lang='lat' dir='ltr'>quidem</span> 
     </span>
     <span class='ocr_line' id='line_1_18' title="bbox 96 2012 1110 2098; baseline -0.001 -19"><span class='ocrx_word' id='word_1_117' title='bbox 96 2037 168 2079; x_wconf 90' lang='lat' dir='ltr'>eum</span> <span class='ocrx_word' id='word_1_118' title='bbox 194 2036 263 2078; x_wconf 89' lang='lat' dir='ltr'>esse</span> <span class='ocrx_word' id='word_1_119' title='bbox 287 2014 412 2098; x_wconf 87' lang='lat' dir='ltr'>dicunt,</span> <span class='ocrx_word' id='word_1_120' title='bbox 435 2014 488 2097; x_wconf 92' lang='lat' dir='ltr'>qui</span> <span class='ocrx_word' id='word_1_121' title='bbox 512 2013 628 2077; x_wconf 87' lang='lat' dir='ltr'>habitu</span> <span class='ocrx_word' id='word_1_122' title='bbox 652 2012 797 2096; x_wconf 88' lang='lat' dir='ltr'>corporis</span> <span class='ocrx_word' id='word_1_123' title='bbox 820 2013 921 2097; x_wconf 88' lang='lat' dir='ltr'>pubes</span> <span class='ocrx_word' id='word_1_124' title='bbox 945 2017 1110 2098; x_wconf 82' lang='lat' dir='ltr'>appareat,</span> 
     </span>
     <span class='ocr_line' id='line_1_19' title="bbox 95 2100 1110 2187; baseline 0 -20"><span class='ocrx_word' id='word_1_125' title='bbox 95 2104 126 2167; x_wconf 92' lang='lat' dir='ltr'>id</span> <span class='ocrx_word' id='word_1_126' title='bbox 150 2103 275 2187; x_wconf 88' lang='lat' dir='ltr'>estqui</span> <span class='ocrx_word' id='word_1_127' title='bbox 295 2123 449 2187; x_wconf 79' lang='lat' dir='ltr'>generare</span> <span class='ocrx_word' id='word_1_128' title='bbox 468 2102 587 2185; x_wconf 73' lang='lat' dir='ltr'>possit,</span> <span class='ocrx_word' id='word_1_129' title='bbox 611 2100 815 2166; x_wconf 88' lang='lat' dir='ltr'>Proculeiani</span> <span class='ocrx_word' id='word_1_130' title='bbox 834 2106 943 2165; x_wconf 88' lang='lat' dir='ltr'>autem</span> <span class='ocrx_word' id='word_1_131' title='bbox 962 2124 1035 2166; x_wconf 94' lang='lat' dir='ltr'>eum</span> <span class='ocrx_word' id='word_1_132' title='bbox 1055 2103 1110 2186; x_wconf 91' lang='lat' dir='ltr'>qui</span> 
     </span>
     <span class='ocr_line' id='line_1_20' title="bbox 95 2189 1109 2276; baseline -0.001 -20"><span class='ocrx_word' id='word_1_133' title='bbox 95 2192 354 2276; x_wconf 87' lang='lat' dir='ltr'>quattuordecim</span> <span class='ocrx_word' id='word_1_134' title='bbox 379 2211 480 2255; x_wconf 88' lang='lat' dir='ltr'>annos</span> <span class='ocrx_word' id='word_1_135' title='bbox 504 2191 658 2275; x_wconf 82' lang='lat' dir='ltr'>explevit3</span> <span class='ocrx_word' id='word_1_136' title='bbox 681 2212 792 2254; x_wconf 86' lang='lat' dir='ltr'>verum</span> <span class='ocrx_word' id='word_1_137' title='bbox 811 2189 938 2255; x_wconf 84' lang='lat' dir='ltr'>Priscus</span> <span class='ocrx_word' id='word_1_138' title='bbox 960 2213 1033 2255; x_wconf 92' lang='lat' dir='ltr'>eum</span> <span class='ocrx_word' id='word_1_139' title='bbox 1052 2213 1109 2274; x_wconf 89' lang='lat' dir='ltr'>pu·</span> 
     </span>
     <span class='ocr_line' id='line_1_21' title="bbox 94 2279 1109 2364; baseline -0.001 -19"><span class='ocrx_word' id='word_1_140' title='bbox 94 2282 205 2345; x_wconf 87' lang='lat' dir='ltr'>berem</span> <span class='ocrx_word' id='word_1_141' title='bbox 234 2301 318 2361; x_wconf 92' lang='lat' dir='ltr'>esse,</span> <span class='ocrx_word' id='word_1_142' title='bbox 346 2281 380 2344; x_wconf 93' lang='lat' dir='ltr'>in</span> <span class='ocrx_word' id='word_1_143' title='bbox 408 2300 503 2364; x_wconf 90' lang='lat' dir='ltr'>quem</span> <span class='ocrx_word' id='word_1_144' title='bbox 527 2285 699 2363; x_wconf 88' lang='lat' dir='ltr'>utrumque</span> <span class='ocrx_word' id='word_1_145' title='bbox 722 2280 897 2360; x_wconf 84' lang='lat' dir='ltr'>concurrit,</span> <span class='ocrx_word' id='word_1_146' title='bbox 925 2283 957 2342; x_wconf 91' lang='lat' dir='ltr'>et</span> <span class='ocrx_word' id='word_1_147' title='bbox 977 2279 1109 2344; x_wconf 87' lang='lat' dir='ltr'>habitus</span> 
     </span>
     <span class='ocr_line' id='line_1_22' title="bbox 94 2370 665 2453; baseline -0.004 -19"><span class='ocrx_word' id='word_1_148' title='bbox 94 2370 240 2453; x_wconf 88' lang='lat' dir='ltr'>corporis</span> <span class='ocrx_word' id='word_1_149' title='bbox 265 2373 297 2433; x_wconf 90' lang='lat' dir='ltr'>et</span> <span class='ocrx_word' id='word_1_150' title='bbox 319 2390 472 2433; x_wconf 88' lang='lat' dir='ltr'>numerus</span> <span class='ocrx_word' id='word_1_151' title='bbox 497 2389 665 2432; x_wconf 89' lang='lat' dir='ltr'>annorum.</span> 
     </span>
    </p>
   </div>
   <div class='ocr_carea' id='block_1_8' title="bbox 94 2545 1111 3279">
    <p class='ocr_par' dir='ltr' id='par_1_8' title="bbox 482 2545 1041 2629">
     <span class='ocr_line' id='line_1_23' title="bbox 482 2545 1041 2629; baseline 0.004 -20"><span class='ocrx_word' id='word_1_152' title='bbox 482 2545 531 2610; x_wconf 87' lang='lat' dir='ltr'>De</span> <span class='ocrx_word' id='word_1_153' title='bbox 554 2546 727 2610; x_wconf 77' lang='lat' dir='ltr'>traditione</span> <span class='ocrx_word' id='word_1_154' title='bbox 1037 2622 1041 2629; x_wconf 25' lang='lat'>¹</span> 
     </span>
    </p>

    <p class='ocr_par' dir='ltr' id='par_1_9' title="bbox 94 2659 1111 3279">
     <span class='ocr_line' id='line_1_24' title="bbox 186 2659 1109 2747; baseline -0.001 -21"><span class='ocrx_word' id='word_1_155' title='bbox 186 2661 229 2726; x_wconf 79' lang='lat'>6?</span> <span class='ocrx_word' id='word_1_156' title='bbox 261 2661 299 2726; x_wconf 91' lang='lat' dir='ltr'>D.</span> <span class='ocrx_word' id='word_1_157' title='bbox 314 2663 367 2745; x_wconf 89' lang='grc'>41,</span> <span class='ocrx_word' id='word_1_158' title='bbox 380 2663 411 2746; x_wconf 85' lang='grc'>2,</span> <span class='ocrx_word' id='word_1_159' title='bbox 426 2666 455 2746; x_wconf 92' lang='grc'>1,</span> <span class='ocrx_word' id='word_1_160' title='bbox 469 2665 521 2727; x_wconf 79' lang='lat'>21.</span> <span class='ocrx_word' id='word_1_161' title='bbox 567 2659 687 2725; x_wconf 89' lang='lat' dir='ltr'>Paulus</span> <span class='ocrx_word' id='word_1_162' title='bbox 710 2659 795 2726; x_wconf 90' lang='lat' dir='ltr'>libro</span> <span class='ocrx_word' id='word_1_163' title='bbox 819 2659 1109 2747; x_wconf 83' lang='lat' dir='ltr'>quinquagensimo</span> 
     </span>
     <span class='ocr_line' id='line_1_25' title="bbox 94 2749 1111 2836; baseline 0.001 -22"><span class='ocrx_word' id='word_1_164' title='bbox 94 2754 213 2836; x_wconf 87' lang='lat' dir='ltr'>quarto</span> <span class='ocrx_word' id='word_1_165' title='bbox 247 2750 287 2814; x_wconf 91' lang='lat' dir='ltr'>ad</span> <span class='ocrx_word' id='word_1_166' title='bbox 319 2751 467 2815; x_wconf 91' lang='lat' dir='ltr'>edictum.</span> <span class='ocrx_word' id='word_1_167' title='bbox 498 2788 535 2798; x_wconf 95' lang='lat'><strong>—</strong></span> <span class='ocrx_word' id='word_1_168' title='bbox 567 2749 601 2814; x_wconf 84' lang='lat' dir='ltr'>Si</span> <span class='ocrx_word' id='word_1_169' title='bbox 634 2749 783 2814; x_wconf 90' lang='lat' dir='ltr'>iusserim</span> <span class='ocrx_word' id='word_1_170' title='bbox 811 2749 1011 2815; x_wconf 88' lang='lat' dir='ltr'>venditorem</span> <span class='ocrx_word' id='word_1_171' title='bbox 1039 2772 1111 2834; x_wconf 88' lang='lat' dir='ltr'>pro·</span> 
     </span>
     <span class='ocr_line' id='line_1_26' title="bbox 95 2839 1110 2924; baseline 0 -20"><span class='ocrx_word' id='word_1_172' title='bbox 95 2839 240 2904; x_wconf 86' lang='lat' dir='ltr'>curatori</span> <span class='ocrx_word' id='word_1_173' title='bbox 263 2861 333 2904; x_wconf 91' lang='lat' dir='ltr'>rem</span> <span class='ocrx_word' id='word_1_174' title='bbox 355 2840 492 2921; x_wconf 87' lang='lat' dir='ltr'>tradere,</span> <span class='ocrx_word' id='word_1_175' title='bbox 515 2862 586 2905; x_wconf 93' lang='lat' dir='ltr'>cum</span> <span class='ocrx_word' id='word_1_176' title='bbox 611 2860 648 2901; x_wconf 88' lang='lat' dir='ltr'>ea</span> <span class='ocrx_word' id='word_1_177' title='bbox 670 2839 704 2901; x_wconf 94' lang='lat' dir='ltr'>in</span> <span class='ocrx_word' id='word_1_178' title='bbox 729 2839 914 2922; x_wconf 89' lang='lat' dir='ltr'>praesentia</span> <span class='ocrx_word' id='word_1_179' title='bbox 933 2840 984 2924; x_wconf 85' lang='lat' dir='ltr'>sit,</span> <span class='ocrx_word' id='word_1_180' title='bbox 1008 2840 1110 2904; x_wconf 88' lang='lat' dir='ltr'>videri</span> 
     </span>
     <span class='ocr_line' id='line_1_27' title="bbox 95 2927 1110 3011; baseline -0.002 -18"><span class='ocrx_word' id='word_1_181' title='bbox 95 2929 179 2994; x_wconf 90' lang='lat' dir='ltr'>mihi</span> <span class='ocrx_word' id='word_1_182' title='bbox 205 2928 358 2992; x_wconf 85' lang='lat' dir='ltr'>traditam</span> <span class='ocrx_word' id='word_1_183' title='bbox 381 2928 511 2994; x_wconf 89' lang='lat' dir='ltr'>Priscus</span> <span class='ocrx_word' id='word_1_184' title='bbox 540 2929 598 3009; x_wconf 90' lang='lat' dir='ltr'>ait,</span> <span class='ocrx_word' id='word_1_185' title='bbox 625 2927 775 3011; x_wconf 86' lang='lat' dir='ltr'>idemque</span> <span class='ocrx_word' id='word_1_186' title='bbox 798 2948 881 3010; x_wconf 88' lang='lat' dir='ltr'>esse,</span> <span class='ocrx_word' id='word_1_187' title='bbox 909 2928 938 2992; x_wconf 91' lang='lat' dir='ltr'>si</span> <span class='ocrx_word' id='word_1_188' title='bbox 960 2949 1110 2992; x_wconf 90' lang='lat' dir='ltr'>nummos</span> 
     </span>
     <span class='ocr_line' id='line_1_28' title="bbox 96 3015 1110 3101; baseline -0.001 -20"><span class='ocrx_word' id='word_1_189' title='bbox 96 3016 279 3082; x_wconf 87' lang='lat' dir='ltr'>debitorem</span> <span class='ocrx_word' id='word_1_190' title='bbox 306 3018 455 3081; x_wconf 88' lang='lat' dir='ltr'>iusserim</span> <span class='ocrx_word' id='word_1_191' title='bbox 484 3018 541 3081; x_wconf 86' lang='lat' dir='ltr'>elii</span> <span class='ocrx_word' id='word_1_192' title='bbox 566 3017 651 3080; x_wconf 89' lang='lat' dir='ltr'>dare.</span> <span class='ocrx_word' id='word_1_193' title='bbox 687 3037 754 3079; x_wconf 92' lang='lat' dir='ltr'>non</span> <span class='ocrx_word' id='word_1_194' title='bbox 778 3036 844 3081; x_wconf 83' lang='lat' dir='ltr'>esse</span> <span class='ocrx_word' id='word_1_195' title='bbox 867 3015 952 3080; x_wconf 92' lang='lat' dir='ltr'>enim</span> <span class='ocrx_word' id='word_1_196' title='bbox 976 3038 1110 3101; x_wconf 90' lang='lat' dir='ltr'>corpore</span> 
     </span>
     <span class='ocr_line' id='line_1_29' title="bbox 95 3105 1110 3190; baseline -0.003 -19"><span class='ocrx_word' id='word_1_197' title='bbox 95 3111 129 3171; x_wconf 88' lang='lat' dir='ltr'>et</span> <span class='ocrx_word' id='word_1_198' title='bbox 153 3109 243 3171; x_wconf 88' lang='lat' dir='ltr'>tactu</span> <span class='ocrx_word' id='word_1_199' title='bbox 262 3127 392 3171; x_wconf 89' lang='lat' dir='ltr'>necesse</span> <span class='ocrx_word' id='word_1_200' title='bbox 412 3105 650 3190; x_wconf 88' lang='lat' dir='ltr'>adprehendere</span> <span class='ocrx_word' id='word_1_201' title='bbox 667 3105 914 3188; x_wconf 88' lang='lat' dir='ltr'>possessionem,</span> <span class='ocrx_word' id='word_1_202' title='bbox 937 3105 992 3169; x_wconf 90' lang='lat' dir='ltr'>sed</span> <span class='ocrx_word' id='word_1_203' title='bbox 1012 3105 1110 3168; x_wconf 91' lang='lat' dir='ltr'>etiam</span> 
     </span>
     <span class='ocr_line' id='line_1_30' title="bbox 96 3195 1111 3279; baseline -0.005 -18"><span class='ocrx_word' id='word_1_204' title='bbox 96 3195 202 3260; x_wconf 87' lang='lat' dir='ltr'>oculis</span> <span class='ocrx_word' id='word_1_205' title='bbox 226 3198 260 3258; x_wconf 90' lang='lat' dir='ltr'>et</span> <span class='ocrx_word' id='word_1_206' title='bbox 281 3195 399 3259; x_wconf 86' lang='lat' dir='ltr'>affectu</span> <span class='ocrx_word' id='word_1_207' title='bbox 417 3197 612 3279; x_wconf 84' lang='lat' dir='ltr'>argumento</span> <span class='ocrx_word' id='word_1_208' title='bbox 632 3214 702 3257; x_wconf 90' lang='lat' dir='ltr'>esse</span> <span class='ocrx_word' id='word_1_209' title='bbox 721 3215 776 3257; x_wconf 90' lang='lat' dir='ltr'>eas</span> <span class='ocrx_word' id='word_1_210' title='bbox 796 3215 855 3272; x_wconf 87' lang='lat' dir='ltr'>res,</span> <span class='ocrx_word' id='word_1_211' title='bbox 879 3215 960 3277; x_wconf 91' lang='lat' dir='ltr'>quae</span> <span class='ocrx_word' id='word_1_212' title='bbox 980 3196 1111 3276; x_wconf 88' lang='lat' dir='ltr'>propter</span> 
     </span>
    </p>
   </div>
   <div class='ocr_carea' id='block_1_9' title="bbox 95 3280 1111 3634">
    <p class='ocr_par' dir='ltr' id='par_1_10' title="bbox 95 3280 1111 3634">
     <span class='ocr_line' id='line_1_31' title="bbox 95 3280 1111 3370; baseline -0.003 -22"><span class='ocrx_word' id='word_1_213' title='bbox 95 3283 356 3370; x_wconf 82' lang='lat' dir='ltr'>magnitudinem</span> <span class='ocrx_word' id='word_1_214' title='bbox 374 3283 526 3368; x_wconf 92' lang='lat' dir='ltr'>ponderis</span> <span class='ocrx_word' id='word_1_215' title='bbox 545 3281 669 3346; x_wconf 86' lang='lat' dir='ltr'>moveri</span> <span class='ocrx_word' id='word_1_216' title='bbox 688 3303 753 3346; x_wconf 91' lang='lat' dir='ltr'>non</span> <span class='ocrx_word' id='word_1_217' title='bbox 771 3287 917 3366; x_wconf 86' lang='lat' dir='ltr'>possunt,</span> <span class='ocrx_word' id='word_1_218' title='bbox 936 3286 972 3345; x_wconf 91' lang='lat' dir='ltr'>ut</span> <span class='ocrx_word' id='word_1_219' title='bbox 992 3280 1111 3345; x_wconf 93' lang='lat' dir='ltr'>colum-</span> 
     </span>
     <span class='ocr_line' id='line_1_32' title="bbox 95 3370 1111 3456; baseline -0.005 -18"><span class='ocrx_word' id='word_1_220' title='bbox 95 3394 171 3452; x_wconf 88' lang='lat' dir='ltr'>nas,</span> <span class='ocrx_word' id='word_1_221' title='bbox 199 3393 275 3436; x_wconf 91' lang='lat' dir='ltr'>nam</span> <span class='ocrx_word' id='word_1_222' title='bbox 303 3394 362 3456; x_wconf 93' lang='lat' dir='ltr'>pro</span> <span class='ocrx_word' id='word_1_223' title='bbox 391 3371 519 3436; x_wconf 89' lang='lat' dir='ltr'>traditis</span> <span class='ocrx_word' id='word_1_224' title='bbox 549 3392 603 3435; x_wconf 89' lang='lat' dir='ltr'>eas</span> <span class='ocrx_word' id='word_1_225' title='bbox 626 3370 755 3451; x_wconf 88' lang='lat' dir='ltr'>haberi,</span> <span class='ocrx_word' id='word_1_226' title='bbox 783 3372 809 3434; x_wconf 88' lang='lat' dir='ltr'>si</span> <span class='ocrx_word' id='word_1_227' title='bbox 832 3371 868 3433; x_wconf 92' lang='lat' dir='ltr'>in</span> <span class='ocrx_word' id='word_1_228' title='bbox 891 3392 924 3434; x_wconf 90' lang='lat' dir='ltr'>re</span> <span class='ocrx_word' id='word_1_229' title='bbox 947 3370 1111 3455; x_wconf 89' lang='lat' dir='ltr'>praesenti</span> 
     </span>
     <span class='ocr_line' id='line_1_33' title="bbox 96 3458 1110 3544; baseline -0.004 -18"><span class='ocrx_word' id='word_1_230' title='bbox 96 3460 332 3544; x_wconf 83' lang='lat' dir='ltr'>consenserint3</span> <span class='ocrx_word' id='word_1_231' title='bbox 357 3464 390 3524; x_wconf 89' lang='lat' dir='ltr'>et</span> <span class='ocrx_word' id='word_1_232' title='bbox 411 3461 487 3525; x_wconf 87' lang='lat' dir='ltr'>vina</span> <span class='ocrx_word' id='word_1_233' title='bbox 510 3459 630 3524; x_wconf 88' lang='lat' dir='ltr'>tradita</span> <span class='ocrx_word' id='word_1_234' title='bbox 648 3458 761 3542; x_wconf 88' lang='lat' dir='ltr'>videri,</span> <span class='ocrx_word' id='word_1_235' title='bbox 785 3481 856 3523; x_wconf 92' lang='lat' dir='ltr'>cum</span> <span class='ocrx_word' id='word_1_236' title='bbox 876 3458 983 3523; x_wconf 85' lang='lat' dir='ltr'>claves</span> <span class='ocrx_word' id='word_1_237' title='bbox 1010 3459 1110 3523; x_wconf 89' lang='lat' dir='ltr'>cellae</span> 
     </span>
     <span class='ocr_line' id='line_1_34' title="bbox 96 3547 721 3634; baseline 0.002 -20"><span class='ocrx_word' id='word_1_238' title='bbox 96 3551 242 3614; x_wconf 86' lang='lat' dir='ltr'>vinariae</span> <span class='ocrx_word' id='word_1_239' title='bbox 266 3549 405 3634; x_wconf 91' lang='lat' dir='ltr'>emptori</span> <span class='ocrx_word' id='word_1_240' title='bbox 428 3548 568 3614; x_wconf 86' lang='lat' dir='ltr'>traditae</span> <span class='ocrx_word' id='word_1_241' title='bbox 591 3547 721 3615; x_wconf 86' lang='lat' dir='ltr'>fuerint.</span> 
     </span>
    </p>
   </div>
   <div class='ocr_carea' id='block_1_10' title="bbox 0 0 1223 3944">
    <p class='ocr_par' dir='ltr' id='par_1_11' title="bbox 0 0 1223 3944">
     <span class='ocr_line' id='line_1_35' title="bbox 0 0 1223 3944; baseline 0 0"><span class='ocrx_word' id='word_1_242' title='bbox 0 0 1223 3944; x_wconf 95' lang='lat' dir='ltr'> </span> 
     </span>
    </p>
   </div>
  </div>
 </body>
</html>
