2430 3944
95 190 160 256 532
463 183 740 240 rotmannum.

95 355 192 419 debat
215 351 345 435 publico
368 348 486 414 iudicio
509 349 639 431 privata
660 348 787 413 actione
810 346 1027 431 praeiudicari
1045 346 1104 432 qui-

95 442 169 507 dam
192 442 318 525 putant

185 562 230 620 De
253 559 363 619 iudicio
386 557 508 634 publioo
531 575 567 615 ex
589 557 656 635 lege
674 557 753 616 Iulia
771 555 808 614 de
827 556 859 616 vi
877 556 999 632 privata
1018 575 1103 616 sermo

97 654 150 712 est.
196 651 233 710 of.
253 650 290 708 D.
304 650 356 726 48,
372 649 400 707 7.

434 799 484 865 De
505 800 574 864 iure
597 800 773 884 lepatorum.

187 929 215 993 7.
235 926 275 991 D.
285 925 432 1008 50,7,18.
446 923 644 1008 Pomponius
660 924 745 989 libro
759 923 957 1008 trigensimo
971 923 1099 1009 septimo

99 1019 139 1082 ad
158 1015 311 1092 Quintum
326 1013 478 1078 Mucium.
498 1050 536 1062 -
559 1059 589 1079 ..
609 1036 682 1078 eum
701 1013 756 1097 qui
774 1011 921 1097 legatum
941 1011 1102 1096 pulsasset,

99 1106 238 1182 Quintus
266 1103 393 1168 Mucius
423 1101 494 1166 dedi
522 1102 685 1185 hostibus,
714 1123 851 1185 quorum
880 1106 976 1165 erant
1004 1099 1100 1184 legati,

99 1195 214 1259 solitus
234 1198 284 1256 est
302 1190 506 1276 respondere.
534 1213 628 1275 quem
647 1191 757 1255 hostes
776 1190 805 1253 si
823 1210 891 1253 non
907 1189 1099 1273 recepissent

99 1282 283 1367 quaesitum
305 1283 364 1362 est,
388 1301 427 1343 an
453 1279 531 1344 civis
550 1279 716 1344 Romanus
736 1281 896 1343 maneret:
921 1277 1099 1362 quibusdam

99 1368 359 1436 existimantibus
384 1389 527 1449 manera,
551 1368 622 1433 aliis
646 1370 767 1432 eontra.
783 1414 815 1431 ..

188 1490 224 1550 ef.
248 1483 264 1546 I
287 1509 315 1564 p.
337 1490 388 1549 34.

393 1696 422 1760 b.
455 1693 512 1759 Ad
534 1698 593 1761 ius
616 1697 822 1780 privatum.

437 1847 465 1884 u.
492 1826 544 1884 Do
566 1825 645 1884 iuro
668 1825 780 1885 civili

472 1943 522 2008 De
546 1944 739 2009 testamentis.

336 2065 582 2139 Quemadmodum
605 2069 772 2125 testamento
793 2066 877 2136 fiunt.

190 2176 218 2241 8.
243 2173 314 2238 Gai.
331 2175 361 2256 2,
378 2175 450 2238 104.
477 2211 515 2221 -
613 2174 664 2238 his
688 2174 795 2239 verbis
818 2174 961 2239 familiae
986 2175 1095 2255 emptor

101 2266 216 2329 utitur:
236 2263 372 2326 ‘familia
391 2262 587 2345 pecuniaque
607 2263 759 2326 tuaendo
774 2263 993 2327 mandatelam
1007 2265 1093 2327 eusto-

101 2354 269 2437 delamquo
288 2373 402 2429 meam,
423 2374 485 2436 quo
504 2362 540 2414 tu
559 2351 627 2414 iure
642 2357 871 2415 testamentum
886 2349 991 2415 faeere
1005 2346 1095 2432 possis

102 2443 274 2505 seeundum
306 2442 410 2524 legem
439 2442 614 2522 publicam,
648 2440 708 2504 hoo
741 2438 835 2522 aere',
858 2445 892 2502 et
920 2442 957 2502 ut
984 2437 1095 2522 quidam

102 2529 246 2594 adiciunt
270 2528 443 2611 ‘aeneaque
467 2528 560 2611 libra,
584 2531 654 2592 esto
679 2528 759 2591 mihi
782 2527 913 2611 empta’.

252 2711 298 2769 De
315 2713 459 2784 postumio
481 2712 664 2770 instituendis
685 2713 730 2770 eet
753 2712 968 2771 enteredeudts.

191 2828 220 2892 9.
254 2827 291 2894 D.
312 2831 370 2911 28,
391 2830 425 2911 2,
445 2830 502 2913 29,
523 2831 551 2895 1.
593 2827 749 2894 Scaevola
776 2830 862 2894 libro
893 2835 985 2895 sexto
1015 2826 1097 2904 Quae

102 2918 253 2982 stionum.
278 2953 320 2964 ·—
347 2919 467 3001 (Gallus
495 2923 536 2982 sie
559 2941 646 2999 posse
670 2923 789 2983 institui
812 2925 970 2998 postumus
992 2923 1097 2998 nepotes

101 3011 231 3070 induxit:
261 3005 298 3070 ‘si
325 3011 404 3070 filius
433 3030 517 3071 mous
543 3013 613 3071 vivo
640 3031 688 3071 me
716 3012 875 3089 morietur,
902 3015 976 3071 tune
1000 3007 1098 3085 siquis

101 3101 176 3159 mihi
200 3119 235 3159 ex
259 3119 293 3158 eo
316 3119 409 3176 nepos
434 3102 496 3160 sivo
520 3119 596 3176 quae
619 3101 718 3176 neptis
735 3104 805 3176 post
824 3105 951 3160 mortem
970 3095 1098 3159 meamin

102 3190 204 3248 decem
231 3189 384 3248 mensibus
412 3189 565 3265 proximis,
595 3189 702 3266 quibus
728 3190 808 3248 filius
833 3208 917 3249 maus
942 3189 1098 3257 moreretur,

102 3283 192 3337 uatus
220 3280 293 3337 nata
321 3278 386 3355 orit,
415 3278 537 3336 herodes
566 3271 689 3360 sunto'.)
732 3272 923 3348 Quidam..
948 3271 1098 3337 admitten-

103 3361 179 3424 dum
203 3362 345 3443 eredunt,
369 3360 497 3426 etiamsi
521 3383 586 3425 non
608 3362 767 3444 exprimat
787 3361 824 3425 de
844 3365 949 3427 morte
968 3361 1034 3442 filii,
1055 3351 1097 3420 sed

103 3449 294 3533 simpliciter
321 3450 479 3533 instituat,
503 3451 540 3512 ut
563 3471 601 3516 eo
625 3472 702 3515 easu
725 3451 843 3536 valeat,
867 3451 923 3535 qui
947 3473 985 3515 ox
1007 3443 1096 3512 verbis

103 3537 229 3622 ooneipi
252 3539 366 3623 possit.
