2430 3944
171 179 205 236 Π.
224 177 469 234 INCERTORUM
488 178 719 234 SENTENTIAE
737 179 785 234 ΕΤ
802 179 907 236 LIBRI.
981 180 1046 244 537

68 343 132 407 deri
169 343 314 427 legatum
348 364 430 421 esse,
468 342 496 405 si
527 341 647 406 malam
681 364 811 406 eausam
842 342 1045 408 adversarius

68 432 197 496 statoris
225 431 352 512 habuit,
381 437 417 496 ul
448 431 599 514 litigante
627 429 743 494 herede
772 431 858 496 vinci
886 432 1047 517 debueril3

68 542 109 585 ne
132 520 216 583 enim
239 542 306 584 non
328 523 457 584 tantum
479 519 547 584 litis
572 519 841 604 emolumentum,
868 520 923 584 sed
947 521 1046 585 etiam

71 613 182 692 mptus
213 609 307 674 heres
340 609 498 693 legatario
531 613 696 691 praestare
724 606 858 692 cogitur.
908 630 983 672 nam
1010 610 1045 673 in

68 720 118 762 ma
145 718 243 762 eausa
270 697 353 761 nihil
382 697 509 762 videtur
537 718 606 761 esse
634 696 678 761 in·
695 697 805 781 legato
833 719 893 762 nea
915 702 1046 780 propter

69 787 194 871 mplus‚
217 787 303 871 quod
326 785 456 872 quidam
480 784 755 850 existimaverunt.

237 969 282 1024 De
300 986 330 1024 eo
348 969 421 1038 quod
439 969 548 1023 sinendi
564 968 644 1023 modo
662 968 780 1038 leputum
798 973 844 1023 eat.

121 1080 174 1144 27.
198 1076 269 1143 Gai.
283 1080 313 1162 2,
328 1079 402 1144 212.
433 1114 469 1123 —
500 1126 533 1143 ..
562 1077 591 1141 si
618 1081 693 1160 post
718 1080 856 1141 moriem
879 1079 1045 1143 testatoris

68 1212 69 1223 .
107 1189 159 1231 res
192 1165 250 1254 (sa.
275 1189 370 1251 quam
402 1169 541 1231 testator
572 1169 610 1230 ut
638 1187 730 1230 suam
755 1165 891 1252 legavit)
917 1166 1047 1232 heredis

68 1277 102 1320 se
137 1257 292 1339 eoeperit,
330 1255 508 1340 quaeritur,
541 1277 583 1319 an
617 1255 696 1319 utile
728 1254 772 1319 sit
804 1255 959 1339 legatum.
1015 1260 1047 1320 el

68 1344 177 1430 erique
200 1347 317 1428 pulani
340 1343 453 1408 inutile
477 1365 557 1409 esse.

120 1452 173 1516 28.
198 1449 265 1515 Gai.
280 1451 311 1533 2,
321 1451 394 1515 214.
412 1487 450 1496 -
469 1447 591 1515 Sunt..
606 1450 661 1535 qui
677 1454 795 1534 pulani
810 1472 847 1514 ex
861 1451 923 1514 hoe
937 1451 1048 1535 legato

68 1563 98 1603 m
132 1539 232 1603 videri
265 1539 446 1624 obligatum
474 1538 639 1620 heredem,
668 1541 705 1603 ut
732 1539 895 1622 mancipet
923 1546 980 1604 aut
1011 1540 1046 1603 in
1084 1575 1085 1578 ¹

67 1649 102 1694 re
126 1628 218 1691 cedat
241 1630 297 1691 aul
320 1628 439 1713 tradat,
462 1627 518 1691 sed
542 1625 688 1690 sufficere
708 1632 746 1691 ul
764 1628 958 1712 legatarium
977 1649 1046 1692 rem

68 1738 160 1781 ¹mere
179 1717 332 1800 patiatur,
355 1717 433 1799 quia
451 1715 535 1779 nihil
554 1715 640 1778 ultra
660 1716 689 1779 ei
707 1718 847 1780 testator
866 1717 1048 1800 imperavit,

68 1827 130 1958 lgm
158 1812 195 1868 ut
223 1805 322 1882 sinat,
349 1803 383 1868 id
411 1811 460 1869 est
487 1804 645 1886 patiatur,
670 1804 866 1887 legatarium
889 1827 957 1869 rem
983 1805 1047 1869 sibi

68 1941 72 1958 .
97 1915 159 1958 are.

120 2000 173 2064 29.
198 1998 267 2064 Gai.
283 1999 397 2084 2,215.
414 2036 451 2047 -
469 1998 595 2064 Maior.
611 2050 617 2062 .
633 1998 791 2062 dissensio
810 1999 845 2061 in
862 1998 924 2063 hoe
936 1999 1046 2084 legato

68 2089 220 2171 tersenil,
244 2088 271 2151 si
294 2087 428 2152 eandem
452 2109 520 2151 rem
544 2087 669 2152 duobus
693 2087 880 2170 pluribusve
904 2086 1046 2152 disiunc-

68 2199 92 2240 n
119 2176 247 2259 legasli.
294 2176 424 2261 quidam
455 2180 572 2260 putant
595 2177 739 2260 utrisque
763 2174 900 2240 solidam
925 2175 1048 2261 deberi3
1128 2238 1130 2242 .

68 2265 181 2329 ›nnulli
209 2264 396 2347 occupantis
421 2287 490 2329 esse
518 2264 683 2329 meliorem
710 2263 929 2329 condicionem
953 2264 1046 2329 aesti-

68 2359 136 2435 ant,
171 2355 246 2436 quia
281 2375 354 2417 eum
389 2375 426 2418 eo
462 2374 577 2438 genere
609 2352 711 2437 legali
747 2352 918 2416 damnetur
952 2352 1045 2417 heres

68 2443 224 2506 seientiam
254 2445 434 2525 praestare,
466 2447 503 2507 ul
530 2442 708 2528 legatarius
737 2463 805 2504 rem
832 2440 965 2520 habeat,
998 2463 1046 2505 se·

68 2531 141 2595 [itur
164 2536 200 2595 ut
215 2581 221 2593 .
237 2581 266 2595 ..

276 2696 319 2751 De
338 2696 433 2766 leuatis
450 2697 501 2752 sub
519 2696 676 2750 condicione
694 2696 804 2750 relictis.

122 2806 174 2869 30.
203 2804 242 2869 D.
258 2804 314 2886 35,
331 2806 363 2885 1,
380 2805 421 2869 72
431 2826 479 2888 pr.
519 2804 609 2868 Idem
638 2803 695 2886 (se.
719 2803 932 2892 Papinianus)
960 2806 1046 2870 libro

68 2898 149 2958 :lavo
169 2893 293 2958 decimo
309 2892 548 2969 Quaestionum.
562 2929 600 2939 —
614 2890 695 2957 Cum
713 2895 779 2957 tale
799 2895 942 2979 legatum
962 2897 1048 2958 essel

68 2984 184 3047 lictum
201 2981 308 3046 Titiae
328 2981 369 3045 ‘si
388 3004 407 3045 a
425 2982 537 3045 liberis
557 3003 622 3045 non
642 2981 832 3061 discesserit,
846 2985 1046 3066 negaverunt
1113 2992 1115 2998 '

68 3094 105 3135 m
129 3073 216 3135 reete
240 3092 361 3153 cavere,
385 3071 461 3155 quia
484 3071 535 3134 vel
558 3069 695 3135 mortuis
715 3071 823 3136 liberis
847 3070 950 3155 legati
973 3091 1046 3135 eon-

68 3161 116 3225 aio
139 3160 246 3243 possit
268 3161 432 3223 exsistere.

122 3267 173 3331 31.
203 3265 240 3330 D.
256 3265 307 3348 35,
326 3268 354 3344 1,
368 3267 421 3349 44,
436 3266 465 3331 8.
501 3265 590 3329 Idem
615 3262 672 3350 (se.
691 3262 826 3351 Paulus)
849 3264 933 3328 libro
957 3285 1044 3329 nono

68 3357 72 3418 l
104 3354 279 3419 Plautium.
307 3391 345 3401 -
375 3353 409 3418 Si
442 3354 577 3418 duorum
608 3377 701 3419 servo
734 3354 876 3437 legatum
910 3352 953 3416 sil
985 3353 1045 3417 sub

68 3444 221 3508 ndiaione
259 3443 370 3526 dandi,
406 3464 472 3507 non
503 3464 600 3527 posse
633 3465 691 3526 per
722 3446 831 3527 partes
865 3440 1046 3506 condicioni

68 3533 140 3598 iteri
164 3532 293 3616 quidam
318 3533 418 3616 aiunt,
442 3532 497 3595 sed
521 3532 619 3596 semel
643 3531 782 3595 dandam
804 3530 990 3614 pecuniam.
