2430 3944
366 218 391 267 6.
414 209 621 265 IAVOLENUS
640 209 787 266 Pfflscus
1014 211 1080 277 461

65 396 138 441 eum
164 395 197 440 eo
224 375 364 458 oeuierit,
392 379 507 452 tameu,
534 375 563 438 si
589 375 727 438 uenditor
752 374 820 439 dota
845 378 940 453 caret,
964 377 1084 456 prioris

65 465 213 546 emptoris
239 484 334 528 causo
361 463 500 528 obsoiuta
526 467 585 539 est;
612 463 648 527 id
672 463 755 526 euim
780 463 879 528 sotum
901 465 1084 529 iutuemdum

65 559 125 637 est,
147 573 191 618 au
213 551 348 635 [priori]
371 552 521 616 uenditori
543 552 622 615 bauo
642 552 704 634 fide
723 551 808 632 facta
830 554 873 616 sit
893 553 1027 618 adiectio.

159 642 189 706 9.
208 640 247 706 D.
261 639 434 725 41‚4‚4pr.
466 639 638 704 Iavolenus
651 639 735 703 libro
746 640 885 704 secundo
896 662 935 705 ex
946 641 1083 708 Plautio.

67 768 111 777 —
136 729 270 813 Emptor
291 728 386 810 fundi
401 733 525 812 partem
547 729 612 793 eius
633 729 769 793 abieram
791 749 853 794 esse
874 750 937 793 mou
958 731 1084 812 ipuorm

66 824 162 884 vmat.
210 837 388 901 responsum
415 823 458 882 est
484 816 565 882 nihil
586 837 655 881 eum
677 837 714 882 eu
736 838 769 881 eo
789 818 888 898 fundo
910 816 989 882 usu¹
1011 839 1083 900 cap

67 914 186 983 turum.
233 908 315 990 quod
344 908 390 971 ita
420 927 527 971 ouum
558 926 622 970 esse
647 907 800 990 existimo,
832 908 874 983 si,
904 927 983 988 quae
1003 928 1084 988 pars

66 995 277 1062 ohmra'esset
302 996 337 1060 im
363 1015 396 1059 eo
425 995 537 1078 fundo,
569 999 685 1076 emptor
710 995 922 1077 ipmoraoorat;
949 998 1030 1076 quod
1055 998 1084 1061 si

66 1090 185 1150 mium
207 1085 306 1149 houm
328 1103 390 1148 esse
411 1084 513 1167 sciret,
534 1084 670 1165 retiquae
687 1088 794 1164 portes
812 1083 892 1148 usu¹
910 1086 981 1165 capi
994 1105 1084 1166 posse

66 1195 134 1240 mou
154 1173 268 1238 dubito.

163 1262 212 1327 10.
239 1261 320 1325 Ibid.
339 1263 359 1341 ᾗ
376 1262 403 1325 1.
430 1260 581 1325 -Idem
605 1261 686 1325 iuris
708 1264 764 1345 est,
791 1261 883 1345 siis,
909 1263 965 1343 qui
988 1266 1083 1326 totum

64 1352 205 1433 fiendum
236 1351 363 1436 emebat,
389 1370 449 1432 pro
478 1350 611 1415 indiviso
632 1354 756 1433 partem
783 1350 922 1431 aliquam
949 1351 1083 1415 othrum

66 1461 132 1506 esse
162 1440 235 1516 scit;
271 1460 340 1503 eam
370 1439 452 1503 emim
483 1440 647 1503 dumtaxat
676 1459 739 1502 uou
770 1441 880 1524 cupiet,
915 1445 1084 1504 ceterarum

64 1529 211 1612 partium
232 1549 296 1592 mou
318 1529 499 1608 impedietur
519 1524 598 1590 usu²
621 1528 722 1609 capio.-

162 1618 212 1681 11.
232 1615 269 1680 D.
283 1617 332 1697 12,
342 1616 372 1699 6,
380 1616 434 1680 45.
465 1615 636 1680 Iavolenus
652 1617 734 1679 libro
745 1615 884 1681 secundo
895 1638 934 1680 ex
943 1616 1082 1683 Plautio.

66 1741 115 1753 -
138 1704 176 1770 Si
198 1707 234 1788 is,
255 1706 310 1786 qui
327 1705 522 1769 hereditatem
538 1705 674 1769 vendidit
690 1709 718 1768 et
735 1706 864 1786 emptori
882 1707 1018 1790 tradidit,
1040 1708 1083 1789 id,

68 1796 153 1878 quod
172 1795 233 1859 sibi
254 1798 392 1858 rmomuus
409 1794 559 1873 debuerat,
581 1813 644 1857 mom
662 1794 798 1875 retinuit,
820 1799 951 1875 repetere
960 1796 1083 1877 poterit,

69 1885 146 1966 quia
159 1883 234 1966 pius
251 1883 348 1947 debito
365 1883 499 1947 sobutum
511 1902 569 1963 per
587 1883 804 1946 condictionem
822 1886 899 1947 recte
912 1884 1083 1965 recipietur.

161 2004 199 2062 cf.
221 2002 344 2062 Perniee
366 2002 424 2075 III,
446 2004 506 2062 251
533 2021 560 2060 n.
577 2004 604 2061 2.

163 2114 214 2178 12.
238 2112 276 2177 D.
287 2113 338 2195 18,
352 2114 383 2197 4,
394 2113 424 2178 8.
455 2111 623 2176 Iavolenus
637 2111 721 2177 libro
737 2113 875 2178 secundo
890 2135 930 2177 ex
943 2113 1082 2177 Plautio.

70 2239 114 2249 -
154 2200 243 2281 Quod
278 2204 307 2266 si
337 2201 427 2265 uuita
458 2200 608 2265 hereditas
638 2202 682 2265 ad
710 2203 895 2266 uenditorem
920 2203 1083 2286 pertimuit,

68 2296 224 2374 quamtum
241 2292 369 2374 emptori
381 2294 542 2371 proestare
559 2287 690 2369 debeat⁸,
709 2293 754 2354 ita
768 2292 918 2372 distinqui
931 2291 1083 2375 oportebit,

68 2386 118 2458 ut,
150 2380 179 2443 si
210 2385 253 2444 est
278 2380 400 2460 quidem
427 2379 536 2461 atiquo
561 2378 724 2463 hereditas,
756 2380 809 2444 sed
833 2380 877 2443 ad
901 2381 1084 2444 uenditorem

68 2489 135 2534 uon
152 2469 294 2550 pertimet,
317 2469 387 2550 ipso
408 2470 591 2551 aestimetur,
612 2469 642 2532 si
663 2469 752 2532 uuita
773 2473 826 2550 est,
847 2470 964 2550 dequo
982 2473 1084 2533 actum

67 2559 221 2638 uideatur,
241 2557 379 2638 pretium
405 2558 569 2621 dumtauot
595 2560 622 2620 et
646 2557 827 2638 siquidm
850 2577 918 2621 eum
939 2578 1005 2621 rem
1026 2559 1084 2622 im·

65 2666 201 2730 perosum
223 2650 268 2709 est
288 2650 404 2726 emptor
426 2666 447 2708 o
469 2646 621 2709 uenditare
642 2649 849 2726 consequatur.

166 2734 217 2799 13.
243 2732 283 2797 Ι).
300 2734 394 2819 18,4,
410 2734 460 2799 10.
505 2731 677 2798 Iavolenus
704 2735 787 2798 libro
815 2734 920 2818 primo
944 2735 1083 2800 secundo

69 2845 112 2888 ex
130 2822 269 2887 Plautio.
284 2858 325 2868 -
348 2821 481 2902 Quodsi
499 2823 534 2886 iu
550 2823 721 2888 venditione
737 2822 913 2888 hereditatis
930 2824 965 2888 id
981 2828 1084 2888 actum

68 2917 124 2996 est,
147 2913 177 2976 si
197 2911 274 2992 quid
294 2911 376 2975 iuris
397 2917 472 2976 esset
492 2912 664 2995 venditoris,
686 2913 787 2976 oeuire
808 2932 862 2977 uec
878 2917 986 2993 postca
1002 2913 1083 2994 quic-

67 3021 167 3084 quam
187 3000 338 3080 praestitu
355 3001 406 3064 iri.
437 3001 578 3080 quamuis
595 3000 639 3064 od
654 3001 837 3065 uenditorem
853 3000 1004 3066 hereditas
1021 3021 1084 3064 mou

62 3089 267 3175 pertimuerit,
294 3087 375 3152 mihil
403 3092 505 3163 tarueu
527 3108 559 3152 eo
582 3088 747 3172 <homiue>
763 3091 982 3172 praestabitur,
1008 3090 1084 3170 quio

69 3180 107 3244 id
127 3182 232 3242 actum
254 3197 315 3242 esse
336 3176 535 3256 manifestum
557 3183 613 3258 est,
640 3183 676 3241 ut
696 3180 950 3259 quemadmodum
971 3179 1083 3242 emolu-

69 3270 210 3332 meutum
241 3267 469 3349 uepotiotiouis,
500 3267 545 3329 ita
561 3267 734 3347 periculum
762 3269 806 3332 ad
830 3272 992 3349 emptorem
1014 3286 1083 3347 per·

69 3359 190 3422 timeret.

148 3516 163 3564 1
183 3509 259 3566 Trob.
277 3509 363 3580 longa
379 3510 564 3582 possessione.
637 3517 653 3565 2
675 3514 753 3569 Trib.
770 3511 858 3582 longa
875 3509 1062 3582 possessione.

146 3587 163 3636 3
182 3581 230 3637 Fi.
249 3582 353 3637 debuit.
