2430 3944
492 191 519 240 4.
537 183 719 240 Pnauuus
1049 187 1113 252 227

435 372 483 431 De
503 373 659 446 usufructu
681 373 781 447 lesam

187 491 240 559 12.
265 488 343 559 Vet.
356 491 395 556 fr.
410 491 462 556 77.
494 487 569 575 Ulp.
582 491 604 556 l.
617 486 715 556 XVII
734 491 774 556 ad
789 488 864 557 sab.
879 490 929 577 (P.
942 491 1056 579 2563).
1074 531 1111 542 —

93 580 263 648 Interdum
398 577 460 645 etsi
491 602 557 645 non
587 579 653 643 sint
685 579 863 664 coniuncti,
894 584 1004 646 tamen
1036 605 1113 648 usus

94 671 222 737 finctus
243 670 373 755 lagatus
397 666 491 734 alteri
514 668 684 753 adcrescit,
705 672 743 733 ut
764 671 844 753 puta
867 668 895 734 si
918 669 999 734 mihi
1022 669 1114 736 fundi

94 782 175 826 usus
201 758 328 824 fructus
357 758 532 842 separatim
558 755 661 823 totius
689 760 723 822 et
749 759 811 823 tibi
840 757 992 823 similiter
1014 759 1114 824 fuerit

96 870 174 914 usne
205 846 331 913 fructus
362 843 504 912 relictus.
553 868 643 928 nam,
676 850 713 911 ut
739 845 854 912 Celsus
886 845 971 912 libro
998 846 1113 914 XVIII

96 936 312 1023 Digestorum
330 939 364 1000 et
380 932 526 1000 Iulianus
540 932 625 1000 libro
640 932 767 1000 XXXV
781 933 935 1015 scribant,
954 957 1114 1002 concursu

97 1031 205 1112 partes
235 1025 407 1106 habemus,
435 1022 521 1107 quod
549 1027 582 1088 et
608 1024 644 1088 in
669 1025 868 1109 proprietate
895 1026 1113 1112 contingeret,

97 1137 171 1180 nam
203 1114 308 1179 altero
340 1112 530 1197 repudiante
558 1112 640 1177 alter
667 1115 774 1178 totum
801 1112 938 1179 fundum
966 1113 1112 1181 haberet

100 1204 152 1270 sed
183 1204 220 1268 iu
249 1224 311 1266 usu
343 1202 452 1266 fructu
482 1200 546 1267 hoc
577 1199 651 1286 plus
685 1205 744 1286 est,
767 1205 881 1267 contra
912 1224 1009 1286 quem
1041 1202 1112 1268 Ati·

100 1293 231 1359 licinum
265 1289 470 1375 respondisse
501 1289 651 1355 Aufidius
686 1287 787 1356 Ohius
819 1290 931 1375 refert,
963 1292 1047 1375 quod
1080 1297 1113 1356 et

102 1381 296 1447 constitutus
323 1378 425 1443 nihilo
454 1378 559 1445 minus
588 1378 726 1443 amissus
754 1376 805 1444 ius
829 1379 1034 1446 adcrescendi
1058 1381 1112 1446 ad·

102 1469 213 1555 mittit,
245 1489 359 1534 omnes
385 1467 472 1531 enim
500 1471 648 1533 auctores
677 1468 762 1553 apud
789 1465 955 1534 Plautium
983 1469 1022 1534 de
1050 1470 1113 1535 hoc

54 1550 56 1583 ²
104 1562 337 1624 consenserunt.

183 1651 462 1728 centana

183 1754 237 1821 13.
255 1748 331 1818 Vat.
345 1752 384 1818 fr.
399 1750 451 1816 75.
483 1749 558 1835 Ulp.
572 1752 592 1815 l.
604 1748 702 1818 XVII
721 1752 762 1816 ad
777 1750 851 1818 sab.
866 1751 915 1838 (P.
925 1751 1053 1840 2562⁸).
1068 1791 1112 1801 —

105 1841 185 1909 Idem
210 1840 268 1924 (se.
292 1834 455 1927 Iulianus)
477 1841 532 1924 ait,
555 1842 588 1904 et
611 1840 638 1903 si
662 1841 826 1906 communi
848 1862 940 1906 servo
964 1846 997 1906 et
1020 1864 1110 1926 sepa·

105 1932 192 1997 ratim
214 1928 304 1995 rditio
320 1951 405 1995 usus
428 1929 552 1993 fructus
575 1928 703 2013 legatus
728 1929 784 2013 sit,
807 1929 960 1995 emissam
983 1933 1112 2013 partem

106 2041 174 2085 usus
206 2020 331 2084 fructus
363 2038 432 2083 nou
464 2017 504 2082 ad
532 2014 670 2100 Titium,
703 2017 758 2082 sed
786 2017 827 2082 ad
855 2016 960 2082 solum
988 2019 1111 2083 socium

106 2110 258 2191 pertinere
274 2107 392 2172 debere
407 2106 498 2194 quasi
514 2107 618 2171 solum
633 2105 840 2171 coniunctum
912 2106 1109 2190 Pomponius

108 2198 145 2261 ait
165 2197 252 2262 lsssro
270 2192 336 2261 VH
360 2217 399 2260 ex
417 2195 547 2260 Plautio
570 2194 676 2259 relate
693 2194 812 2259 Iuliani
830 2196 993 2260 sententia
1016 2218 1110 2279 quos·

109 2285 170 2350 dam
194 2306 265 2351 esse
289 2286 324 2348 in
347 2284 508 2350 diversam
531 2283 730 2369 opinionem3
752 2319 796 2330 —
818 2304 877 2348 nec
900 2283 986 2347 enim
1006 2285 1110 2370 magis

110 2376 184 2440 socio
217 2375 334 2439 debere
367 2372 560 2455 adcrescere,
594 2393 691 2455 quam
720 2372 848 2437 deberet
875 2372 906 2436 ei
936 2372 992 2456 qui
1018 2372 1110 2438 fundi

108 2461 218 2529 hebens
241 2485 337 2526 usum
354 2461 494 2526 fructum
513 2465 640 2544 partem
658 2483 735 2525 usus
754 2461 876 2525 fructus
895 2462 1109 2545 proprietario

110 2552 193 2617 cessit
226 2553 276 2617 vel
303 2571 370 2615 non
396 2549 518 2614 utendo
547 2550 657 2614 amisit
746 2571 940 2633 quemquam
970 2548 1109 2616 Sabinus

109 2639 299 2724 responderit
317 2660 457 2705 ...eum
486 2639 541 2722 qui
567 2642 694 2723 partem
710 2660 799 2703 *usus
825 2637 950 2702 fructus
978 2639 1013 2703 in
1040 2639 1109 2703 iure

110 2729 217 2881 cessit,f
233 2733 271 2881 eIt)
293 2729 449 2882 {mittere2
469 2731 596 2810 purtem
621 2728 748 2811 etipse
771 2730 935 2792 momento
959 2728 1109 2813 recipere.

184 2842 221 2882 c.
275 2869 280 2881 .
319 2825 371 2899 ,2,
387 2825 415 2900 1,
452 2867 459 2880 .

187 2923 250 2990 14?
279 2923 319 2989 D.
339 2925 369 3007 7,
387 2924 418 3006 4,
436 2924 488 2988 28.
534 2922 625 2987 Idem
653 2919 710 3009 (sc.
733 2918 870 3008 Paulus)
896 2921 980 2986 libro
1007 2922 1107 2986 tertio

114 3008 219 3078 decimo
250 3011 291 3077 ad
321 3010 485 3076 Plautium
513 3009 562 3099 (P
585 3009 711 3096 119112).
742 3047 780 3058 -
811 3009 846 3074 si
875 3031 953 3075 usus
982 3010 1107 3075 fructus

114 3099 231 3166 alternis
265 3101 359 3165 annis
390 3101 528 3185 legetur,
560 3122 625 3165 non
657 3122 753 3184 posse
785 3120 851 3164 non
882 3100 1002 3165 utendo
1035 3121 1107 3164 eum

115 3189 212 3270 amitti,
235 3191 311 3275 quia
333 3189 428 3273 plura
450 3194 527 3254 sunt
549 3190 669 3272 legata.

187 3277 249 3345 15?
272 3277 313 3344 D.
328 3278 357 3362 7,
373 3281 402 3362 l,
415 3278 468 3362 48,
483 3278 511 3343 1.
548 3276 669 3342 Paulus
687 3277 772 3342 libro
787 3299 872 3341 nono
886 3276 928 3341 ad
942 3276 1107 3341 Plautium

116 3357 153 3447 (P.
171 3363 277 3453 1162).
309 3403 347 3414 —
377 3363 500 3432 Silvam
527 3366 692 3451 caeduam,
726 3367 854 3431 etiamsi
880 3365 1106 3448 intempestive

117 3470 192 3520 caesa
214 3454 264 3541 sit,
286 3457 321 3519 in
343 3455 451 3520 fructu
475 3477 544 3520 esse
568 3458 696 3520 constat
718 3455 818 3537 [sicut
840 3455 912 3520 olea
931 3455 1106 3517 immatura

118 3536 191 3623 lecta,
212 3545 289 3610 item
312 3545 443 3610 faenum
466 3544 676 3610 immaturum
698 3565 828 3609 caesum
850 3543 885 3606 in
908 3543 1016 3607 fructu
1032 3543 1109 3622 estI.

896 3646 955 3704 it*
