<?xml version="1.0" encoding="UTF-8"?>
<!DOCTYPE html PUBLIC "-//W3C//DTD XHTML 1.0 Transitional//EN"
    "http://www.w3.org/TR/xhtml1/DTD/xhtml1-transitional.dtd">
<html xmlns="http://www.w3.org/1999/xhtml" xml:lang="en" lang="en">
 <head>
  <title>
</title>
<meta http-equiv="Content-Type" content="text/html;charset=utf-8" />
  <meta name='ocr-system' content='tesseract 3.04.00' />
  <meta name='ocr-capabilities' content='ocr_page ocr_carea ocr_par ocr_line ocrx_word'/>
</head>
<body>
  <div class='ocr_page' id='page_1' title='image "./iurisprudentiae02bremgoog_0264.png"; bbox 0 0 2430 3944; ppageno 0'>
   <div class='ocr_carea' id='block_1_1' title="bbox 469 184 1088 253">
    <p class='ocr_par' dir='ltr' id='par_1_1' title="bbox 469 184 1088 253">
     <span class='ocr_line' id='line_1_1' title="bbox 469 184 1088 253; baseline -0.002 -12"><span class='ocrx_word' id='word_1_1' title='bbox 469 191 495 241; x_wconf 84' lang='lat'>4.</span> <span class='ocrx_word' id='word_1_2' title='bbox 512 184 695 241; x_wconf 82' lang='lat' dir='ltr'><strong>PLAUTIUS</strong></span> <span class='ocrx_word' id='word_1_3' title='bbox 1023 186 1088 253; x_wconf 73' lang='grc'>231</span> 
     </span>
    </p>
   </div>
   <div class='ocr_carea' id='block_1_2' title="bbox 64 365 1130 1077">
    <p class='ocr_par' dir='ltr' id='par_1_2' title="bbox 470 365 690 433">
     <span class='ocr_line' id='line_1_2' title="bbox 470 365 690 433; baseline 0.005 -2"><span class='ocrx_word' id='word_1_4' title='bbox 470 365 522 432; x_wconf 85' lang='lat' dir='ltr'>De</span> <span class='ocrx_word' id='word_1_5' title='bbox 543 368 690 433; x_wconf 66' lang='lat' dir='ltr'>sodomia</span> 
     </span>
    </p>

    <p class='ocr_par' dir='ltr' id='par_1_3' title="bbox 64 472 1130 1077">
     <span class='ocr_line' id='line_1_3' title="bbox 157 472 1088 557; baseline 0.002 -18"><span class='ocrx_word' id='word_1_6' title='bbox 157 473 225 539; x_wconf 81' lang='lat'>29?</span> <span class='ocrx_word' id='word_1_7' title='bbox 249 472 288 540; x_wconf 92' lang='lat' dir='ltr'>D.</span> <span class='ocrx_word' id='word_1_8' title='bbox 306 476 357 556; x_wconf 87' lang='lat'>10,</span> <span class='ocrx_word' id='word_1_9' title='bbox 370 474 402 557; x_wconf 81' lang='lat'>3,</span> <span class='ocrx_word' id='word_1_10' title='bbox 418 473 468 557; x_wconf 79' lang='lat'>14,</span> <span class='ocrx_word' id='word_1_11' title='bbox 483 475 513 540; x_wconf 84' lang='lat'>3.</span> <span class='ocrx_word' id='word_1_12' title='bbox 553 473 676 538; x_wconf 85' lang='lat' dir='ltr'>Paulus</span> <span class='ocrx_word' id='word_1_13' title='bbox 699 474 784 540; x_wconf 87' lang='lat' dir='ltr'>libro</span> <span class='ocrx_word' id='word_1_14' title='bbox 807 473 905 540; x_wconf 86' lang='lat' dir='ltr'>tertio</span> <span class='ocrx_word' id='word_1_15' title='bbox 929 475 970 540; x_wconf 85' lang='lat' dir='ltr'>ad</span> <span class='ocrx_word' id='word_1_16' title='bbox 992 474 1088 541; x_wconf 90' lang='lat' dir='ltr'>Plau·</span> 
     </span>
     <span class='ocr_line' id='line_1_4' title="bbox 65 558 1089 650; baseline 0.001 -22"><span class='ocrx_word' id='word_1_17' title='bbox 65 563 150 628; x_wconf 86' lang='lat' dir='ltr'>tium</span> <span class='ocrx_word' id='word_1_18' title='bbox 184 559 235 650; x_wconf 88' lang='lat' dir='ltr'>(P.</span> <span class='ocrx_word' id='word_1_19' title='bbox 256 558 370 648; x_wconf 84' lang='grc'><strong>1087).</strong></span> <span class='ocrx_word' id='word_1_20' title='bbox 399 598 444 610; x_wconf 95' lang='grc'>-</span> <span class='ocrx_word' id='word_1_21' title='bbox 476 560 511 628; x_wconf 81' lang='lat' dir='ltr'>si</span> <span class='ocrx_word' id='word_1_22' title='bbox 544 563 630 627; x_wconf 87' lang='lat' dir='ltr'>inter</span> <span class='ocrx_word' id='word_1_23' title='bbox 661 563 767 628; x_wconf 89' lang='lat' dir='ltr'>socios</span> <span class='ocrx_word' id='word_1_24' title='bbox 797 563 1015 648; x_wconf 78' lang='lat' dir='ltr'>convenisset,</span> <span class='ocrx_word' id='word_1_25' title='bbox 1048 586 1089 629; x_wconf 86' lang='lat' dir='ltr'>ne</span> 
     </span>
     <span class='ocr_line' id='line_1_5' title="bbox 65 651 1089 737; baseline 0 -19"><span class='ocrx_word' id='word_1_26' title='bbox 65 653 156 718; x_wconf 85' lang='lat' dir='ltr'>intra</span> <span class='ocrx_word' id='word_1_27' title='bbox 182 655 309 717; x_wconf 84' lang='lat' dir='ltr'>certum</span> <span class='ocrx_word' id='word_1_28' title='bbox 336 657 467 735; x_wconf 84' lang='lat' dir='ltr'>tempus</span> <span class='ocrx_word' id='word_1_29' title='bbox 495 652 632 717; x_wconf 87' lang='lat' dir='ltr'>societas</span> <span class='ocrx_word' id='word_1_30' title='bbox 665 651 872 737; x_wconf 84' lang='lat' dir='ltr'>divideretur,</span> <span class='ocrx_word' id='word_1_31' title='bbox 904 653 983 737; x_wconf 90' lang='lat' dir='ltr'>quin</span> <span class='ocrx_word' id='word_1_32' title='bbox 1010 675 1089 718; x_wconf 78' lang='lat' dir='ltr'>ren-</span> 
     </span>
     <span class='ocr_line' id='line_1_6' title="bbox 65 740 1130 827; baseline 0.001 -22"><span class='ocrx_word' id='word_1_33' title='bbox 65 741 144 806; x_wconf 81' lang='lat' dir='ltr'>dere</span> <span class='ocrx_word' id='word_1_34' title='bbox 169 740 270 806; x_wconf 85' lang='lat' dir='ltr'>liceat</span> <span class='ocrx_word' id='word_1_35' title='bbox 292 741 336 824; x_wconf 85' lang='lat' dir='ltr'>ei,</span> <span class='ocrx_word' id='word_1_36' title='bbox 363 740 419 825; x_wconf 90' lang='lat' dir='ltr'>qui</span> <span class='ocrx_word' id='word_1_37' title='bbox 446 740 506 805; x_wconf 87' lang='lat' dir='ltr'>tali</span> <span class='ocrx_word' id='word_1_38' title='bbox 534 741 747 806; x_wconf 82' lang='lat' dir='ltr'>conventione</span> <span class='ocrx_word' id='word_1_39' title='bbox 773 744 916 827; x_wconf 81' lang='lat' dir='ltr'>tenetur,</span> <span class='ocrx_word' id='word_1_40' title='bbox 941 764 1008 807; x_wconf 90' lang='lat' dir='ltr'>non</span> <span class='ocrx_word' id='word_1_41' title='bbox 1038 745 1088 806; x_wconf 89' lang='lat' dir='ltr'>est</span> <span class='ocrx_word' id='word_1_42' title='bbox 1117 756 1130 787; x_wconf 61' lang='lat' dir='ltr'><strong>x</strong></span> 
     </span>
     <span class='ocr_line' id='line_1_7' title="bbox 66 828 1088 916; baseline 0.003 -23"><span class='ocrx_word' id='word_1_43' title='bbox 66 828 216 916; x_wconf 82' lang='lat' dir='ltr'>dubium3</span> <span class='ocrx_word' id='word_1_44' title='bbox 256 849 354 915; x_wconf 87' lang='lat' dir='ltr'>quare</span> <span class='ocrx_word' id='word_1_45' title='bbox 391 831 520 912; x_wconf 86' lang='lat' dir='ltr'>emptor</span> <span class='ocrx_word' id='word_1_46' title='bbox 556 850 683 915; x_wconf 91' lang='lat' dir='ltr'>quoque</span> <span class='ocrx_word' id='word_1_47' title='bbox 715 831 880 895; x_wconf 90' lang='lat' dir='ltr'>communi</span> <span class='ocrx_word' id='word_1_48' title='bbox 912 828 1088 896; x_wconf 86' lang='lat' dir='ltr'>dividundo</span> 
     </span>
     <span class='ocr_line' id='line_1_8' title="bbox 65 917 1088 1005; baseline 0.001 -23"><span class='ocrx_word' id='word_1_49' title='bbox 65 917 194 1005; x_wconf 82' lang='lat' dir='ltr'>agendo</span> <span class='ocrx_word' id='word_1_50' title='bbox 223 920 336 983; x_wconf 90' lang='lat' dir='ltr'>eadem</span> <span class='ocrx_word' id='word_1_51' title='bbox 363 919 549 1002; x_wconf 77' lang='lat' dir='ltr'><strong>exceptione</strong></span> <span class='ocrx_word' id='word_1_52' title='bbox 577 919 847 1003; x_wconf 74' lang='lat' dir='ltr'><strong>summovebitur,</strong></span> <span class='ocrx_word' id='word_1_53' title='bbox 879 941 943 1004; x_wconf 89' lang='lat' dir='ltr'>qua</span> <span class='ocrx_word' id='word_1_54' title='bbox 974 923 1088 985; x_wconf 78' lang='lat' dir='ltr'>auctor</span> 
     </span>
     <span class='ocr_line' id='line_1_9' title="bbox 64 1009 427 1077; baseline -0.003 -5"><span class='ocrx_word' id='word_1_55' title='bbox 64 1009 137 1073; x_wconf 79' lang='lat' dir='ltr'>eius</span> <span class='ocrx_word' id='word_1_56' title='bbox 159 1010 427 1077; x_wconf 79' lang='lat' dir='ltr'>summoveretur.</span> 
     </span>
    </p>
   </div>
   <div class='ocr_carea' id='block_1_3' title="bbox 61 1116 1088 2122">
    <p class='ocr_par' dir='ltr' id='par_1_4' title="bbox 62 1116 1088 1356">
     <span class='ocr_line' id='line_1_10' title="bbox 156 1116 1088 1195; baseline 0.002 -18"><span class='ocrx_word' id='word_1_57' title='bbox 156 1118 314 1178; x_wconf 83' lang='lat' dir='ltr'>Plautium</span> <span class='ocrx_word' id='word_1_58' title='bbox 326 1119 424 1195; x_wconf 83' lang='lat' dir='ltr'>igitur</span> <span class='ocrx_word' id='word_1_59' title='bbox 433 1116 537 1178; x_wconf 83' lang='lat' dir='ltr'>Sabini</span> <span class='ocrx_word' id='word_1_60' title='bbox 551 1117 732 1178; x_wconf 87' lang='lat' dir='ltr'>sententiam</span> <span class='ocrx_word' id='word_1_61' title='bbox 745 1118 784 1178; x_wconf 87' lang='lat' dir='ltr'>ab</span> <span class='ocrx_word' id='word_1_62' title='bbox 798 1117 928 1195; x_wconf 89' lang='lat' dir='ltr'>Ulpiano</span> <span class='ocrx_word' id='word_1_63' title='bbox 945 1119 1088 1179; x_wconf 83' lang='lat' dir='ltr'>reiectam</span> 
     </span>
     <span class='ocr_line' id='line_1_11' title="bbox 64 1199 1086 1289; baseline 0.001 -22"><span class='ocrx_word' id='word_1_64' title='bbox 64 1199 116 1289; x_wconf 90' lang='lat' dir='ltr'>(D.</span> <span class='ocrx_word' id='word_1_65' title='bbox 131 1210 182 1286; x_wconf 90' lang='grc'>17,</span> <span class='ocrx_word' id='word_1_66' title='bbox 194 1209 223 1283; x_wconf 81' lang='lat'>2,</span> <span class='ocrx_word' id='word_1_67' title='bbox 235 1210 285 1284; x_wconf 85' lang='grc'>16,</span> <span class='ocrx_word' id='word_1_68' title='bbox 297 1212 313 1267; x_wconf 92' lang='grc'>1</span> <span class='ocrx_word' id='word_1_69' title='bbox 326 1227 353 1268; x_wconf 81' lang='lat' dir='ltr'>v.</span> <span class='ocrx_word' id='word_1_70' title='bbox 363 1207 404 1287; x_wconf 88' lang='grc' dir='ltr'>ΙΙ,</span> <span class='ocrx_word' id='word_1_71' title='bbox 416 1211 433 1266; x_wconf 98' lang='grc'>1</span> <span class='ocrx_word' id='word_1_72' title='bbox 445 1227 473 1283; x_wconf 88' lang='lat' dir='ltr'>p.</span> <span class='ocrx_word' id='word_1_73' title='bbox 484 1199 564 1288; x_wconf 88' lang='grc'>496)</span> <span class='ocrx_word' id='word_1_74' title='bbox 581 1206 678 1267; x_wconf 72' lang='lat' dir='ltr'>videri</span> <span class='ocrx_word' id='word_1_75' title='bbox 693 1206 827 1268; x_wconf 82' lang='lat' dir='ltr'>tonuisse</span> <span class='ocrx_word' id='word_1_76' title='bbox 842 1207 966 1268; x_wconf 87' lang='lat' dir='ltr'>Pernice</span> <span class='ocrx_word' id='word_1_77' title='bbox 981 1209 1005 1287; x_wconf 86' lang='grc' dir='ltr'>Ι,</span> <span class='ocrx_word' id='word_1_78' title='bbox 1021 1209 1086 1270; x_wconf 82' lang='grc'>484</span> 
     </span>
     <span class='ocr_line' id='line_1_12' title="bbox 62 1296 189 1356; baseline 0.016 -2"><span class='ocrx_word' id='word_1_79' title='bbox 62 1296 189 1356; x_wconf 84' lang='lat' dir='ltr'>iudicat.</span> 
     </span>
    </p>

    <p class='ocr_par' dir='ltr' id='par_1_5' title="bbox 435 1396 724 1462">
     <span class='ocr_line' id='line_1_13' title="bbox 435 1396 724 1462; baseline 0 0"><span class='ocrx_word' id='word_1_80' title='bbox 435 1396 486 1462; x_wconf 89' lang='lat' dir='ltr'>Dc</span> <span class='ocrx_word' id='word_1_81' title='bbox 507 1398 577 1462; x_wconf 79' lang='lat' dir='ltr'>iure</span> <span class='ocrx_word' id='word_1_82' title='bbox 597 1398 724 1462; x_wconf 79' lang='lat' dir='ltr'>dotium.</span> 
     </span>
    </p>

    <p class='ocr_par' dir='ltr' id='par_1_6' title="bbox 61 1502 1086 2122">
     <span class='ocr_line' id='line_1_14' title="bbox 155 1502 1085 1588; baseline 0.001 -18"><span class='ocrx_word' id='word_1_83' title='bbox 155 1503 223 1570; x_wconf 76' lang='lat'>30?</span> <span class='ocrx_word' id='word_1_84' title='bbox 251 1503 291 1569; x_wconf 90' lang='lat' dir='ltr'>D.</span> <span class='ocrx_word' id='word_1_85' title='bbox 307 1505 359 1587; x_wconf 84' lang='lat'>12,</span> <span class='ocrx_word' id='word_1_86' title='bbox 372 1504 403 1586; x_wconf 91' lang='lat'>4,</span> <span class='ocrx_word' id='word_1_87' title='bbox 417 1504 447 1584; x_wconf 88' lang='grc'>9,</span> <span class='ocrx_word' id='word_1_88' title='bbox 465 1504 492 1568; x_wconf 92' lang='grc'><strong>1.</strong></span> <span class='ocrx_word' id='word_1_89' title='bbox 537 1502 660 1569; x_wconf 85' lang='lat' dir='ltr'>Paulus</span> <span class='ocrx_word' id='word_1_90' title='bbox 686 1502 772 1568; x_wconf 87' lang='lat' dir='ltr'>libro</span> <span class='ocrx_word' id='word_1_91' title='bbox 796 1504 935 1588; x_wconf 86' lang='lat' dir='ltr'>septimo</span> <span class='ocrx_word' id='word_1_92' title='bbox 960 1504 1085 1571; x_wconf 89' lang='lat' dir='ltr'>decimo</span> 
     </span>
     <span class='ocr_line' id='line_1_15' title="bbox 64 1587 1086 1680; baseline -0.001 -22"><span class='ocrx_word' id='word_1_93' title='bbox 64 1593 107 1659; x_wconf 86' lang='lat' dir='ltr'>ad</span> <span class='ocrx_word' id='word_1_94' title='bbox 124 1593 292 1658; x_wconf 88' lang='lat' dir='ltr'>Plautium</span> <span class='ocrx_word' id='word_1_95' title='bbox 310 1591 359 1680; x_wconf 88' lang='lat' dir='ltr'>(P.</span> <span class='ocrx_word' id='word_1_96' title='bbox 377 1587 486 1680; x_wconf 89' lang='grc'><strong>1237).</strong></span> <span class='ocrx_word' id='word_1_97' title='bbox 505 1628 550 1639; x_wconf 90' lang='grc'>-</span> <span class='ocrx_word' id='word_1_98' title='bbox 569 1591 604 1656; x_wconf 87' lang='lat' dir='ltr'>Si</span> <span class='ocrx_word' id='word_1_99' title='bbox 623 1591 695 1677; x_wconf 90' lang='lat' dir='ltr'>quis</span> <span class='ocrx_word' id='word_1_100' title='bbox 713 1592 895 1659; x_wconf 74' lang='lat' dir='ltr'>indebitam</span> <span class='ocrx_word' id='word_1_101' title='bbox 912 1594 1086 1677; x_wconf 87' lang='lat' dir='ltr'>pecuniam</span> 
     </span>
     <span class='ocr_line' id='line_1_16' title="bbox 61 1679 1086 1768; baseline -0.001 -21"><span class='ocrx_word' id='word_1_102' title='bbox 61 1704 123 1768; x_wconf 86' lang='lat' dir='ltr'>per</span> <span class='ocrx_word' id='word_1_103' title='bbox 156 1703 298 1747; x_wconf 86' lang='lat' dir='ltr'>errorem</span> <span class='ocrx_word' id='word_1_104' title='bbox 329 1683 421 1747; x_wconf 87' lang='lat' dir='ltr'>iussu</span> <span class='ocrx_word' id='word_1_105' title='bbox 450 1681 596 1746; x_wconf 87' lang='lat' dir='ltr'>mulieris</span> <span class='ocrx_word' id='word_1_106' title='bbox 629 1702 749 1765; x_wconf 90' lang='lat' dir='ltr'>sponso</span> <span class='ocrx_word' id='word_1_107' title='bbox 783 1679 853 1747; x_wconf 86' lang='lat' dir='ltr'>eius</span> <span class='ocrx_word' id='word_1_108' title='bbox 880 1682 1086 1767; x_wconf 76' lang='lat' dir='ltr'>promisisset</span> 
     </span>
     <span class='ocr_line' id='line_1_17' title="bbox 62 1769 1086 1860; baseline -0.001 -23"><span class='ocrx_word' id='word_1_109' title='bbox 62 1769 254 1860; x_wconf 72' lang='lat' dir='ltr'>(dixisseti)</span> <span class='ocrx_word' id='word_1_110' title='bbox 277 1773 310 1835; x_wconf 90' lang='lat' dir='ltr'>et</span> <span class='ocrx_word' id='word_1_111' title='bbox 332 1770 466 1855; x_wconf 84' lang='lat' dir='ltr'>nuptiae</span> <span class='ocrx_word' id='word_1_112' title='bbox 490 1773 619 1856; x_wconf 80' lang='lat' dir='ltr'>secutae</span> <span class='ocrx_word' id='word_1_113' title='bbox 638 1769 786 1853; x_wconf 75' lang='lat' dir='ltr'>fuissent,</span> <span class='ocrx_word' id='word_1_114' title='bbox 810 1772 998 1854; x_wconf 70' lang='lat' dir='ltr'>exceptione</span> <span class='ocrx_word' id='word_1_115' title='bbox 1018 1772 1086 1836; x_wconf 91' lang='lat' dir='ltr'>doli</span> 
     </span>
     <span class='ocr_line' id='line_1_18' title="bbox 61 1859 1084 1945; baseline 0.004 -20"><span class='ocrx_word' id='word_1_116' title='bbox 61 1861 146 1927; x_wconf 89' lang='lat' dir='ltr'>mali</span> <span class='ocrx_word' id='word_1_117' title='bbox 177 1861 227 1925; x_wconf 90' lang='lat' dir='ltr'>uti</span> <span class='ocrx_word' id='word_1_118' title='bbox 254 1881 321 1924; x_wconf 91' lang='lat' dir='ltr'>non</span> <span class='ocrx_word' id='word_1_119' title='bbox 352 1862 473 1944; x_wconf 82' lang='lat' dir='ltr'>potest3</span> <span class='ocrx_word' id='word_1_120' title='bbox 507 1859 646 1929; x_wconf 85' lang='lat' dir='ltr'>maritus</span> <span class='ocrx_word' id='word_1_121' title='bbox 679 1859 765 1923; x_wconf 89' lang='lat' dir='ltr'>enim</span> <span class='ocrx_word' id='word_1_122' title='bbox 795 1880 889 1925; x_wconf 90' lang='lat' dir='ltr'>suum</span> <span class='ocrx_word' id='word_1_123' title='bbox 916 1861 1084 1945; x_wconf 79' lang='lat' dir='ltr'>negotium</span> 
     </span>
     <span class='ocr_line' id='line_1_19' title="bbox 63 1946 1084 2036; baseline 0 -22"><span class='ocrx_word' id='word_1_124' title='bbox 63 1950 155 2036; x_wconf 84' lang='lat' dir='ltr'>gerit</span> <span class='ocrx_word' id='word_1_125' title='bbox 183 1953 216 2012; x_wconf 86' lang='lat' dir='ltr'>et</span> <span class='ocrx_word' id='word_1_126' title='bbox 237 1948 320 2012; x_wconf 91' lang='lat' dir='ltr'>nihil</span> <span class='ocrx_word' id='word_1_127' title='bbox 344 1948 418 2013; x_wconf 89' lang='lat' dir='ltr'>dolo</span> <span class='ocrx_word' id='word_1_128' title='bbox 442 1947 522 2013; x_wconf 84' lang='lat' dir='ltr'>facit</span> <span class='ocrx_word' id='word_1_129' title='bbox 540 1998 547 2013; x_wconf 88' lang='lat'><strong>.</strong></span> <span class='ocrx_word' id='word_1_130' title='bbox 562 1995 591 2012; x_wconf 90' lang='lat'>..</span> <span class='ocrx_word' id='word_1_131' title='bbox 612 1946 669 2012; x_wconf 89' lang='lat' dir='ltr'>sed</span> <span class='ocrx_word' id='word_1_132' title='bbox 693 1946 721 2011; x_wconf 90' lang='lat' dir='ltr'>si</span> <span class='ocrx_word' id='word_1_133' title='bbox 745 1947 852 2013; x_wconf 85' lang='lat' dir='ltr'>soluto</span> <span class='ocrx_word' id='word_1_134' title='bbox 876 1947 1084 2015; x_wconf 87' lang='lat' dir='ltr'>matrimonio</span> 
     </span>
     <span class='ocr_line' id='line_1_20' title="bbox 61 2035 1084 2122; baseline -0.001 -20"><span class='ocrx_word' id='word_1_135' title='bbox 61 2039 203 2104; x_wconf 87' lang='lat' dir='ltr'>maritus</span> <span class='ocrx_word' id='word_1_136' title='bbox 226 2041 365 2122; x_wconf 84' lang='lat' dir='ltr'>peteret,</span> <span class='ocrx_word' id='word_1_137' title='bbox 393 2037 428 2101; x_wconf 94' lang='lat' dir='ltr'>in</span> <span class='ocrx_word' id='word_1_138' title='bbox 451 2059 489 2102; x_wconf 88' lang='lat' dir='ltr'>eo</span> <span class='ocrx_word' id='word_1_139' title='bbox 514 2036 682 2105; x_wconf 80' lang='lat' dir='ltr'>dumtaxat</span> <span class='ocrx_word' id='word_1_140' title='bbox 706 2035 932 2119; x_wconf 85' lang='lat' dir='ltr'>exceptionem</span> <span class='ocrx_word' id='word_1_141' title='bbox 953 2038 1084 2102; x_wconf 86' lang='lat' dir='ltr'>obstare</span> 
     </span>
    </p>
   </div>
   <div class='ocr_carea' id='block_1_4' title="bbox 62 2126 1083 2300">
    <p class='ocr_par' dir='ltr' id='par_1_7' title="bbox 62 2126 1083 2300">
     <span class='ocr_line' id='line_1_21' title="bbox 62 2126 756 2209; baseline 0 -18"><span class='ocrx_word' id='word_1_142' title='bbox 62 2127 197 2207; x_wconf 84' lang='lat' dir='ltr'>dobere,</span> <span class='ocrx_word' id='word_1_143' title='bbox 220 2126 306 2209; x_wconf 90' lang='lat' dir='ltr'>quod</span> <span class='ocrx_word' id='word_1_144' title='bbox 330 2126 445 2189; x_wconf 87' lang='lat' dir='ltr'>mulier</span> <span class='ocrx_word' id='word_1_145' title='bbox 468 2128 638 2209; x_wconf 84' lang='lat' dir='ltr'>receptura</span> <span class='ocrx_word' id='word_1_146' title='bbox 661 2129 756 2191; x_wconf 89' lang='lat' dir='ltr'>esset.</span> 
     </span>
     <span class='ocr_line' id='line_1_22' title="bbox 156 2210 1083 2300; baseline -0.002 -19"><span class='ocrx_word' id='word_1_147' title='bbox 156 2215 209 2281; x_wconf 88' lang='grc'>31.</span> <span class='ocrx_word' id='word_1_148' title='bbox 232 2214 271 2280; x_wconf 90' lang='lat' dir='ltr'>D.</span> <span class='ocrx_word' id='word_1_149' title='bbox 286 2215 339 2296; x_wconf 82' lang='lat'>23,</span> <span class='ocrx_word' id='word_1_150' title='bbox 353 2214 383 2296; x_wconf 86' lang='lat'>3,</span> <span class='ocrx_word' id='word_1_151' title='bbox 399 2214 451 2296; x_wconf 81' lang='lat'>56,</span> <span class='ocrx_word' id='word_1_152' title='bbox 466 2216 495 2279; x_wconf 89' lang='lat'>3.</span> <span class='ocrx_word' id='word_1_153' title='bbox 535 2211 627 2279; x_wconf 90' lang='lat' dir='ltr'>Idem</span> <span class='ocrx_word' id='word_1_154' title='bbox 651 2216 707 2296; x_wconf 82' lang='lat' dir='ltr'>(sc.</span> <span class='ocrx_word' id='word_1_155' title='bbox 726 2210 862 2300; x_wconf 88' lang='lat' dir='ltr'>Paulus)</span> <span class='ocrx_word' id='word_1_156' title='bbox 885 2213 969 2278; x_wconf 89' lang='lat' dir='ltr'>libro</span> <span class='ocrx_word' id='word_1_157' title='bbox 992 2219 1083 2280; x_wconf 87' lang='lat' dir='ltr'>sexto</span> 
     </span>
    </p>
   </div>
   <div class='ocr_carea' id='block_1_5' title="bbox 61 2299 1083 2477">
    <p class='ocr_par' dir='ltr' id='par_1_8' title="bbox 61 2299 1083 2477">
     <span class='ocr_line' id='line_1_23' title="bbox 61 2299 1083 2391; baseline -0.003 -22"><span class='ocrx_word' id='word_1_158' title='bbox 61 2304 104 2369; x_wconf 83' lang='lat' dir='ltr'>sd</span> <span class='ocrx_word' id='word_1_159' title='bbox 133 2303 299 2368; x_wconf 88' lang='lat' dir='ltr'>Plautium</span> <span class='ocrx_word' id='word_1_160' title='bbox 326 2299 376 2391; x_wconf 87' lang='lat' dir='ltr'>(P.</span> <span class='ocrx_word' id='word_1_161' title='bbox 397 2300 509 2387; x_wconf 77' lang='lat'><strong>1128).</strong></span> <span class='ocrx_word' id='word_1_162' title='bbox 537 2339 580 2351; x_wconf 91' lang='lat'><em>-</em></span> <span class='ocrx_word' id='word_1_163' title='bbox 609 2301 644 2368; x_wconf 83' lang='lat' dir='ltr'>Si</span> <span class='ocrx_word' id='word_1_164' title='bbox 675 2301 813 2385; x_wconf 84' lang='lat' dir='ltr'>pecunia</span> <span class='ocrx_word' id='word_1_165' title='bbox 842 2306 874 2366; x_wconf 87' lang='lat' dir='ltr'>et</span> <span class='ocrx_word' id='word_1_166' title='bbox 901 2301 1020 2367; x_wconf 85' lang='lat' dir='ltr'>fundus</span> <span class='ocrx_word' id='word_1_167' title='bbox 1048 2303 1083 2366; x_wconf 86' lang='lat' dir='ltr'>in</span> 
     </span>
     <span class='ocr_line' id='line_1_24' title="bbox 61 2390 1083 2477; baseline 0.001 -21"><span class='ocrx_word' id='word_1_168' title='bbox 61 2393 142 2458; x_wconf 79' lang='lat' dir='ltr'>dote</span> <span class='ocrx_word' id='word_1_169' title='bbox 173 2392 241 2456; x_wconf 88' lang='lat' dir='ltr'>sint</span> <span class='ocrx_word' id='word_1_170' title='bbox 268 2397 302 2456; x_wconf 86' lang='lat' dir='ltr'>et</span> <span class='ocrx_word' id='word_1_171' title='bbox 328 2391 529 2456; x_wconf 81' lang='lat' dir='ltr'>necessariae</span> <span class='ocrx_word' id='word_1_172' title='bbox 555 2393 721 2477; x_wconf 83' lang='lat' dir='ltr'>impensae</span> <span class='ocrx_word' id='word_1_173' title='bbox 748 2391 783 2456; x_wconf 90' lang='lat' dir='ltr'>iu</span> <span class='ocrx_word' id='word_1_174' title='bbox 809 2390 945 2456; x_wconf 90' lang='lat' dir='ltr'>fundum</span> <span class='ocrx_word' id='word_1_175' title='bbox 968 2391 1083 2474; x_wconf 85' lang='lat' dir='ltr'>factae,</span> 
     </span>
    </p>
   </div>
   <div class='ocr_carea' id='block_1_6' title="bbox 59 2480 1082 2654">
    <p class='ocr_par' dir='ltr' id='par_1_9' title="bbox 59 2480 1082 2654">
     <span class='ocr_line' id='line_1_25' title="bbox 59 2480 755 2564; baseline -0.003 -18"><span class='ocrx_word' id='word_1_176' title='bbox 59 2480 177 2546; x_wconf 84' lang='lat' dir='ltr'>Nerva</span> <span class='ocrx_word' id='word_1_177' title='bbox 199 2483 247 2545; x_wconf 87' lang='lat' dir='ltr'>ait</span> <span class='ocrx_word' id='word_1_178' title='bbox 269 2481 379 2546; x_wconf 91' lang='lat' dir='ltr'>dotem</span> <span class='ocrx_word' id='word_1_179' title='bbox 400 2481 620 2564; x_wconf 87' lang='lat' dir='ltr'>pecuniariam</span> <span class='ocrx_word' id='word_1_180' title='bbox 644 2481 755 2544; x_wconf 88' lang='lat' dir='ltr'>minui.</span> 
     </span>
     <span class='ocr_line' id='line_1_26' title="bbox 155 2566 1082 2654; baseline 0.001 -20"><span class='ocrx_word' id='word_1_181' title='bbox 155 2570 207 2635; x_wconf 79' lang='grc'>32.</span> <span class='ocrx_word' id='word_1_182' title='bbox 236 2569 342 2649; x_wconf 84' lang='lat' dir='ltr'><strong>D.50‚</strong></span> <span class='ocrx_word' id='word_1_183' title='bbox 358 2570 409 2652; x_wconf 87' lang='lat'>16,</span> <span class='ocrx_word' id='word_1_184' title='bbox 424 2570 475 2634; x_wconf 89' lang='grc'>79.</span> <span class='ocrx_word' id='word_1_185' title='bbox 521 2567 612 2634; x_wconf 89' lang='lat' dir='ltr'>Idem</span> <span class='ocrx_word' id='word_1_186' title='bbox 639 2567 697 2654; x_wconf 85' lang='lat' dir='ltr'>(sc.</span> <span class='ocrx_word' id='word_1_187' title='bbox 720 2566 855 2654; x_wconf 87' lang='lat' dir='ltr'>Paulus)</span> <span class='ocrx_word' id='word_1_188' title='bbox 881 2568 966 2634; x_wconf 90' lang='lat' dir='ltr'>libro</span> <span class='ocrx_word' id='word_1_189' title='bbox 990 2573 1082 2636; x_wconf 84' lang='lat' dir='ltr'>sexto</span> 
     </span>
    </p>
   </div>
   <div class='ocr_carea' id='block_1_7' title="bbox 61 2655 1082 2832">
    <p class='ocr_par' dir='ltr' id='par_1_10' title="bbox 61 2655 1082 2832">
     <span class='ocr_line' id='line_1_27' title="bbox 61 2655 1082 2744; baseline -0.003 -20"><span class='ocrx_word' id='word_1_190' title='bbox 61 2659 104 2724; x_wconf 87' lang='lat' dir='ltr'>ad</span> <span class='ocrx_word' id='word_1_191' title='bbox 128 2658 294 2723; x_wconf 84' lang='lat' dir='ltr'>Plautium</span> <span class='ocrx_word' id='word_1_192' title='bbox 322 2655 372 2743; x_wconf 90' lang='lat' dir='ltr'>(P.</span> <span class='ocrx_word' id='word_1_193' title='bbox 388 2655 500 2744; x_wconf 79' lang='lat'><strong>1127).</strong></span> <span class='ocrx_word' id='word_1_194' title='bbox 518 2694 561 2704; x_wconf 89' lang='lat'>—</span> <span class='ocrx_word' id='word_1_195' title='bbox 580 2656 687 2723; x_wconf 86' lang='lat' dir='ltr'>Utiles</span> <span class='ocrx_word' id='word_1_196' title='bbox 714 2658 881 2742; x_wconf 87' lang='lat' dir='ltr'>impensas</span> <span class='ocrx_word' id='word_1_197' title='bbox 909 2679 979 2723; x_wconf 90' lang='lat' dir='ltr'>esse</span> <span class='ocrx_word' id='word_1_198' title='bbox 1006 2658 1082 2723; x_wconf 82' lang='lat' dir='ltr'>Ful-</span> 
     </span>
     <span class='ocr_line' id='line_1_28' title="bbox 62 2745 1081 2832; baseline -0.001 -20"><span class='ocrx_word' id='word_1_199' title='bbox 62 2747 171 2812; x_wconf 88' lang='lat' dir='ltr'>cinius</span> <span class='ocrx_word' id='word_1_200' title='bbox 190 2748 246 2832; x_wconf 85' lang='lat' dir='ltr'>ait,</span> <span class='ocrx_word' id='word_1_201' title='bbox 265 2768 347 2831; x_wconf 85' lang='lat' dir='ltr'>quae</span> <span class='ocrx_word' id='word_1_202' title='bbox 366 2748 534 2812; x_wconf 89' lang='lat' dir='ltr'>meliorem</span> <span class='ocrx_word' id='word_1_203' title='bbox 554 2746 662 2812; x_wconf 84' lang='lat' dir='ltr'>dotem</span> <span class='ocrx_word' id='word_1_204' title='bbox 677 2745 810 2826; x_wconf 85' lang='lat' dir='ltr'>faciant,</span> <span class='ocrx_word' id='word_1_205' title='bbox 827 2769 894 2811; x_wconf 93' lang='lat' dir='ltr'>non</span> <span class='ocrx_word' id='word_1_206' title='bbox 908 2747 1081 2831; x_wconf 88' lang='lat' dir='ltr'>(tantum&gt;</span> 
     </span>
    </p>
   </div>
   <div class='ocr_carea' id='block_1_8' title="bbox 61 2835 1194 2920">
    <p class='ocr_par' dir='ltr' id='par_1_11' title="bbox 61 2835 1194 2920">
     <span class='ocr_line' id='line_1_29' title="bbox 61 2835 1194 2920; baseline 0 -20"><span class='ocrx_word' id='word_1_207' title='bbox 61 2837 258 2902; x_wconf 86' lang='lat' dir='ltr'>deteriorem</span> <span class='ocrx_word' id='word_1_208' title='bbox 282 2857 439 2900; x_wconf 86' lang='lat' dir='ltr'>essenon</span> <span class='ocrx_word' id='word_1_209' title='bbox 463 2835 581 2920; x_wconf 83' lang='lat' dir='ltr'>sinant,</span> <span class='ocrx_word' id='word_1_210' title='bbox 604 2857 642 2900; x_wconf 87' lang='lat' dir='ltr'>ex</span> <span class='ocrx_word' id='word_1_211' title='bbox 667 2836 784 2920; x_wconf 89' lang='lat' dir='ltr'>quibus</span> <span class='ocrx_word' id='word_1_212' title='bbox 808 2835 929 2901; x_wconf 89' lang='lat' dir='ltr'>reditus</span> <span class='ocrx_word' id='word_1_213' title='bbox 954 2836 1082 2901; x_wconf 90' lang='lat' dir='ltr'>mulieri</span> <span class='ocrx_word' id='word_1_214' title='bbox 1190 2900 1194 2907; x_wconf 76' lang='grc'><strong>,</strong></span> 
     </span>
    </p>
   </div>
   <div class='ocr_carea' id='block_1_9' title="bbox 58 2924 1080 3633">
    <p class='ocr_par' dir='ltr' id='par_1_12' title="bbox 58 2924 1080 3452">
     <span class='ocr_line' id='line_1_30' title="bbox 62 2924 1080 3010; baseline 0 -21"><span class='ocrx_word' id='word_1_215' title='bbox 62 2924 268 3010; x_wconf 84' lang='lat' dir='ltr'>adquiratur,</span> <span class='ocrx_word' id='word_1_216' title='bbox 301 2925 396 2989; x_wconf 89' lang='lat' dir='ltr'>sicuti</span> <span class='ocrx_word' id='word_1_217' title='bbox 414 2925 555 2989; x_wconf 80' lang='lat' dir='ltr'>arbusti</span> <span class='ocrx_word' id='word_1_218' title='bbox 582 2924 839 3007; x_wconf 82' lang='lat' dir='ltr'>pastinationem</span> <span class='ocrx_word' id='word_1_219' title='bbox 866 2925 954 2988; x_wconf 89' lang='lat' dir='ltr'>ultra</span> <span class='ocrx_word' id='word_1_220' title='bbox 983 2947 1080 3009; x_wconf 89' lang='lat' dir='ltr'>quam</span> 
     </span>
     <span class='ocr_line' id='line_1_31' title="bbox 61 3013 1079 3097; baseline 0 -19"><span class='ocrx_word' id='word_1_221' title='bbox 61 3035 195 3078; x_wconf 88' lang='lat' dir='ltr'>necesse</span> <span class='ocrx_word' id='word_1_222' title='bbox 228 3013 347 3097; x_wconf 84' lang='lat' dir='ltr'>fuerat,</span> <span class='ocrx_word' id='word_1_223' title='bbox 380 3014 458 3077; x_wconf 89' lang='lat' dir='ltr'>item</span> <span class='ocrx_word' id='word_1_224' title='bbox 492 3014 670 3079; x_wconf 81' lang='lat' dir='ltr'>doctrinam</span> <span class='ocrx_word' id='word_1_225' title='bbox 703 3034 887 3096; x_wconf 87' lang='lat' dir='ltr'>puerorum.</span> <span class='ocrx_word' id='word_1_226' title='bbox 942 3035 1079 3097; x_wconf 88' lang='lat' dir='ltr'>quorum</span> 
     </span>
     <span class='ocr_line' id='line_1_32' title="bbox 59 3100 1080 3186; baseline -0.002 -19"><span class='ocrx_word' id='word_1_227' title='bbox 59 3100 195 3167; x_wconf 89' lang='lat' dir='ltr'>nomine</span> <span class='ocrx_word' id='word_1_228' title='bbox 219 3103 347 3166; x_wconf 87' lang='lat' dir='ltr'>onerari</span> <span class='ocrx_word' id='word_1_229' title='bbox 369 3103 539 3167; x_wconf 88' lang='lat' dir='ltr'>mulierem</span> <span class='ocrx_word' id='word_1_230' title='bbox 562 3102 770 3186; x_wconf 85' lang='lat' dir='ltr'>ignorantem</span> <span class='ocrx_word' id='word_1_231' title='bbox 790 3102 840 3165; x_wconf 89' lang='lat' dir='ltr'>vel</span> <span class='ocrx_word' id='word_1_232' title='bbox 859 3102 996 3167; x_wconf 80' lang='lat' dir='ltr'>invitam</span> <span class='ocrx_word' id='word_1_233' title='bbox 1013 3123 1080 3167; x_wconf 89' lang='lat' dir='ltr'>non</span> 
     </span>
     <span class='ocr_line' id='line_1_33' title="bbox 60 3190 1080 3276; baseline -0.003 -19"><span class='ocrx_word' id='word_1_234' title='bbox 60 3193 207 3276; x_wconf 86' lang='lat' dir='ltr'>oportet,</span> <span class='ocrx_word' id='word_1_235' title='bbox 233 3213 275 3255; x_wconf 86' lang='lat' dir='ltr'>ne</span> <span class='ocrx_word' id='word_1_236' title='bbox 303 3196 441 3275; x_wconf 85' lang='lat' dir='ltr'>cogatur</span> <span class='ocrx_word' id='word_1_237' title='bbox 467 3191 569 3256; x_wconf 86' lang='lat' dir='ltr'>fundo</span> <span class='ocrx_word' id='word_1_238' title='bbox 598 3195 656 3256; x_wconf 88' lang='lat' dir='ltr'>aut</span> <span class='ocrx_word' id='word_1_239' title='bbox 684 3190 853 3275; x_wconf 85' lang='lat' dir='ltr'>mancipiis</span> <span class='ocrx_word' id='word_1_240' title='bbox 881 3212 999 3256; x_wconf 80' lang='lat' dir='ltr'>carere.</span> <span class='ocrx_word' id='word_1_241' title='bbox 1045 3192 1080 3254; x_wconf 91' lang='lat' dir='ltr'>in</span> 
     </span>
     <span class='ocr_line' id='line_1_34' title="bbox 58 3278 1079 3364; baseline -0.002 -20"><span class='ocrx_word' id='word_1_242' title='bbox 58 3280 115 3344; x_wconf 85' lang='lat' dir='ltr'>his</span> <span class='ocrx_word' id='word_1_243' title='bbox 142 3280 299 3362; x_wconf 87' lang='lat' dir='ltr'>impensis</span> <span class='ocrx_word' id='word_1_244' title='bbox 327 3285 360 3344; x_wconf 86' lang='lat' dir='ltr'>et</span> <span class='ocrx_word' id='word_1_245' title='bbox 386 3280 562 3364; x_wconf 87' lang='lat' dir='ltr'>pistrinum</span> <span class='ocrx_word' id='word_1_246' title='bbox 589 3282 623 3344; x_wconf 88' lang='lat' dir='ltr'>et</span> <span class='ocrx_word' id='word_1_247' title='bbox 648 3279 801 3345; x_wconf 89' lang='lat' dir='ltr'>horreum</span> <span class='ocrx_word' id='word_1_248' title='bbox 828 3278 955 3344; x_wconf 88' lang='lat' dir='ltr'>insulae</span> <span class='ocrx_word' id='word_1_249' title='bbox 979 3279 1079 3344; x_wconf 87' lang='lat' dir='ltr'>dotali</span> 
     </span>
     <span class='ocr_line' id='line_1_35' title="bbox 58 3368 611 3452; baseline -0.002 -18"><span class='ocrx_word' id='word_1_250' title='bbox 58 3369 225 3434; x_wconf 84' lang='lat' dir='ltr'>adiectum</span> <span class='ocrx_word' id='word_1_251' title='bbox 249 3369 435 3452; x_wconf 87' lang='lat' dir='ltr'>plerumque</span> <span class='ocrx_word' id='word_1_252' title='bbox 458 3368 611 3434; x_wconf 87' lang='lat' dir='ltr'>dicemus.</span> 
     </span>
    </p>

    <p class='ocr_par' dir='ltr' id='par_1_13' title="bbox 58 3452 1078 3633">
     <span class='ocr_line' id='line_1_36' title="bbox 153 3452 1078 3542; baseline -0.001 -21"><span class='ocrx_word' id='word_1_253' title='bbox 153 3457 206 3522; x_wconf 83' lang='lat'>33.</span> <span class='ocrx_word' id='word_1_254' title='bbox 223 3456 262 3522; x_wconf 93' lang='lat' dir='ltr'>D.</span> <span class='ocrx_word' id='word_1_255' title='bbox 272 3459 325 3542; x_wconf 84' lang='lat'>24,</span> <span class='ocrx_word' id='word_1_256' title='bbox 335 3457 363 3540; x_wconf 86' lang='lat'>1,</span> <span class='ocrx_word' id='word_1_257' title='bbox 371 3459 424 3541; x_wconf 73' lang='lat'>28,</span> <span class='ocrx_word' id='word_1_258' title='bbox 433 3458 463 3524; x_wconf 85' lang='lat'>3.</span> <span class='ocrx_word' id='word_1_259' title='bbox 486 3456 605 3522; x_wconf 89' lang='lat' dir='ltr'>Paulus</span> <span class='ocrx_word' id='word_1_260' title='bbox 615 3457 701 3521; x_wconf 91' lang='lat' dir='ltr'>libro</span> <span class='ocrx_word' id='word_1_261' title='bbox 716 3458 855 3540; x_wconf 89' lang='lat' dir='ltr'>septimo</span> <span class='ocrx_word' id='word_1_262' title='bbox 872 3456 911 3520; x_wconf 89' lang='lat' dir='ltr'>ad</span> <span class='ocrx_word' id='word_1_263' title='bbox 922 3452 1078 3520; x_wconf 87' lang='lat' dir='ltr'>Sabinum</span> 
     </span>
     <span class='ocr_line' id='line_1_37' title="bbox 58 3543 1078 3633; baseline -0.002 -23"><span class='ocrx_word' id='word_1_264' title='bbox 58 3543 113 3631; x_wconf 89' lang='lat' dir='ltr'>(P.</span> <span class='ocrx_word' id='word_1_265' title='bbox 130 3543 238 3633; x_wconf 81' lang='grc'><strong>1752).</strong></span> <span class='ocrx_word' id='word_1_266' title='bbox 264 3583 303 3594; x_wconf 92' lang='grc'>-</span> <span class='ocrx_word' id='word_1_267' title='bbox 329 3546 364 3611; x_wconf 81' lang='lat' dir='ltr'>si</span> <span class='ocrx_word' id='word_1_268' title='bbox 387 3569 426 3611; x_wconf 85' lang='lat' dir='ltr'>ex</span> <span class='ocrx_word' id='word_1_269' title='bbox 449 3547 559 3612; x_wconf 84' lang='lat' dir='ltr'>decem</span> <span class='ocrx_word' id='word_1_270' title='bbox 582 3545 711 3612; x_wconf 87' lang='lat' dir='ltr'>donatis</span> <span class='ocrx_word' id='word_1_271' title='bbox 736 3545 798 3610; x_wconf 91' lang='lat' dir='ltr'>sibi</span> <span class='ocrx_word' id='word_1_272' title='bbox 816 3544 932 3609; x_wconf 88' lang='lat' dir='ltr'>mulier</span> <span class='ocrx_word' id='word_1_273' title='bbox 950 3566 1078 3610; x_wconf 87' lang='lat' dir='ltr'>servum</span> 
     </span>
    </p>
   </div>
   <div class='ocr_carea' id='block_1_10' title="bbox 0 0 1220 3944">
    <p class='ocr_par' dir='ltr' id='par_1_14' title="bbox 0 0 1220 3944">
     <span class='ocr_line' id='line_1_38' title="bbox 0 0 1220 3944; baseline 0 3"><span class='ocrx_word' id='word_1_274' title='bbox 0 0 1220 3944; x_wconf 95' lang='lat' dir='ltr'> </span> 
     </span>
    </p>
   </div>
  </div>
 </body>
</html>
