2430 3944
407 198 431 249 ὃ.
455 191 575 246 TITIUS
594 190 727 247 ARISTO
1009 189 1072 254 361
1161 196 1163 200 ’

56 361 187 420 alteram
195 359 280 419 infra
293 360 326 419 in
335 361 486 436 responsis
497 361 633 419 referam.
656 358 829 418 Aristonem
838 357 959 419 Afranii
968 359 1076 419 Dextri

54 449 247 510 consulatum
279 449 390 510 vidisse
424 467 594 526 annumque
627 449 689 507 105
720 439 1074 530 (Plin.ep.8,14,12)

53 539 120 599 vita
144 555 301 614 superasse
325 542 544 614 comprobatur.

143 644 307 704 Auditores
343 645 466 704 videtur
501 643 643 703 habuisse
680 643 817 720 inprimis
854 646 885 703 et
915 643 1076 704 Neratium

52 734 194 794 Priscum
213 728 263 814 (D.
279 734 330 810 18,
345 736 374 811 3,
391 735 440 808 17,
456 735 475 794 5
496 726 612 792 ‘Aristo
631 727 845 792 existimabat'.
871 732 908 792 D.
924 735 953 810 2,
970 735 1020 808 14,
1033 735 1075 794 58

54 818 205 883 ‘Aristoni
232 864 293 883 ...
321 816 501 882 videbatur'.
541 822 577 882 D.
600 823 650 900 13,
671 826 700 900 1,
721 823 771 898 12,
792 823 810 879 2
836 815 990 881 ‘Neratius
1015 869 1048 883 ..
1069 868 1076 879 .

53 912 230 972 Aristonem
271 911 457 971 existimasse
493 902 614 993 refert')
651 913 682 969 et
718 909 842 970 Sextum
877 910 1077 987 Pomponium

55 995 107 1082 (D.
118 1001 172 1076 46,
183 1001 212 1078 3,
224 1001 264 1059 16
290 993 406 1060 ‘Aristo
430 994 569 1059 dioebat'.
606 998 642 1059 D.
654 1001 705 1078 36,
719 1003 746 1077 1,
758 1001 800 1059 74
820 993 936 1060 ‘Aristo
955 993 1076 1059 aiebat'.

52 1090 91 1149 D.
108 1091 160 1165 17,
176 1090 204 1163 2,
222 1090 262 1149 62
287 1082 434 1149 ‘Aristoni
457 1079 633 1169 placebat').

145 1195 319 1255 Aristonem
342 1198 482 1255 veterum
500 1193 663 1272 diligenter
680 1195 829 1254 rationem
847 1194 989 1255 habuisse
1008 1214 1077 1255 001·

53 1288 129 1360 stat,
153 1284 186 1343 in
208 1283 256 1343 his
280 1282 403 1344 Catonis
427 1277 477 1363 (D.
493 1280 545 1362 24,
560 1285 589 1356 3,
604 1277 728 1364 44111),
752 1282 785 1354 Q.
809 1283 901 1343 Mucii
924 1279 974 1360 (D.
985 1285 1037 1358 40,
1048 1288 1079 1362 7,

56 1365 166 1452 29,1),
185 1371 282 1433 Servii
302 1364 352 1454 (D.
363 1375 393 1449 4,
404 1375 434 1447 8,
444 1365 510 1454 40).
548 1371 693 1432 accedunt
712 1369 819 1432 Ofilius
838 1364 888 1452 (D.
899 1375 951 1451 30,
961 1366 1078 1454 45pr.),

55 1463 161 1522 Labeo
194 1453 244 1543 (D.
266 1463 317 1538 33,
337 1463 366 1537 9,
387 1464 416 1535 3,
438 1464 464 1521 2.
490 1463 542 1537 43,
562 1463 613 1539 24,
633 1453 740 1541 5111),
770 1461 831 1521 alii.
877 1465 910 1522 11
940 1462 1078 1540 vestigiis

55 1570 163 1612 eorum
184 1569 245 1610 non
260 1550 334 1610 adeo
349 1551 532 1624 inhaerebat,
551 1553 587 1609 ut
601 1550 722 1609 eosdem
736 1569 797 1610 non
809 1568 879 1610 raro
893 1551 1079 1627 relinqueret

55 1633 109 1723 (D.
129 1640 182 1716 35,
204 1630 347 1721 2,1,9).
393 1639 512 1699 notarit
533 1641 692 1715 praeterea
715 1642 746 1698 et
768 1639 938 1699 Labeonem
957 1631 1009 1720 (D.
1028 1642 1080 1717 28,

56 1719 226 1810 5,17,5),
248 1730 280 1787 11
310 1727 455 1788 Sabinum
478 1719 529 1807 (D.
550 1732 579 1805 7,
599 1730 628 1803 8,
649 1728 677 1788 6.
701 1728 737 1788 of.
757 1728 794 1787 D.
814 1729 867 1805 33,
887 1730 916 1806 9,
936 1730 966 1805 3,
986 1721 1020 1810 1)
1049 1733 1080 1788 01

55 1817 196 1878 Cassium
219 1809 271 1899 (D.
292 1821 320 1893 7,
342 1820 441 1894 1,17,
463 1820 490 1876 1.
514 1816 551 1875 of.
571 1816 607 1876 D.
627 1819 679 1892 39,
699 1819 728 1893 2,
749 1809 814 1897 28).
861 1816 939 1876 dixit
961 1836 1079 1894 quoque

58 1909 166 1967 eontra
185 1905 336 1984 Pegasum
360 1899 410 1985 (D.
432 1908 484 1982 28,
504 1907 533 1982 5,
554 1897 619 1985 19).

148 2012 321 2072 Nonnullae
344 2010 511 2071 sententiae
535 2011 658 2070 Traiani
677 2013 809 2070 aetatem
826 2030 899 2087 prae
918 2029 950 2069 se
968 2011 1079 2071 ferunt.

58 2101 123 2161 eius
143 2101 262 2178 generis
281 2105 353 2160 suut
371 2101 517 2178 inprimis,
536 2118 613 2176 quae
630 2099 666 2159 de
681 2103 777 2178 patre,
797 2100 850 2178 qui
863 2100 960 2159 filium
975 2104 1081 2159 eontra

57 2191 205 2266 pietatem
226 2190 305 2249 male
333 2189 492 2249 1110101111
510 2183 561 2268 (D.
577 2191 694 2267 37,12,
709 2183 743 2268 ὅ)
767 2194 798 2248 11
817 2189 853 2248 10
872 2189 948 2261 1000,
970 2188 1003 2246 in
1021 2207 1080 2265 quo

58 2297 165 2338 servus
189 2279 328 2355 sepultus
347 2283 394 2338 est
417 2272 468 2356 (D.
493 2282 543 2353 11,
569 2281 597 2355 7,
622 2280 641 2336 2
660 2269 729 2358 pn),
753 2278 871 2339 statuit.

90 2439 94 2444 -
150 2402 324 2462 Aristonem
345 2401 489 2461 Neratius
521 2420 736 2478 nonnunquam
763 2402 915 2461 consuluit
946 2394 992 2484 (iu
1020 2401 1082 2478 epi·

58 2491 143 2552 stula
162 2490 280 2550 Neratii
304 2490 342 2549 11
362 2489 546 2568 Aristonem,
568 2510 658 2566 quam
681 2490 829 2567 Ulpianus
848 2491 884 2550 D.
897 2495 947 2569 19,
958 2494 987 2570 2,
999 2493 1079 2566 19,2

59 2585 285 2656 commemorat,
309 2580 446 2656 quamvis
469 2579 612 2638 Neratius
634 2581 699 2655 ipse
723 2598 841 2656 quoque
861 2598 946 2639 suam
965 2583 1082 2640 senten-

58 2671 138 2729 tiam
150 2669 354 2745 proposuerit,
373 2687 392 2727 a
406 2668 531 2728 Neratio
545 2668 719 2727 Aristonem
738 2667 961 2746 interrogatum
979 2669 1082 2745 fuisse,

59 2777 123 2817 non
150 2757 238 2816 illum
265 2756 335 2816 huie
361 2757 531 2817 consulenti
554 2755 746 2833 respondisse
771 2757 845 2816 satis
868 2750 1023 2839 apparet),
1052 2760 1083 2817 et

61 2864 154 2921 saepe
172 2848 294 2905 seoutus
313 2847 369 2905 est.
406 2847 479 2905 haee
498 2845 577 2905 enim
596 2846 751 2923 leguntur:
774 2839 876 2923 ‘idque
896 2850 927 2906 et
945 2845 1082 2906 Aristoni

61 2938 94 2994 et
119 2933 245 2994 Neratio
270 2976 331 2994 ...
355 2928 467 3009 placet’
495 2934 530 2993 D.
553 2937 603 3011 23,
623 2936 653 3011 3,
672 2936 727 3010 20,
756 2927 799 2993 ‘et
822 2935 867 2994 ita
888 2935 1025 2994 Aristoni
1052 2937 1083 2994 et

60 3023 190 3082 Neratio
270 3023 369 3083 visum
388 3017 445 3082 est’
465 3024 498 3083 D.
516 3025 701 3099 35,1,7pr.
721 3022 851 3100 saepius,
870 3024 948 3101 quod
963 3025 995 3082 in
1009 3042 1081 3082 enu-

60 3110 280 3171 merationibus
298 3112 471 3189 frequenter
489 3112 533 3187 fit,
550 3112 650 3171 minor
661 3114 736 3171 natu
751 3111 858 3171 maiori
871 3112 1082 3189 praeponitur:

62 3195 219 3260 ‘Neratius
243 3203 274 3259 et
296 3201 399 3260 Aristo
423 3203 454 3259 et
477 3197 583 3260 Ofilius
606 3194 746 3277 probaut’
771 3200 806 3261 D.
823 3202 874 3278 30,
885 3202 987 3277 45111,
1011 3194 1082 3258 ‘Ne-

62 3290 142 3348 ratio
162 3293 194 3347 11
212 3289 348 3348 Aristoni
366 3282 516 3365 plaoebat’
535 3289 570 3348 D.
584 3291 634 3367 17,
647 3290 674 3362 2,
686 3291 736 3368 62,
755 3283 910 3349 ‘Neratius
930 3294 961 3348 et
980 3289 1083 3347 Aristo

64 3427 71 3439 .
96 3426 102 3437 .
125 3371 248 3454 putant'
277 3378 312 3438 D.
336 3380 388 3455 40,
413 3382 442 3452 7,
467 3380 555 3455 5111,
592 3371 728 3438 ‘oonsilio
764 3377 884 3437 Neratii
921 3377 1016 3436 Prisoi
1053 3379 1084 3435 et

63 3461 228 3526 Aristonis'
259 3465 296 3525 D.
320 3469 376 3544 37,
408 3469 461 3545 12,
486 3469 519 3544 5,
553 3467 634 3541 apud
664 3465 829 3542 Ulpianum
862 3459 993 3539 ‘Labeo,
1023 3465 1082 3523 Ne·

64 3556 161 3616 ratius
189 3558 221 3615 et
249 3549 367 3615 Aristo'
396 3555 432 3614 D.
456 3558 512 3632 28,
536 3558 569 3632 5,
594 3559 627 3632 9,
653 3557 707 3633 14,
742 3555 870 3632 denique
903 3555 936 3613 in
967 3552 1092 3612 Neratii
