2430 3944
121 184 190 249 490
227 184 260 238 V.
278 182 430 239 NERVAE
448 181 496 238 ET
514 181 668 237 TRAIANI
685 181 792 236 ΤΕΜΡ.
810 180 907 236 IURIS
927 178 1111 238 CONSULTI

122 351 333 430 consumptum
365 349 394 411 ei
418 347 503 430 perit
532 347 586 428 poi
617 346 768 424 9099999,
799 345 829 410 si
856 345 945 410 morlo
972 346 1009 410 iri
1035 367 1140 412 rerum

123 441 239 502 notura
270 456 332 501 esse
361 437 466 508 desiit:
500 456 554 500 reo
579 436 698 499 ridetur
725 434 837 498 molier
864 433 1043 516 locupletior
1069 455 1139 514 esse,

122 546 202 607 quoe
223 545 317 606 repre
339 545 360 587 o
382 527 527 590 creditore
548 544 603 589 suo
626 523 753 589 lrloeroto
775 527 820 587 est
840 543 935 604 neque
952 524 989 588 iol
1001 526 1140 606 possidet

121 615 206 698 quod
226 634 263 677 er
280 614 414 695 999999
436 614 498 678 oiri
519 615 657 692 emerat}

213 725 336 784 Pernioe
359 725 406 784 III
428 746 458 802 p.
474 727 546 784 199.

410 897 461 962 De
482 897 640 962 verborum
663 897 852 980 ollipotiope.

215 1013 265 1078 73.
298 1011 336 1076 D.
355 1013 409 1089 46,
429 1013 457 1094 1,
476 1013 527 1076 20.
576 1010 745 1096 Isvolenus
777 1011 861 1076 libro
888 1009 1137 1085 tertioldecimo

123 1101 356 1187 Epistularum.
382 1138 420 1148 -
448 1100 509 1166 Sel
534 1102 590 1166 etsi
616 1101 696 1165 servi
722 1101 865 1166 dominus
887 1103 1057 1182 peeoniom
1080 1101 1137 1168 sol

122 1192 214 1268 verit,
246 1196 376 1272 repetere
407 1211 476 1254 eom
506 1211 570 1254 riori
597 1189 636 1254 ab
663 1210 695 1254 eo
716 1210 777 1272 pro
804 1206 862 1271 ooo
890 1191 1059 1273 pideirossit,
1089 1191 1139 1256 sed
1214 1270 1215 1279 ¹

123 1280 163 1344 ob
185 1300 218 1343 eo
240 1280 291 1344 orei
312 1281 487 1344 numeravit
503 1279 624 1361 poterit,
647 1298 716 1343 som
737 1298 842 1344 soors
858 1279 1071 1360 fideiussionis
1087 1300 1137 1344 ro
1214 1296 1215 1315 ¹

123 1369 206 1432 mirre
234 1368 364 1450 oblipori
388 1388 451 1432 poro
468 1369 575 1449 possit.
620 1369 757 1448 sepultor
779 1387 860 1449 erpo,
888 1372 925 1431 99
945 1367 985 1432 ob
1008 1388 1057 1446 eo,
1079 1388 1136 1451 pro

121 1477 182 1538 quo
203 1457 404 1539 fidelissserot,
426 1459 520 1538 repeti
542 1477 605 1521 999
621 1457 730 1538 possit,
753 1477 823 1520 eom
846 1453 930 1537 ipse1
948 1477 1020 1522 aere
1038 1456 1136 1522 olleno

124 1546 273 1626 oblipotos
299 1547 341 1609 sit
364 1544 588 1609 persolutione
610 1545 736 1608 liberari
757 1547 824 1610 eius
840 1545 993 1626 pecuniae
1015 1547 1138 1611 nomine

118 1634 265 1715 potuerit,
289 1636 376 1698 ouius
399 1634 543 1717 ollipotio
566 1635 609 1699 orl
629 1653 750 1698 serrum
771 1654 834 1698 999
852 1634 1013 1715 pertinuit.

623 1809 639 1874 l

217 1926 267 1990 74.
292 1925 330 1991 D.
347 1928 374 2006 1,
388 1927 418 2007 4,
433 1927 462 1991 3.
504 1925 675 1990 Iavolenus
694 1926 916 2012 Epistularum
934 1926 1022 1991 libro
1043 1927 1135 1993 tertio

123 2015 257 2079 decimo.
284 2052 321 2060 —
348 2015 540 2096 1999999999
566 2016 774 2097 imperatoris,
801 2016 882 2097 qood
905 2036 927 2080 o
949 2017 1136 2083 divinasti

123 2105 193 2168 lieet
213 2105 278 2168 eires
300 2104 491 2186 indrrlpentio
506 2105 720 2188 proficiscitur,
742 2124 836 2186 quom
848 2104 1032 2186 plenissime
1048 2107 1136 2170 inter·

119 2194 241 2275 pretori
263 2193 408 2257 debemus.

213 2304 294 2362 Fieri
325 2306 437 2378 potest,
469 2307 505 2362 ut
531 2304 691 2364 Iavolenus
722 2303 759 2362 de
791 2304 895 2363 eodem
926 2303 990 2364 divi
1018 2304 1134 2364 Traiani

123 2393 266 2451 beneficio
289 2393 443 2452 consultus
466 2393 514 2468 sit,
538 2392 622 2452 ouius
645 2392 799 2451 Aburnius
819 2391 930 2452 Valens
954 2394 1132 2454 mentionem

122 2482 198 2540 facit
220 2481 256 2539 D.
270 2483 323 2556 49,
339 2483 388 2556 14,
404 2484 454 2539 42.

528 2640 637 2724 mser
659 2640 738 2700 xrv.

537 2750 588 2815 De
610 2752 724 2833 tepolis.

215 2865 265 2929 75.
288 2865 327 2929 D.
342 2866 394 2949 35,
412 2868 438 2947 l,
453 2866 505 2930 56.
541 2865 630 2929 Idem
646 2864 703 2950 (sc.
717 2863 906 2954 Iavolenus)
921 2867 1008 2933 libro
1023 2872 1132 2956 quarto

123 2953 249 3018 decimo
263 2953 394 3038 Epistol
362 2977 496 3017 uarum.
515 2990 559 2999 -
577 2954 637 3020 Oui
652 2956 771 3034 furtos
789 2956 906 3038 lepolus
923 2961 977 3040 est,
994 2958 1025 3022 si
1042 2959 1133 3024 orreo

122 3043 240 3106 delerit
241 3092 249 3126 ,
227 3048 456 3125 tporterer
427 3042 522 3123 [9999
552 3045 693 3124 consequi
721 3065 783 3108 riori
804 3049 916 3126 potest,
947 3047 1014 3112 risi
1041 3052 1128 3112 totam

115 3152 231 3214 peroro
221 3133 284 3195 lom
306 3135 500 3196 properasset.
547 3133 656 3197 dissirrr
659 3134 775 3197 illst
731 3138 775 3198 est
796 3153 904 3213 causo,
928 3154 1000 3199 rum
1022 3135 1129 3200 oopus

123 3220 228 3284 eodem
251 3240 299 3284 res
321 3220 375 3284 sub
398 3221 516 3284 coruli
477 3241 570 3284 irione
593 3222 693 3303 lepoto
716 3225 773 3296 est;
803 3222 837 3285 iro
859 3221 918 3286 loo
940 3225 1026 3288 erim
1048 3242 1129 3307 quoo-

122 3310 219 3373 stione
237 3309 342 3373 statim
360 3330 381 3372 o
400 3313 634 3392 tt,restomeno
603 3331 662 3392 qoo
675 3309 822 3392 pluribus
839 3312 978 3378 condicio
996 3312 1129 3396 adposito

197 3487 211 3535 1
230 3481 355 3551 Krreper
369 3498 424 3551 pro
442 3484 474 3536 ut
492 3483 527 3537 ab
546 3500 628 3538 oo-
642 3485 780 3555 cumipse
793 3485 888 3554 potios
902 3486 1046 3557 spineum
1054 3486 1127 3557 potat

120 3553 180 3608 ut
172 3570 266 3628 repro
286 3569 342 3626 quo
360 3552 542 3610 fideiusserst.
