2430 3944
186 191 234 246 IV.
254 190 351 258 QUAE
372 189 538 244 aucum
556 187 661 259 SUNT,
679 187 922 245 PLACUERUNT
940 187 1016 245 ETC.
1045 191 1121 254 579'

428 376 475 435 De
497 376 654 449 usufructu
676 376 776 449 leuato.

184 498 236 561 22.
268 494 307 560 D.
337 497 366 578 7,
398 498 426 577 1,
456 497 485 576 3,
504 496 534 561 2.
566 493 667 559 Gaius
700 493 785 560 libro
818 495 957 560 secundo
989 495 1109 562 Rerum

94 585 173 652 Cott
158 584 355 650 tidianarum
379 585 429 648 vel
452 584 708 648 Aureorum.—
736 581 817 648 Ne
837 585 902 648 ,in
924 584 1124 650 universum·

93 677 163 738 inut
150 675 223 738 tiles
257 677 365 738 essent
395 673 610 756 proprietates
648 693 779 825 semper
812 635 1018 737 abscedente
1034 697 1109 739 usu-

93 764 210 846 fructu,
233 763 367 846 placuit
399 761 495 826 certis
523 761 610 826 modi
637 760 782 846 extingui
810 761 1045 863 usumfructum
1078 768 1111 839 et

55 898 59 905 -
95 852 135 916 ad
160 813 341 936 prbprietat
307 872 393 915 aem
416 851 547 915 reverti

185 941 236 1004 23.
267 937 361 1019 D.7,
386 938 415 1020 1,
438 937 489 1004 56.
524 938 622 1003 Gaius
651 938 734 1003 libro
759 939 897 1023 septimo
922 938 1044 1004 decimo
1069 939 1110 1003 ad

97 1029 240 1093 edictum
268 990 541 1111 provinciale—
568 1027 619 1092 An
643 1026 807 1092 ususfruct
793 1033 845 1092 tus
868 1029 1000 1093 nomine
1024 1029 1109 1094 actio

96 1116 317 1201 municipibus
345 1116 415 1181 dari
439 1116 571 1199 debeat,
604 1116 784 1202 quaesitum
823 1121 873 1180 est
988 1117 1111 1202 placuit

94 1205 234 1270 dandam
262 1226 332 1269 esse
361 1205 530 1269 actionem.
568 1205 653 1268 unde
685 1202 823 1288 sequens
857 1205 1017 1271 dubitatio
1051 1211 1110 1291 est,

95 1315 259 1380 quousque
283 1293 395 1357 tuendi
418 1298 527 1358 essent
548 1295 584 1357 in
616 1315 653 1357 eo
682 1315 743 1358 usu
772 1293 880 1358 fructu
899 1294 1109 1379 'municipes3

95 1392 127 1448 et
155 1384 279 1467 placuit
306 1386 434 1447 centnm
464 1404 566 1447 annos
589 1381 729 1447 tuendos
753 1404 823 1447 esse
846 1383 1024 1467 municipes
1048 1434 1055 1448 .
1076 1433 1110 1449 ..

465 1557 512 1614 Dc
534 1573 616 1616 seruo
639 1557 740 1630 urcio.

184 1675 236 1739 24.
266 1674 306 1740 D.
329 1676 382 1754 30,
405 1675 457 1758 69,
481 1674 577 1740 5.-
605 1674 695 1738 Idem
726 1669 783 1760 (sc
807 1672 921 1757 Gaius)
954 1675 1038 1739 libro
1062 1697 1109 1740 se·

98 1769 200 1830 cundo
225 1765 263 1828 de
287 1765 386 1849 legat
378 1787 405 1828 rs
362 1726 471 1829 tad
492 1764 631 1828 edictum
650 1763 880 1846 praetoria—
838 1760 938 1827 —Si
956 1785 1007 1827 res
1027 1785 1109 1866 quae

95 1853 207 1938 legata
236 1857 285 1917 est
317 1875 359 1917 an
382 1854 417 1917 in
440 1874 547 1916 rerum
571 1857 688 1916 natura
711 1850 755 1915 sit
778 1849 950 1932 dubitetur,
973 1852 1057 1917 forte
1081 1855 1110 1916 si

95 1941 230 2006 dubium
254 1943 305 2022 sit,
329 1964 369 2006 an
393 1941 491 2006 bomo
506 1941 633 2025 legatus
654 1940 751 2018 vivat,
768 1939 892 2022 placuit
909 1937 963 2023 agi
982 1940 1110 2021 quidem

96 2053 134 2095 ex
167 1991 364 2094 testamdnto
392 2052 502 2113 posse,
530 2029 585 2094 sed
609 2029 717 2094 officio
740 1989 855 2092 iudicis
879 2028 1048 2111 contineri,
1072 2036 1110 2092 ut

94 2119 205 2184 cautio
242 2119 511 2202 interponeretur,
543 2140 607 2202 qua
643 2118 736 2181 heres
773 2119 902 2181 caveret
933 2138 1004 2180 eam
1041 2138 1109 2181 rem

95 2212 339 2293 persecuturum
362 2213 403 2290 et,
427 2207 592 2272 sinuatus
617 2207 668 2290 sit,
691 2205 850 2291 legatario
875 2205 1109 2269 restituturum.

419 2382 467 2441 De
490 2383 656 2440 ttbcruttoue
678 2381 780 2455 leuato.

186 2491 250 2557 25?
274 2491 312 2558 D.
325 2492 381 2576 34,
400 2493 430 2571 3,
445 2493 521 2576 3pr.
545 2479 706 2574 Ulpianus
724 2490 808 2554 libro
822 2488 997 2553 vicensimo
1011 2489 1109 2553 tertio

89 2583 138 2646 ¹ad
172 2578 336 2672 Sabinum.
365 2618 409 2629 —
440 2580 679 2648 Liberutionem
712 2578 851 2643 debitori
878 2599 974 2661 posse
1006 2577 1110 2663 legari

94 2671 161 2735 iam
185 2673 309 2735 certum
334 2673 392 2734 est.

444 2793 494 2858 Dc
515 2757 763 2874 fideicommissis.

186 2910 238 2974 26.
277 2906 347 2974 Gai.
372 2909 400 2993 2,
424 2909 499 2973 288.
523 2944 565 2953 -
590 2957 618 2972 ..
643 2927 765 2990 poenae
792 2905 923 2970 nomine
951 2906 1016 2969 iam
1043 2926 1109 2970 non

96 2999 267 3064 dubitatur
284 3019 344 3062 nec
366 3019 424 3082 per
446 2996 776 3061 fideicommissum..
798 2994 937 3078 relinqui
960 3015 1064 3078 posse.

434 3165 483 3231 De
507 3165 650 3233 libertate
662 3165 775 3229 relicta.

187 3282 239 3346 27.
272 3280 311 3346 D.
339 3281 393 3365 40,
420 3281 451 3361 4,
481 3281 594 3345 16.-
628 3279 717 3344 Idem
751 3275 808 3365 (sc
831 3274 992 3361 Iulianus)
1025 3277 1108 3341 libro

94 3370 288 3456 trigensimo
308 3375 399 3435 sexto
414 3330 632 3453 Digestorum.
648 3405 691 3415 —
705 3366 805 3433 Situs
823 3367 908 3449 scrip
911 3370 980 3429 tum
999 3365 1108 3428 fuerit:

94 3459 181 3525 cum
224 3458 330 3524 Titius
368 3480 526 3523 annorum
573 3458 708 3542 triginta
746 3457 816 3537 erit,
793 3453 985 3521 ttSichus
1027 3455 1109 3517 liber

95 3552 199 3615 est.o
237 3547 315 3612 fec
339 3547 455 3631 Titius,
479 3549 652 3630 antequam
677 3547 716 3610 ad
744 3566 863 3609 annum
881 3542 1114 3628 trigensimum

847 3646 903 3700 b'l
