2430 3944
149 191 216 256 432
253 189 286 245 V.
305 187 456 245 NERVAE
474 187 521 242 ET
541 186 694 244 TRAIANI
711 186 818 242 ΤΕΜΡ.
836 185 933 242 Ionos
952 184 1132 243 CONSULTI

152 354 260 432 locavi,
290 357 398 435 postea
431 352 562 435 conpari
593 371 656 416 non
681 371 771 433 posse
802 351 934 416 minoris
963 355 1159 416 trecentomm

149 464 220 508 eam
242 441 350 507 vittam
371 446 517 506 constare.
559 441 634 504 data
656 444 758 504 animm
782 440 836 504 tobi
858 443 949 504 mant
970 443 1106 520 centnm,
1127 459 1160 504 ev

71 594 77 601 .
149 533 261 615 qvibvs
289 550 358 595 enm
382 534 507 613 partem
537 529 748 613 impendisses,
778 530 859 593 vetni
890 533 917 592 te
948 548 1026 610 opns
1054 528 1161 610 faeere

150 621 227 701 divi,
249 620 278 685 si
299 639 375 702 opvs
395 618 496 698 faeere
511 619 761 699 perseveraveris,
784 637 822 682 ea
844 617 940 682 iooato
958 622 1057 683 meam
1076 615 1160 702 <vee>

149 729 252 793 apere,
273 713 310 773 nt
327 707 476 789 pertenire
497 705 576 770 miii
596 706 750 788 retiqvnm
771 707 922 772 restituas.

393 891 441 950 De
462 891 635 950 vestimentis
651 890 797 964 potiendis
819 889 927 948 locatis.

243 1001 315 1066 126.
352 999 391 1066 D.
417 999 466 1082 19,
489 1000 519 1081 2,
542 1000 595 1082 60,
617 1000 647 1064 2.
696 998 804 1064 Labeo
833 998 1051 1083 posteriorum
1082 998 1161 1064 libro

151 1091 266 1177 quinto
299 1113 317 1153 a
348 1087 500 1154 Iavoleno
533 1091 583 1173 epi
586 1095 861 1157 tn-omvborum
897 1088 1086 1154 Vestimenta
1113 1092 1163 1152 tna

148 1180 229 1263 fatto
245 1178 385 1280 perdidit
408 1182 436 1242 et
458 1177 546 1242 tabes
568 1179 649 1242 nnde
666 1183 756 1260 petas
777 1197 832 1241 nee
848 1181 978 1260 repetere
996 1177 1053 1242 vis
1099 1177 1163 1260 opis

151 1265 250 1334 nitido
277 1268 381 1332 minos
408 1286 446 1331 ev
472 1266 567 1332 ioeato
594 1287 663 1331 enm
688 1266 819 1350 fnttom,
846 1267 899 1331 sed
918 1266 1053 1331 indicem
1077 1266 1164 1332 oesti

152 1362 326 1436 matnrnm,
353 1377 396 1443 on
417 1356 521 1436 possis
547 1357 692 1421 adversos
717 1355 818 1435 forem
841 1354 941 1438 mapis
964 1375 1055 1438 apere
1078 1359 1108 1420 et
1128 1353 1164 1420 ab

152 1468 185 1512 eo
213 1450 282 1509 tnos
308 1463 358 1509 res
380 1445 519 1526 oonseqni
538 1444 669 1526 sotionis
691 1445 826 1509 oiddioet
847 1443 1037 1526 snmptrbns;
1065 1444 1120 1508 sed
1138 1443 1165 1508 si

153 1623 209 1688 tobi
241 1622 463 1776 optigtdemoabit,
494 1626 564 1687 toas
595 1627 697 1687 antem
728 1622 861 1686 aetiopes
891 1625 919 1686 te
949 1621 978 1686 ei
1003 1625 1166 1701 praestare

150 1731 254 1792 oompe
305 1761 312 1775 .

569 1866 677 1926 Liber
700 1865 752 1924 VI.

516 1985 566 2051 De
588 1984 796 2051 commodato?

245 2103 318 2168 127.
340 2099 379 2167 D.
394 2102 423 2184 9,
438 2103 467 2183 2,
483 2102 536 2168 57.
570 2101 741 2166 Iavolenus
759 2100 843 2165 libro
863 2102 953 2164 sexto
974 2121 1012 2164 ex
1029 2100 1164 2183 posteri·

154 2192 264 2257 oribus
287 2190 457 2256 Labeonis.
484 2227 519 2238 —
546 2190 674 2272 Eqronm
696 2190 751 2254 tobi
774 2189 970 2254 commodavi.
1016 2189 1053 2253 in
1077 2209 1110 2254 eo
1133 2193 1165 2253 tn

153 2302 222 2346 onm
245 2281 395 2361 equitares
418 2285 446 2344 et
465 2301 531 2344 nova
553 2279 721 2361 complores
743 2278 927 2358 eqnitarmt,
951 2296 1034 2343 unns
1058 2298 1097 2342 ev
1118 2277 1166 2342 itis

154 2370 249 2434 imnit
265 2370 301 2432 in
318 2388 428 2449 eanom
447 2373 530 2450 teqm
547 2369 654 2433 deiecit
670 2371 699 2430 et
719 2387 752 2430 eo
775 2386 847 2432 aoso
865 2386 958 2430 orma
976 2369 1047 2448 eqni
1063 2367 1166 2448 fracta

153 2461 232 2522 sont.
282 2457 383 2520 Labeo
410 2462 501 2539 nepot
528 2463 623 2521 neom
649 2456 748 2520 attam
775 2455 924 2520 actionem
951 2473 1027 2541 esse,
1058 2456 1115 2521 sed
1139 2456 1166 2520 si

152 2546 263 2627 eqnitis
289 2546 380 2626 onim
404 2546 522 2625 faotnm
549 2550 635 2627 esset,
667 2565 736 2609 mm
763 2545 876 2626 eqnite;
905 2563 979 2608 sano
1006 2565 1071 2609 non
1099 2564 1165 2610 oum

153 2635 224 2715 eqni
246 2634 368 2698 domino
391 2635 444 2716 api
459 2655 558 2716 posse.
602 2654 708 2698 oernm
724 2637 810 2715 pnto.

547 2810 597 2876 De
619 2809 773 2893 deposito?

246 2927 316 2991 128.
345 2925 384 2991 D.
400 2927 450 3009 16,
465 2927 494 3009 3,
508 2927 560 2993 33.
601 2926 710 2990 Labeo
734 2924 818 2989 libro
839 2929 929 2990 sexto
949 2925 1163 3008 posteriorum

154 3037 175 3080 a
193 3013 343 3079 Iavoleno
362 3016 619 3099 epitomatorum.
639 3050 682 3061 -
700 3013 813 3080 Servvs
831 3019 902 3078 tems
915 3015 1086 3096 peonniam
1098 3033 1164 3081 anm

153 3105 241 3170 Attio
263 3105 299 3168 in
320 3110 468 3187 sequestre
490 3106 627 3186 deposuit
645 3105 731 3185 apnd
747 3102 910 3167 Moevinm
928 3123 966 3168 ea
983 3105 1164 3182 oondioione,

152 3198 189 3258 nt
206 3213 242 3257 eo
259 3193 315 3257 tibi
332 3195 514 3275 redderetnr,
531 3194 560 3258 si
578 3198 664 3257 tnam
682 3212 743 3257 esse
754 3192 933 3275 probassem
952 3192 982 3256 si
1000 3194 1116 3276 minos,
1133 3196 1165 3257 vt

154 3282 242 3346 Attio
264 3284 446 3348 redderetur.
480 3283 655 3364 possediat
672 3301 742 3346 enm
759 3301 801 3364 eo,
819 3281 905 3363 apnd
921 3301 1012 3362 qoem
1031 3282 1164 3364 deposita

153 3376 237 3454 esset,
254 3372 363 3436 incerti
380 3368 495 3453 apere[,
517 3371 553 3434 id
568 3375 613 3435 est
630 3371 674 3435 ad
689 3368 932 3453 eoniomoome]
952 3374 980 3434 et
998 3371 1163 3436 exhibitam

151 3460 323 3541 vindicare,
350 3461 424 3541 qvia
451 3479 555 3524 servos
581 3460 616 3523 in
643 3459 816 3542 deponendo
844 3463 932 3522 tunm
958 3459 1010 3525 ins
1037 3460 1163 3525 deterim

146 3547 254 3630 faeere
275 3569 339 3614 non
357 3548 511 3633 potuisset.
