2430 3944
133 189 198 254 328
235 188 268 243 V.
286 187 437 243 NERVAE
456 186 504 241 ET
522 184 676 241 TRAIANI
692 184 801 240 ΤΕΜΡ.
819 184 916 240 IURIS
936 182 1119 241 CONSULTI

132 353 205 419 loco
243 373 306 437 quo
338 350 418 416 facti
449 349 636 436 ignorantia
666 348 780 414 haberi
812 348 956 432 debebit,
992 369 1065 414 cum
1095 348 1148 413 ius

132 441 262 506 finitum
295 444 327 504 et
358 439 465 525 possit
497 461 566 504 esse
595 441 628 504 et
654 438 784 523 debeat,
815 437 894 503 facti
921 437 1149 522 interpretatio

137 531 328 615 plerumque
351 529 449 594 etiam
473 527 741 612 prudentissimos
764 526 867 592 fallat

548 727 659 787 Liber
681 727 733 788 VJ.

428 828 477 894 Dc
499 830 649 912 emptione
670 828 851 895 venditione.

223 938 275 1004 48.
302 935 342 1002 D.
361 936 415 1020 21,
433 937 463 1017 2,
482 936 536 1001 48.
582 934 736 1001 Neratius
763 934 848 1000 libro
874 939 965 1000 sexto
989 933 1150 999 Membra·

135 1049 259 1092 narum.
281 1061 327 1073 -
350 1023 432 1093 Cum
456 1024 573 1089 fundus
597 1023 659 1088 ‘uti
681 1024 822 1109 optimus
844 1024 1067 1108 maximusque
1087 1021 1151 1088 est'

136 1118 264 1200 emptus
292 1118 344 1179 est
372 1118 405 1179 et
432 1114 566 1179 alicuius
595 1112 761 1178 servitutis
789 1111 911 1178 evictae
939 1114 1069 1178 nomine
1094 1112 1150 1176 ali-

138 1204 215 1289 quid
239 1206 366 1289 emptor
389 1225 408 1267 a
432 1201 599 1267 venditore
623 1205 814 1267 consecutus
837 1205 897 1286 est,
922 1201 1036 1266 deinde
1058 1204 1150 1265 totus

136 1292 256 1358 fundus
276 1291 444 1375 evincitur,
464 1291 505 1356 ob
525 1312 597 1355 eam
616 1290 807 1356 evictionem
825 1290 857 1356 id
877 1289 1039 1375 praestari
1055 1290 1153 1354 debet

137 1381 224 1466 quod
247 1402 286 1445 ex
309 1380 408 1464 duplo
431 1380 592 1465 reliquum
616 1382 681 1463 est3
703 1401 782 1444 nam
805 1380 834 1444 si
858 1379 947 1444 aliud
966 1378 1152 1444 observabi-

139 1493 224 1553 mus,
248 1469 459 1535 servitutibus
483 1467 645 1552 aliquibus
670 1470 703 1532 et
724 1489 800 1533 mox
821 1467 1022 1552 proprietate
1046 1467 1154 1532 evicta

140 1558 279 1642 amplius
294 1558 392 1641 duplo
406 1560 532 1640 emptor
543 1557 668 1640 [quam]
680 1556 795 1640 quanti
805 1556 884 1622 emit
894 1559 1154 1641 consequeretur.

500 1715 551 1783 De
573 1717 642 1783 iure
663 1717 789 1783 dottam.

229 1822 283 1889 49.
305 1819 345 1886 D.
364 1820 416 1900 25,
437 1824 466 1900 1,
485 1821 537 1888 16.
576 1819 668 1889 Idem
691 1818 750 1906 (sc.
768 1817 937 1908 Neratius)
956 1821 1042 1887 libro
1061 1826 1154 1887 sexto

141 1911 414 1976 Membranarum.
428 1946 471 1958 -
485 1909 532 1976 Et
545 1913 622 1975 ante
636 1911 747 1975 omnia
761 1931 980 1995 quaecumque
989 1910 1156 1994 impensae

143 1998 399 2084 quaerendorum
417 1999 582 2064 fructuum
602 2020 700 2063 causa
717 1999 822 2065 factae
837 2004 939 2080 erunt,
957 2019 1157 2083 quamquam

142 2089 273 2155 eaedem
300 2089 398 2152 etiam
426 2087 552 2153 colendi
576 2109 674 2153 causa
696 2088 779 2152 fiant
800 2088 937 2172 ideoque
960 2087 1027 2154 n'on
1050 2089 1157 2152 solum

143 2178 184 2242 ad
214 2176 438 2263 percipiendos
464 2175 603 2258 fructus,
630 2176 686 2241 sed
714 2177 813 2242 etiam
837 2177 877 2242 ad
900 2177 1157 2242 conservandam

141 2268 248 2351 ipsam
275 2287 343 2330 rem
372 2265 576 2350 speciemque
603 2265 672 2331 eius
697 2266 897 2331 necessariae
921 2267 999 2349 sint,
1027 2286 1082 2329 eas
1107 2266 1158 2330 vir

141 2378 180 2420 ex
208 2376 267 2420 suo
292 2353 372 2418 facit
394 2375 453 2419 nec
476 2354 576 2419 ullam
599 2353 700 2420 habet
724 2376 761 2419 eo
785 2355 916 2419 nomine
940 2376 980 2417 ex
1003 2355 1078 2419 dote
1103 2352 1155 2418 de·

140 2443 335 2509 ductionem.

558 2530 609 2596 De
630 2531 739 2604 tuate.

231 2638 284 2703 50.
311 2635 350 2701 D.
372 2638 423 2721 12,
442 2637 472 2721 6,
490 2638 543 2703 41.
588 2636 741 2703 Neratius
767 2637 852 2703 libro
880 2643 971 2704 sexto
995 2637 1151 2703 Membra·

143 2749 268 2792 narum.
290 2762 328 2772 -
350 2724 443 2802 Quod
461 2726 605 2810 pupillus
624 2727 694 2791 sine
712 2727 832 2792 tutoris
848 2727 1041 2793 auctoritate
1055 2727 1151 2811 stipu-

143 2816 227 2880 lanti
246 2815 435 2898 promiserit
453 2815 596 2904 solverit,
618 2816 770 2901 repetitio
790 2819 848 2900 est,
867 2816 943 2901 quia
961 2837 1020 2881 neo
1038 2819 1152 2880 natura

144 2904 248 2969 debet.

440 2991 491 3058 Dc
511 2992 688 3058 hereditatis
706 2993 858 3074 petitione.

234 3099 286 3164 51.
313 3097 353 3164 D.
372 3099 425 3183 37,
446 3100 497 3184 10,
516 3099 546 3164 9.
591 3097 745 3164 Neratius
773 3100 858 3165 libro
881 3102 971 3165 sexto
994 3099 1152 3165 Membra-

144 3210 270 3253 narum.
300 3224 338 3235 -
369 3186 461 3264 Quod
488 3187 598 3254 Labeo
632 3189 759 3272 scribit,
791 3189 939 3274 quotiens
969 3189 1152 3272 suppositas

146 3298 216 3341 esse
245 3277 362 3342 dicitur
383 3276 542 3363 pupillus,
569 3298 640 3341 cum
665 3299 728 3363 quo
752 3277 790 3341 de
814 3278 916 3361 patris
941 3279 1008 3342 eius
1032 3277 1151 3343 heredi-

146 3370 214 3431 tate
238 3365 457 3430 controversia
480 3368 543 3446 est,
571 3387 682 3431 curare
706 3369 888 3451 praetorem
911 3366 1042 3445 debere,
1071 3369 1107 3430 ut
1127 3369 1151 3430 is

146 3454 182 3518 in
205 3453 411 3538 possessione
434 3452 490 3535 sit,
513 3454 551 3517 de
572 3476 609 3519 eo
628 3458 708 3539 puto
728 3477 799 3519 eum
819 3456 904 3520 velle
922 3456 1080 3541 intellegi,
1103 3454 1152 3539 qui

143 3547 223 3628 post
246 3545 383 3607 mortem
406 3543 508 3627 patris
532 3541 683 3629 familiae,
705 3545 760 3628 qui
784 3565 818 3609 se
843 3546 912 3610 sine
935 3543 1048 3611 liberis
1070 3544 1151 3608 deoe·
