2430 3944
339 193 364 242 4.
386 187 417 242 L.
435 185 621 242 NERATIUS
639 185 787 242 Pnlsous
1000 185 1066 251 303

145 349 214 416 25¹³.
240 349 280 416 D.
295 351 348 434 47,
363 350 394 435 9,
408 351 437 417 8.
472 348 626 414 Neratius
650 349 733 414 libro
760 350 899 415 secundo
922 349 1065 436 Respon-

55 461 177 504 sorum.
200 475 242 485 -
267 438 361 503 Ratis
390 438 423 504 vi
450 438 592 502 fluminis
615 438 650 503 in
673 459 787 522 agrum
810 460 916 503 meum
940 439 1066 504 delatae

54 527 263 612 <tollendae>
279 548 346 593 non
365 527 459 592 aliter
477 529 672 611 potestatem
687 526 748 593 tibi
761 526 951 611 faciendam,
970 550 1065 613 quam

56 617 85 681 si
108 616 148 681 de
171 616 348 699 praeterito
372 637 500 700 qnoque
524 615 641 681 damno
665 615 745 680 mihi
767 616 916 683 cavisses.

144 704 211 770 25⁰.
230 704 270 768 D.
280 703 334 788 39,
347 705 378 789 2,
392 705 413 769 9
438 705 467 770 3.
499 703 658 788 Ulpianus
673 705 757 769 libro
772 705 1066 790 quinquagensimo

54 795 153 859 tertio
178 793 219 857 ad
241 793 382 858 edictum
404 755 454 881 (P.
476 791 584 878 1273).
611 830 652 840 -
676 791 851 859 Neratius.
866 842 874 859 .
889 793 1014 874 scribit,
1037 793 1066 857 si

53 884 136 947 ratis
159 883 194 946 in
215 902 330 967 agrum
349 904 456 947 meum
474 883 508 946 vi
526 881 667 946 fluminis
687 881 795 946 delata
813 882 866 966 sit,
887 904 952 947 non
972 882 1067 947 aliter

54 971 116 1035 tibi
139 974 337 1055 potestatem
360 970 497 1036 tollendi
519 969 714 1050 faciendam,
739 993 835 1056 quarn
860 971 889 1035 si
913 971 950 1036 de
973 991 1066 1055 prae·

54 1059 154 1126 terito
178 1080 305 1144 quoque
328 1059 446 1125 damno
470 1058 551 1124 mihi
573 1059 723 1124 cavisses.

468 1241 577 1301 Liber
599 1241 654 1300 III.

146 1348 236 1408 Dorta
257 1349 347 1408 buius
370 1348 441 1407 libri
462 1347 632 1426 fragmenta
654 1366 714 1408 non
736 1349 906 1409 traduntur.

283 1508 470 1568 Incertorum
493 1508 639 1566 librorum
661 1507 839 1584 fragmenta.

428 1608 479 1674 De
501 1610 695 1674 testamentis,

146 1717 199 1782 26.
230 1715 270 1780 D.
294 1715 347 1799 35,
372 1717 401 1798 1,
424 1716 501 1799 6,1.
551 1714 749 1799 Pomponius
781 1716 864 1782 libro
895 1717 992 1782 tertio
1026 1718 1066 1782 ad

57 1804 215 1871 Sabinum
247 1801 296 1891 (P.
314 1800 404 1890 423).
436 1839 473 1852 -
503 1801 538 1868 si
570 1825 679 1868 servos
712 1808 818 1869 certos
851 1805 924 1889 quis
956 1827 1067 1871 manu-

26 1926 35 1945 ·
57 1894 212 1977 misisset,
231 1893 325 1958 heres
345 1914 416 1957 esse
432 1894 539 1957 iussus
558 1895 636 1958 erat.
664 1893 853 1976 quibusdam
873 1915 910 1958 ex
925 1893 977 1958 his
992 1901 1067 1960 ante

56 1983 196 2049 mortuis
219 1981 372 2047 Neratius
399 1981 568 2065 respondit
590 1981 682 2045 defici
705 2003 778 2046 eum
802 1981 985 2067 condicione
1008 2005 1068 2048 nec

57 2071 268 2152 aestimabat,
290 2091 403 2152 parere
425 2073 538 2154 posset
560 2069 742 2135 condicioni
765 2091 824 2134 nec
845 2091 895 2134 ne.

368 2217 416 2276 Dc
436 2218 601 2278 tarditatis
623 2218 757 2277 aditione.

148 2318 214 2383 27?
247 2318 285 2384 D.
304 2318 357 2399 39,
375 2319 405 2401 6,
423 2319 475 2384 21.
525 2316 615 2383 Idem
645 2315 701 2403 (sc.
723 2314 881 2402 Iulianus)
910 2317 995 2383 libro
1019 2339 1067 2383 se-

57 2407 164 2474 cundo
198 2407 237 2471 ad
264 2405 414 2472 Urseium
441 2406 603 2472 Ferocem.
634 2441 671 2453 —
701 2405 786 2470 Eum
817 2408 872 2490 qui
899 2410 937 2471 ut
965 2406 1068 2471 adiret

56 2497 273 2561 hereditatem
299 2496 469 2580 pecuniam
492 2496 680 2579 accepisset,
706 2495 865 2579 plerique,
892 2495 1067 2579 inquibus

57 2585 192 2650 Priscus
212 2606 346 2670 quoquc,
364 2583 597 2668 responderunt
616 2586 729 2648 mortis
746 2605 930 2649 causacum
945 2605 1066 2667 capere.

474 2725 521 2790 De
544 2725 657 2809 tepolis.

320 2837 368 2896 Dc
389 2839 577 2898 instrumento
599 2837 685 2910 funda·
708 2837 807 2912 lcpato.

148 2938 215 3005 28?
253 2938 290 3003 D.
310 2939 362 3021 33,
383 2939 411 3019 7,
432 2940 484 3020 18,
503 2939 532 3003 2.
584 2937 704 3002 Paulus
739 2938 824 3003 libro
856 2938 994 3003 secundo
1028 2938 1068 3003 ad

58 3027 230 3093 Vitellium
249 3024 296 3111 (P.
311 3023 423 3114 2070).
441 3026 630 3092 -Asinam
650 3024 883 3090 molendariam
901 3031 933 3091 et
947 3026 1068 3092 molam

58 3121 161 3203 negat
183 3115 336 3181 Neratius
360 3117 575 3180 instrumento
598 3114 688 3180 fundi
712 3115 877 3180 contineri.

264 3263 311 3322 Dc
333 3263 468 3322 tabernac
491 3264 650 3338 carponius
670 3264 868 3322 luctamenta.

149 3367 202 3432 29.
231 3346 268 3429 D.
289 3365 340 3447 33,
361 3364 389 3448 7,
410 3365 504 3446 13pr.
550 3362 670 3427 Paulus
698 3363 781 3426 libro
811 3367 925 3446 quarto
950 3361 990 3426 ad
1013 3360 1069 3426 Sa·

61 3455 172 3521 binum
197 3454 246 3542 (P.
268 3451 376 3538 1670).
402 3488 440 3498 -
465 3451 631 3516 Tabernae
655 3452 829 3537 cauponiae
852 3451 1067 3515 instrumento

61 3544 170 3630 legato
204 3544 303 3609 etiarn
334 3541 501 3606 institores
529 3541 686 3606 contineri
713 3539 867 3604 Neratius
895 3539 1074 3604 existimat.
