2430 3944
152 153 217 219 184
229 152 278 209 111.
289 151 366 208 unu
376 151 525 209 CLAUDII
533 149 670 208 NERON.
680 151 828 208 GALBAD
836 151 943 208 TnnP.
953 149 1052 207 lUItIS
1062 149 1165 208 CONS.

150 316 341 400 exusserint,
362 315 447 380 libro
465 313 497 380 X
515 312 650 380 Urseius
668 313 768 379 refert
786 311 941 380 Sabinum
959 313 1166 396 respondisse

150 405 223 491 lege
241 403 373 490 Aquilia
391 424 557 469 servorum
575 402 706 468 nomine
725 402 893 469 dominum
913 403 1025 467 noxali
1043 402 1165 470 iudicio

150 493 414 575 conveniendum,
437 514 476 557 ex
493 493 600 557 locato
620 495 728 558 autem
747 491 914 557 dominum
932 491 1036 557 tenori
1055 497 1165 577 negat

149 580 307 649 Proculus
338 585 446 646 autem
477 580 657 665 respondit,
689 601 764 648 oum
795 580 903 647 coloni
935 579 1020 645 servi
1051 580 1166 645 villam

150 671 348 754 exusserint,
378 671 529 736 colonum
560 668 612 734 rel
645 690 684 734 ex
714 669 822 734 locato
851 669 1001 754 rellego
1030 667 1165 754 Aquilia

150 761 269 843 teneri,
296 759 403 824 itaut
430 759 564 824 colonus
587 778 698 823 servos
720 761 834 841 posset
855 779 959 823 noxae
983 757 1107 840 dedere,
1131 760 1165 822 et

150 849 178 917 si
208 870 272 915 uno
296 847 415 913 iudicio
437 868 490 912 res
513 849 600 911 essct
620 844 779 932 iudicata,
807 848 910 913 altero
934 846 1073 930 amplius
1096 868 1166 911 non

43 975 47 981 ·
150 937 321 1021 agendum.

152 1038 156 1045 ’
238 1041 305 1108 361).
328 1041 367 1106 D.
381 1042 412 1125 9,
425 1042 455 1124 2,
470 1041 522 1125 27,
535 1041 585 1105 11.
617 1040 779 1125 Ulpianus
798 1041 882 1107 libro
902 1043 1017 1106 octavo
1037 1039 1163 1106 decimo

149 1131 189 1196 ad
219 1131 367 1196 edictum.
389 1129 603 1195 -Proculus
632 1129 691 1214 ait,
719 1150 792 1194 cum
816 1129 922 1195 coloni
945 1129 1029 1194 servi
1051 1130 1163 1194 villam

150 1220 361 1303 exussissent,
394 1220 542 1284 colonum
569 1217 621 1282 rel
649 1239 688 1282 ex
714 1218 823 1283 locato
851 1218 903 1282 vel
929 1218 1003 1304 lege
1031 1217 1167 1301 Aquilia

149 1308 266 1387 teneri,
293 1309 341 1373 ita
368 1309 404 1372 ut
429 1307 563 1372 colonus
585 1306 691 1391 possit
713 1327 824 1372 servos
848 1327 950 1372 noxae
973 1305 1104 1390 dedere,
1132 1310 1167 1371 ct

150 1398 179 1461 si
205 1418 269 1462 uno
297 1396 415 1461 iudicio
438 1416 489 1460 res
513 1399 599 1460 esset
620 1394 775 1479 iudicata,
803 1395 906 1460 altero
935 1395 1074 1478 amplius
1097 1416 1167 1459 non

150 1484 347 1586 agendum..
374 1483 450 1585 sed,
468 1483 547 1549 hacc
578 1483 639 1568 ita,
654 1483 719 1636 hsib
735 1483 830 1636 culp}
862 1484 995 1590 colonus
1027 1486 1166 1586 careret,

149 1578 354 1742 trith&
376 1593 627 1726 ‘33:335th
676 1577 781 1725 ,adep
793 1592 1168 1726 331ᾛέἷέῗῖἓέ

148 1750 382 1834 inquilinorum
403 1748 529 1815 insulae
551 1770 707 1833 personas
730 1747 851 1814 scribit.

239 1857 293 1921 37.
320 1855 360 1921 D.
381 1856 432 1936 18,
450 1856 480 1935 6,
500 1855 551 1921 13.
572 1855 623 1921 14.
669 1854 788 1920 Paulus
816 1854 902 1920 libro
929 1855 1027 1920 tertio
1051 1853 1167 1920 Alfeni

153 1943 381 2028 Epitomarum
407 1940 457 2032 (P.
471 1941 531 2031 52)
559 1948 592 2008 et
617 1943 764 2008 Iulianus
790 1943 875 2009 libro
903 1944 1001 2008 tertio
1034 1943 1076 2008 ad
1103 1943 1167 2011 Ur·

151 2035 254 2099 seium
285 2032 439 2102 Ferocem
472 2029 525 2119 (P.
543 2033 633 2118 910).
660 2068 705 2081 —
731 2030 849 2097 Lectos
882 2036 1009 2116 emptos
1041 2032 1168 2117 aedilis,

150 2144 224 2187 cum
250 2122 286 2187 in
309 2123 360 2187 via
382 2122 514 2206 publica
535 2122 637 2206 positi
659 2125 775 2204 essent,
804 2121 953 2186 concidit
998 2120 1026 2185 si
1050 2122 1167 2187 traditi

151 2215 261 2276 essent
297 2210 437 2295 emptori
473 2214 530 2274 aut
571 2231 629 2293 per
666 2231 738 2274 eum
776 2210 921 2274 stetisset
957 2230 1020 2294 quo
1058 2211 1166 2275 minus

150 2301 367 2382 traderentur,
391 2298 547 2382 emptoris
570 2299 750 2382 periculum
774 2318 844 2362 esse
866 2298 980 2378 placet
1000 2297 1006 2382 Ι
1027 2319 1166 2383 eumque

67 2461 69 2469 ,
151 2411 224 2454 cum
244 2387 349 2472 aedili,
368 2387 397 2451 si
415 2388 448 2450 id
466 2408 534 2451 non
552 2387 622 2451 iure
639 2385 779 2468 fecisset,
797 2386 983 2452 habiturum
1004 2388 1166 2452 actionem

150 2477 231 2561 legis
263 2475 427 2561 Aquiliae,
463 2478 521 2540 aut
555 2478 641 2540 certe
678 2495 751 2539 oum
783 2474 950 2541 venditore
982 2497 1022 2540 ex
1052 2480 1165 2559 empto

151 2564 312 2648 agendum
341 2585 424 2646 esse,
455 2568 491 2628 ut
517 2563 546 2627 is
575 2562 719 2628 actiones
744 2585 834 2647 suas,
861 2585 1037 2648 quassum
1062 2564 1166 2630 aedile

151 2653 334 2735 habuisset,
356 2654 388 2717 si
409 2655 598 2736 praestaret.

313 2845 364 2912 Dc
384 2845 675 2930 interropatc'onibus
696 2847 731 2911 ic
753 2847 822 2911 iure
840 2847 1002 2928 faciendis.

241 2971 294 3036 38.
326 2970 557 3054 1).11,1,18.
607 2969 751 3035 Iulianus
778 2969 862 3035 libro
890 2973 1006 3054 quarto
1034 2971 1075 3035 ad
1103 2969 1165 3035 Ur·

153 3058 254 3123 seium
287 3057 438 3125 Ferocem
471 3056 519 3146 (P.
542 3055 630 3146 923).
666 3093 704 3105 -
739 3057 802 3133 Qui
835 3080 874 3123 ex
904 3063 996 3142 parte
1030 3057 1165 3124 dimidia

152 3147 246 3211 heres
274 3152 345 3212 erat
371 3169 444 3213 cum
471 3149 638 3213 absentem
664 3146 854 3212 coheredem
878 3169 971 3212 suum
995 3146 1165 3213 defendere

153 3236 263 3319 vellet,
293 3240 329 3301 ut
356 3236 576 3302 satisdationis
605 3257 686 3301 onus
713 3235 834 3300 evitare
861 3236 981 3320 possit,
1006 3233 1064 3320 <in
1092 3236 1164 3302 iure

152 3324 395 3410 interrogatus>
430 3325 597 3409 respondit
633 3347 667 3388 se
705 3324 811 3388 solum
843 3323 994 3388 heredem
1028 3345 1098 3389 esse
1131 3328 1164 3388 et

154 3413 385 3478 condemnatus
409 3418 466 3478 est.
500 3414 674 3497 quaerebat
697 3415 796 3496 actor,
819 3433 892 3477 cum
916 3414 986 3497 ipse
1004 3412 1163 3479 solvendo

153 3516 222 3568 non
248 3505 345 3588 esset,
374 3524 415 3567 an
441 3502 578 3567 rescisso
606 3498 771 3584 superiore
793 3500 912 3567 iudicio
935 3502 970 3567 in
992 3523 1081 3587 eum,
1108 3501 1163 3586 qui
