2430 3944
475 155 500 210 8.
520 151 695 209 VIVIANUS

464 316 515 382 Dc
530 317 699 399 precario?

159 437 197 496 cl.
215 437 328 496 Iuliani
351 437 463 496 librum
485 437 582 521 XLIX
604 437 638 497 P.
654 441 727 499 671.
744 440 817 498 672.

162 521 213 586 19.
237 520 344 600 D.,43
359 500 515 603 19,1,.6
534 520 694 605 Ulpianus
717 521 802 587 libro
827 525 1091 627 septuagensimis

67 609 111 674 ad
138 610 281 677 edictum
308 606 359 697 (P.
380 571 554 694 1'55'6).-
580 609 796 676 Vivianus.
811 612 896 675 .ait
922 632 1009 695 eum,
1037 614 1093 696 qui

66 702 205 785 propter
231 697 531 764 incommoditatem
560 699 621 763 rivi
645 703 701 763 aut
723 660 911 784 propterea,
939 701 1015 784 quia
1038 701 1093 765 via

66 788 201 873 publica
224 789 408 874 interrupta
431 793 510 871 erat,
533 810 590 871 per
613 789 754 872 proximi
776 789 875 854 vicini
895 810 1009 874 agrum
1029 791 1092 854 iter

65 877 193 962 fecerit,
216 878 364 962 quamvis
385 876 418 940 id
435 877 624 961 frequenter
642 877 729 960 fecit,
752 899 818 943 non
837 876 938 942 videri
958 879 1091 945 omnino

66 987 173 1030 usum.
196 966 307 1050 itaque
320 965 435 1030 inutile
450 987 521 1031 esse
535 966 754 1052 interdictum,
766 988 832 1031 non
843 969 936 1050 quasi
945 969 1092 1051 precario

65 1077 177 1140 usum,
201 1054 258 1119 sed
281 1055 375 1137 quasi
397 1076 457 1119 nec
479 1077 584 1119 usum.

229 1239 257 1297 2.
290 1236 344 1296 Ad
367 1238 526 1298 edictum
549 1238 725 1297 aedilium
748 1238 936 1297 curulium.

361 1357 413 1422 Dc
434 1359 604 1440 mancipiis
626 1359 804 1424 vendundis.

160 1477 189 1537 1.
213 1471 436 1556 Ι).21,1,1,9.
477 1471 640 1558 Ulpianus
660 1473 744 1539 libro
763 1475 869 1558 primo
890 1473 930 1537 ad
950 1474 1092 1539 edictum

67 1561 225 1626 aedilium
243 1561 403 1628 curulium
421 1558 470 1649 (P.
483 1559 608 1648 17602).
625 1598 670 1608 —
686 1562 782 1647 Apud
801 1562 976 1628 Vicianum
995 1586 1093 1648 quae·

66 1651 164 1734 ritur,
201 1651 230 1715 si
267 1672 378 1725 sersus
415 1651 501 1715 inter
537 1650 698 1717 fanaticos
736 1673 803 1716 non
835 1673 963 1736 semper
996 1657 1093 1736 caput

65 1739 208 1804 iactaret
227 1743 261 1803 et
279 1739 389 1825 aliqua
406 1739 553 1824 profatus
573 1746 668 1824 esset,
687 1762 728 1805 an
746 1740 849 1804 nihilo
869 1746 978 1805 minus
993 1763 1092 1806 sanus

66 1828 244 1892 videretur.
289 1832 323 1893 et
350 1828 398 1893 ait
421 1827 578 1894 Vivianus
606 1828 711 1894 nihilo
737 1830 843 1894 minus
865 1829 954 1895 huno
977 1851 1092 1895 sanum

66 1938 154 2000 esse3
191 1938 296 2001 neque
329 1917 416 1982 enim
448 1939 523 2001 nos,
557 1918 678 2002 inquit,
711 1917 810 1982 animi
842 1918 932 1982 vitiis
965 1917 1093 1984 minus²

66 2005 197 2090 aliquos
221 2028 319 2070 sanos
342 2028 413 2072 esse
433 2006 624 2092 intellegere
643 2006 769 2070 debere.
804 2006 958 2090 alioquin,
977 2007 1092 2091 inquit,

64 2094 227 2177 futurum,
248 2099 287 2159 ut
308 2096 343 2160 in
365 2095 495 2160 infinito
518 2096 580 2160 hac
603 2097 730 2160 ratione
754 2094 875 2159 multos
900 2116 997 2159 sanos
1022 2119 1092 2160 esse

65 2203 279 2267 negaremus
306 2188 343 2248 ut
369 2188 449 2268 puta
476 2185 582 2249 levem
610 2182 872 2267 superstitiosum
900 2184 1093 2248 iracundum

66 2276 296 2338 contumacem
318 2277 352 2338 et
376 2274 405 2337 si
428 2296 491 2356 qua
515 2272 636 2337 similia
655 2276 731 2337 sunt
750 2273 850 2337 animi
868 2273 961 2355 vitia3
985 2274 1092 2358 magis

65 2362 156 2426 enim
185 2361 224 2424 de
250 2362 393 2445 corporis
418 2362 573 2446 sanitate,
601 2384 698 2445 quam
722 2361 761 2425 de
785 2361 885 2426 animi
909 2361 996 2425 vitiis
1019 2384 1092 2445 pro-

65 2450 169 2515 mitti.
205 2449 367 2514 interdum
385 2454 505 2532 tamen,
527 2451 643 2534 inquit,
665 2451 783 2515 vitium
801 2451 970 2534 corporale
989 2473 1092 2534 usque

66 2538 109 2603 ad
127 2539 275 2604 animum
294 2539 463 2622 pervenire
482 2545 515 2603 et
534 2562 607 2603 eum
621 2539 750 2621 vitiare,
770 2539 870 2604 veluti
885 2540 1092 2624 contingeret

64 2636 269 2715 percurreret,
292 2628 368 2713 quia
390 2627 425 2691 id
446 2629 475 2692 ei
494 2650 533 2692 ex
552 2627 697 2693 febribus
717 2628 880 2693 acciderit.
917 2629 994 2712 quid
1014 2651 1091 2714 ergo

66 2717 142 2780 est?
181 2717 310 2800 siquid
334 2717 378 2781 sit
401 2717 501 2781 animi
524 2717 640 2781 vitium
663 2717 740 2800 tale,
762 2723 799 2780 ut
821 2717 854 2781 id
878 2739 897 2780 a
921 2718 1089 2782 venditore

65 2804 176 2890 excipi
209 2809 375 2890 oporteret
405 2827 509 2890 neque
541 2806 574 2869 id
606 2806 756 2871 venditor
788 2828 861 2871 cum
895 2807 993 2871 sciret
1020 2829 1093 2892 pro-

66 2895 267 2971 nuntiasset,
291 2915 330 2958 ex
353 2899 462 2978 empto
487 2917 560 2958 eum
582 2897 695 2959 teneri.

159 2984 189 3048 2.
222 2981 353 3047 D.ibid
368 2983 523 3064 §10—
548 2982 640 3048 Idem
668 2983 824 3048 Vivianus
854 2985 914 3066 ait,
944 2986 1090 3068 quamvis

65 3072 245 3154 aliquando
278 3073 350 3156 quis
380 3072 466 3138 circa
492 3073 570 3138 fana
597 3072 736 3138 becchet
721 3075 773 3136 tus
803 3073 846 3136 sit
873 3077 907 3137 et
933 3094 1092 3158 responsa

64 3160 259 3244 reddiderit,
295 3165 418 3244 tamen,
451 3163 479 3226 si
511 3182 595 3226 nunc
626 3161 689 3226 hoc
720 3183 787 3225 non
818 3160 932 3243 faciat,
964 3162 1090 3226 nullum

64 3250 185 3314 vitium
203 3271 288 3332 esse3
311 3270 415 3334 neque
434 3272 471 3314 eo
490 3250 631 3334 nomine,
655 3249 740 3334 quod
761 3212 935 3334 aliquandi
954 3251 987 3314 id
1005 3250 1091 3331 fecit,

66 3338 156 3403 actio
181 3342 239 3421 est,
263 3339 359 3403 sicuti
383 3340 411 3402 si
435 3337 611 3423 aliquando
635 3337 760 3403 febrem
784 3339 907 3404 habuit.
950 3342 1091 3403 ceterum

66 3428 97 3491 si
122 3426 225 3491 nihilo
249 3429 358 3491 minus
382 3431 587 3512 permaneret
608 3428 642 3490 in
666 3449 704 3492 eo
728 3427 819 3510 vitis,
847 3432 882 3491 ut
905 3427 991 3492 circa
1014 3427 1091 3491 fana

144 3554 158 3600 1
178 3547 225 3602 Fr.
245 3548 338 3602 minus
358 3547 445 3602 animi
464 3547 551 3604 vitiis.
