2430 3944
145 180 213 244 424
248 179 282 236 V.
301 177 450 235 NERVAE
468 179 516 235 ΕΤ
535 177 689 234 TRAIANI
707 177 816 233 ΤΕΜΡ.
834 177 930 233 IURIS
948 176 1131 234 consum

147 343 264 409 iddisti.
284 343 391 408 dmnde
405 342 525 425 Attius,
543 343 594 407 cui
611 362 633 405 a
651 346 678 407 te
696 341 802 406 lteredc
821 339 982 408 Cornelius
1000 342 1160 425 bpaoerat,

146 433 329 515 priusquam
357 433 490 515 lepatcem
515 430 554 496 ab
581 435 712 513 emptore
729 431 908 515 perciperet,
935 430 1059 512 tcfecit
1079 429 1162 495 ltere·

70 592 73 598 ,
146 523 232 587 aa:
254 525 330 585 recte
347 525 425 602 puto
447 540 485 584 ea
507 521 627 584 vendito
650 523 678 584 tc
699 525 842 584 acturam
858 525 894 584 ut
911 519 967 584 cm
980 523 1162 600 praestetur,

147 611 224 692 quia
254 610 320 674 ideo
351 629 385 674 eo
416 609 521 674 minus
550 608 703 674 tarditas
733 609 872 688 venierit,
903 613 939 672 ut
967 608 1002 672 id
1029 608 1163 692 lepatum

143 702 317 780 praestaret
342 702 470 782 emptor,
499 697 743 780 necquicquam
771 697 905 782 intersit,
932 701 1040 761 utum
1067 695 1163 776 Anto,

147 788 202 869 qui
229 790 256 850 te
281 786 418 852 tardem
439 786 556 867 fecerit,
578 786 714 868 pecunia
736 785 836 851 debita
857 786 911 870 sit,
938 806 982 850 an
1004 785 1163 868 lcpatario.

237 876 289 941 90.
312 874 351 940 D.
368 875 418 958 18,
432 875 463 953 4,
478 874 508 959 2,
525 876 575 940 l'l.
616 872 778 957 Ulpianus
792 873 876 938 libro
892 873 1164 959 quadragensimo

147 985 234 1029 nono
262 962 304 1027 ad
327 961 491 1028 Sabinum.
517 999 555 1010 -
582 1011 615 1027 ..
640 963 668 1027 si
695 962 807 1027 funere
830 963 915 1027 facto
938 962 1032 1027 heres
1057 962 1163 1028 vendi·

149 1052 249 1117 disset
278 1051 505 1132 hereditatem,
534 1073 577 1116 an
598 1051 780 1134 impensam
803 1050 925 1115 funeris
949 1051 991 1115 ab
1015 1055 1162 1135 emptore

150 1146 375 1224 consequatur.
408 1143 441 1205 et
461 1139 508 1204 ait
520 1139 628 1205 Labeo
648 1144 824 1224 emptorem
843 1141 1025 1223 impensam
1040 1139 1162 1206 funeris

148 1235 313 1314 praestare
328 1228 452 1311 debere,
471 1229 548 1314 quia
563 1232 595 1292 et
609 1250 656 1312 ea,
674 1228 789 1313 inquit,
804 1227 951 1312 impensa
965 1228 1164 1293 hereditaria

150 1322 244 1400 esset,
267 1317 357 1383 cuius
382 1317 577 1382 sententiam
600 1312 772 1382 Iavolenus
795 1320 890 1400 putat
911 1339 1044 1382 veram.

503 1481 550 1540 Dc
572 1482 664 1555 fundo
686 1483 806 1541 vendito.

240 1583 291 1647 91.
313 1581 351 1646 D.
366 1583 396 1666 8,
412 1586 439 1664 1,
456 1583 506 1647 19.
538 1581 647 1648 Labeo
666 1582 751 1647 libro
772 1585 889 1666 quarto
907 1583 1129 1666 posteriorum
1146 1605 1165 1648 a

150 1670 304 1735 Iavoleno
327 1669 586 1755 epitomatorum.
608 1707 647 1717 —
666 1671 712 1736 Ei
727 1672 834 1756 furcole,
852 1691 940 1753 quem
958 1673 1029 1753 quis
1046 1673 1165 1755 omdat,

149 1761 324 1825 sevitutem
345 1760 479 1846 imponi,
500 1761 579 1825 etsi
600 1759 704 1844 (ipsi)
726 1780 789 1825 nou
811 1759 899 1825 utilis
919 1760 973 1843 sit,
990 1780 1083 1842 posse
1106 1761 1166 1826 eai-

149 1849 250 1931 stimo,
267 1849 360 1914 oeluti
377 1850 406 1914 si
419 1869 534 1930 aquam
547 1849 643 1914 aliem
656 1849 799 1914 deducere
811 1869 874 1914 non
887 1849 1049 1933 expediret,
1067 1849 1165 1915 nililo

150 1939 255 2003 minus
267 1938 411 2003 constitui
419 1958 455 2002 ea
463 1937 594 2002 seruitus
599 1938 713 2019 possit
727 1939 878 2020 quaedam
887 1938 970 2002 euim
981 1937 1165 2003 deducendo

151 2026 261 2091 habac
277 2046 455 2110 possumus,
477 2028 618 2109 quamuis
640 2047 676 2091 ea
698 2027 785 2091 nobis
807 2027 901 2092 utilia
923 2047 986 2090 non
1008 2031 1090 2092 snm.

241 2115 293 2179 92.
317 2114 355 2179 D.
369 2115 418 2197 18,
434 2116 462 2198 1,
478 2116 529 2181 ll.
561 2114 732 2178 Iavolenus
748 2114 831 2179 libro
848 2118 962 2198 quarto
979 2137 1018 2178 ex
1028 2115 1164 2198 posteri-

153 2204 263 2269 oribus
287 2203 454 2268 Labeonis.
477 2241 514 2250 —
537 2203 581 2267 In
604 2205 665 2286 lepe
684 2205 779 2285 fundi
800 2205 955 2269 vendundi
979 2205 1166 2285 lapidicinae

152 2293 186 2358 in
209 2312 242 2357 co
263 2292 361 2372 fundo
382 2293 492 2373 adipue
514 2296 611 2356 essent
630 2297 766 2373 exceptae
783 2297 881 2370 eraut,
903 2297 1016 2375 etpost
1034 2294 1166 2357 multam

153 2383 296 2464 temporis
316 2382 352 2446 in
369 2402 401 2445 eo
417 2382 515 2461 fundo
533 2387 668 2462 repertae
685 2386 774 2445 erant
794 2382 988 2462 lapidicinae.
1025 2402 1079 2447 cas
1097 2402 1166 2464 qam

153 2490 209 2552 que
231 2470 397 2534 venditoris
420 2489 480 2535 esse
500 2469 617 2534 Tubero
639 2471 809 2552 respoudit;
832 2470 933 2534 Labeo
955 2470 1071 2550 referre
1093 2470 1167 2552 quid

152 2563 255 2623 aetam
281 2558 337 2635 sit;
365 2559 394 2623 si
420 2579 484 2623 non
505 2563 668 2640 appareat,
694 2579 757 2623 non
781 2559 879 2624 uideri
905 2579 957 2623 eas
980 2560 1166 2641 lapidicinas

152 2666 215 2712 esse
247 2652 399 2728 coemptas,-
430 2648 582 2712 neminem
612 2649 694 2711 enim
720 2667 774 2712 nec
800 2649 925 2712 vendere
952 2668 1005 2712 nec
1032 2650 1166 2730 eacipere

154 2736 236 2817 quod
256 2756 319 2800 non
341 2736 390 2818 sit,
413 2741 442 2801 et
463 2735 651 2818 lapidicinos
673 2736 778 2801 asellas
801 2756 869 2818 esse,
891 2737 955 2801 nisi
974 2757 1054 2818 quae
1071 2758 1165 2818 appa·

153 2829 222 2888 rent
249 2829 277 2888 et
300 2826 475 2889 caedantur.
512 2824 602 2890 aliter
624 2825 893 2906 interpretantibus
915 2829 1012 2890 totum
1032 2825 1166 2907 fundum

155 2913 398 2995 lapidicinarum
419 2914 493 2994 fore,
515 2915 544 2978 si
564 2913 643 2993 forte
666 2918 725 2979 toto
747 2934 780 2978 co
802 2914 858 2979 sud
882 2919 964 2978 terra
986 2920 1062 2980 esset
1080 2916 1163 2996 lapis.

155 3001 210 3066 loc
226 3002 332 3084 probo.

244 3091 296 3156 93.
328 3088 367 3156 D.
385 3090 436 3173 18,
456 3092 484 3172 1,
505 3090 546 3155 78
561 3112 608 3174 pr.
655 3089 763 3154 Labeo
787 3090 871 3155 libro
895 3096 1009 3174 quarto
1035 3091 1165 3175 posteri·

156 3200 248 3244 orum
268 3179 454 3244 alavoleno
473 3179 734 3262 epitomatorum.
756 3215 793 3225 -
814 3179 956 3244 Fistulas
974 3182 1103 3262 emptori
1120 3200 1164 3244 aa

155 3287 292 3333 masuras
313 3268 349 3332 in
373 3268 433 3350 lcpe
455 3267 568 3332 dietum
591 3273 664 3332 erat.
700 3268 913 3352 quaerebatur,
935 3289 980 3332 an
1002 3269 1164 3348 castellum,

154 3377 191 3421 ea
211 3377 269 3438 quo
282 3356 395 3440 Malis
408 3376 492 3437 aqua
505 3357 670 3440 duceretur,
689 3358 845 3421 accederet.
864 3359 1007 3439 respondi
1020 3376 1164 3440 apparere

155 3445 190 3509 id
211 3449 314 3509 adum
335 3464 406 3519 esse,
429 3449 464 3509 ut
484 3445 520 3508 id
535 3464 651 3526 quoque
669 3446 824 3528 accederet,
848 3446 916 3509 licet
933 3447 1088 3529 scriptura
1104 3464 1162 3510 non

154 3534 333 3598 continetur.
