2430 3944
238 205 272 260 lI.
290 205 533 262 INCERTORUM
552 204 784 261 anTaerna
802 205 850 261 ΕΤ
867 205 974 262 LIBRI.
1047 207 1113 272 535

192 365 258 435 18¹³.
278 368 303 433 I.
318 369 348 450 3,
363 368 392 450 6,
406 370 436 434 4.
454 405 491 414 -
509 418 516 432 .
531 417 538 431 .
553 367 683 451 quidam
697 416 705 433 .
721 417 729 432 .
744 370 955 435 consobrinos
970 392 1024 435 eos
1038 392 1113 454 pro·

97 458 171 543 prie
194 460 314 541 putant
337 457 409 537 (lici,
432 457 487 540 qui
511 479 548 521 ex
572 456 696 522 duabus
716 457 881 523 sororibus
900 479 1114 542 progeneran-

97 552 167 632 tur,
190 547 282 630 quasi
306 546 542 627 consororinos,
565 567 620 610 eos
644 567 733 628 vero,
761 547 815 630 qui
839 568 877 611 ex
901 546 1025 612 duobus
1048 547 1112 611 fra·

96 636 204 701 tribus
227 638 494 720 progenerantur,
522 634 652 718 proprie
675 635 793 699 fratres
816 636 979 717 patrueles
1003 637 1112 701 vocari

97 773 151 789 ...
167 728 201 789 at
219 744 275 788 eos
295 724 350 809 qui
369 745 408 787 ex
426 723 527 788 fratre
541 726 573 786 et
589 745 698 788 sorore
712 728 944 808 propagantur,
959 724 1111 789 amitinos

95 813 228 897 proprie
252 811 324 878 dici.

423 900 473 966 De
494 900 656 966 hereditate
679 901 787 966 liberti.

192 1016 242 1081 19.
266 1014 336 1081 Gai.
352 1018 382 1101 3,
395 1017 493 1100 resq.
520 1053 558 1062 -
584 1014 690 1098 <Filia
705 1065 729 1080 ..
744 1016 874 1099 patroni
946 1021 982 1080 ut
997 1021 1113 1081 contra

95 1104 253 1185 tabulas>
276 1106 463 1168 testamenti
487 1104 595 1168 liberti
619 1103 719 1189 (aut)
747 1105 787 1168 ab
815 1105 970 1169 intestato
999 1110 1112 1169 contra

95 1193 202 1257 filium
226 1193 414 1276 adoptivum
436 1194 488 1258 vel
511 1215 644 1258 uxorem
669 1215 825 1258 nurumve
848 1216 930 1277 quae
953 1194 987 1256 in
1011 1215 1111 1258 manu

96 1280 209 1363 fuerit,
237 1282 395 1346 bonorum
419 1283 658 1365 possessionem
681 1286 787 1365 petat,
811 1282 909 1347 trium
933 1282 1111 1346 liberorum

95 1371 167 1435 iure
186 1370 259 1454 lege
273 1369 376 1455 Papia
394 1372 612 1454 consequitur.
638 1371 737 1435 ..sed
756 1377 794 1434 ut
812 1393 852 1434 ex
864 1371 960 1435 bonis
974 1371 1112 1436 libertae

94 1463 240 1524 testatae
255 1464 409 1541 quattuor
418 1459 536 1524 liberos
546 1459 698 1523 habentis
709 1459 811 1524 virilis
821 1482 897 1544 pars
908 1459 938 1524 ei
948 1459 1113 1538 debeatur,
1138 1476 1140 1480 ⁴

95 1569 137 1612 ne
151 1547 327 1612 liberorum
343 1548 472 1632 quidem
486 1552 556 1612 iure
567 1547 783 1633 consequitur,
796 1553 833 1612 ut
843 1548 973 1634 quidam
983 1551 1110 1632 putant.

188 1635 240 1700 20.
274 1634 343 1701 Gai.
368 1637 398 1715 3,
422 1637 473 1702 64
505 1673 548 1682 -
582 1634 688 1722 (Lupo
722 1640 755 1700 et
786 1636 894 1723 Largo
925 1637 1111 1702 consulibus

95 1728 231 1788 senatus
256 1723 394 1808 censuit,
423 1729 459 1789 ut
486 1725 573 1789 bona
596 1724 786 1790 Latinorum
810 1728 950 1809 primum
975 1725 1016 1790 ad
1039 1747 1111 1791 eum

94 1813 300 1896 pertinerent
319 1814 375 1897 qui
394 1836 450 1878 eos
469 1812 648 1892 liberasset,
667 1812 780 1877 deinde
800 1815 840 1878 ad
859 1814 980 1878 liberos
1000 1835 1111 1878 eorum

94 1923 164 1966 non
177 1901 372 1966 nominatim
390 1902 610 1985 exheredatos,
625 1903 672 1966 uti
688 1902 822 1985 quisque
836 1903 1002 1985 proximus
1017 1908 1112 1986 esset,

95 1993 175 2054 tunc
204 1990 336 2073 antiquo
365 1990 434 2055 iure
462 1990 503 2054 ad
531 1990 664 2055 heredes
692 2011 804 2054 eorum
831 1991 885 2074 qui
907 1990 1113 2076 liberassent,

95 2076 321 2165 pertinerent.)
359 2100 422 2162 quo
442 2083 571 2142 senatus
592 2079 739 2144 consulto
759 2078 888 2162 quidam
907 2076 984 2161 <id>
1003 2082 1111 2142 actum

96 2188 169 2230 esse
211 2171 343 2250 putant,
379 2171 417 2231 ut
457 2169 492 2232 in
532 2169 626 2232 bonis
662 2167 851 2232 Latinorum
895 2167 1005 2230 eodem
1042 2167 1112 2231 iure

96 2260 239 2336 utamur,
263 2277 327 2339 quo
351 2256 472 2320 utimur
495 2257 530 2320 in
551 2256 730 2321 hereditate
753 2257 871 2320 civium
891 2255 1112 2320 Romanorum

95 2344 332 2408 libertinorum.

188 2447 225 2504 ef.
248 2446 325 2519 11,2
350 2467 379 2522 p.
399 2449 471 2506 202.

187 2547 240 2612 21.
268 2547 337 2611 Gai.
357 2550 390 2631 3,
412 2550 462 2613 71.
485 2584 530 2594 -
553 2599 559 2612 .
580 2598 586 2613 .
606 2547 692 2632 <an>
719 2548 759 2612 ad
787 2552 951 2611 maternos
975 2548 1111 2613 Latinos

96 2636 160 2700 hoo
184 2638 499 2701 senatusconsultum
523 2638 683 2720 pertineat
706 2636 879 2721 quaeritur,
902 2637 934 2700 id
955 2640 1004 2701 est
1022 2641 1059 2701 ut
1077 2639 1111 2701 in

95 2725 194 2788 bonis
218 2722 327 2788 Latini
353 2727 491 2788 materni
518 2727 627 2808 potior
655 2726 698 2789 sit
722 2730 878 2808 patronae
901 2726 988 2790 filius
1013 2749 1111 2810 quam

95 2813 192 2876 heres
217 2817 389 2877 extraneus
409 2816 534 2878 matris.
580 2812 692 2879 Cassio
717 2814 848 2897 placuit,
871 2817 1010 2899 utroque
1033 2836 1109 2878 casu

95 2903 206 2966 locum
230 2923 299 2965 esse
319 2903 601 2968 senatusconsulti
634 2902 689 2966 sed
707 2902 804 2966 huius
820 2906 999 2968 sententiae
1014 2904 1110 2987 pleri·

97 3011 159 3075 que
183 2989 385 3073 improbant,
409 2989 484 3073 quia
508 2996 638 3055 senatus
663 2991 701 3054 de
725 2991 775 3055 his
798 2991 909 3056 liberis
932 2992 1015 3055 nihil
1039 3013 1110 3055 sen·

96 3079 174 3161 tiat,
198 3079 254 3162 qui
277 3079 461 3164 ali<en>am
484 3079 642 3143 familiam
667 3086 885 3163 sequerentur.

510 3237 561 3304 De
584 3239 697 3321 tepetis.

304 3359 417 3433 Lepore
440 3360 679 3432 quemadmodum
700 3361 910 3433 relinquantur.

187 3468 239 3533 22.
265 3468 302 3533 D.
317 3467 370 3554 29,
385 3469 414 3552 7,
426 3468 520 3550 14pr.
544 3465 698 3533 Scaevola
711 3470 795 3533 libro
810 3474 926 3533 octavo
941 3467 1110 3544 Quaestio-

97 3579 185 3621 num.
200 3593 244 3603 -
259 3555 395 3632 Quidam
416 3555 567 3642 referunt,
586 3563 746 3641 quantum
764 3559 880 3641 repeto
899 3555 1131 3638 apustius-
