2430 3944
101 185 154 240 m

99 355 138 415 de
166 355 281 417 merda
331 355 403 431 Gur,
431 355 581 432 disait-il,
607 375 647 416 au
673 357 782 417 monde
808 357 860 434 n’y
887 376 906 417 a
932 357 1026 419 liures
1048 361 1119 420 tant

98 444 223 516 δοιὼ,
242 447 313 507 unt
335 450 455 524 urnis,
476 449 546 507 tant
567 445 698 524 elegans,
722 465 837 506 comme
860 449 929 507 sont
950 447 995 507 les
1017 450 1121 510 textos

99 532 140 594 ie
159 534 340 611 Ροιᾱοοὴοος
367 535 445 595 mais
465 534 499 595 la
518 535 649 595 brodure
673 535 808 613 d'iceulx,
831 535 905 595 c'cst
928 537 1064 597 assavcir
1086 538 1119 598 la

99 622 194 685 Glcse
214 623 255 685 ue
272 624 414 702 Acerras,
437 627 484 684 eet
505 626 574 683 tant
596 624 680 698 salle,
702 626 772 684 tant
792 624 905 684 infame
928 626 961 684 et
981 625 1117 704 paucies,

99 731 159 794 que
185 731 221 774 ce
246 714 328 776 n'est
353 732 411 793 que
437 711 546 774 crdure
574 716 606 773 et
631 706 793 774 villenie.'¹
843 714 896 774 sed
922 713 985 773 iam
1012 715 1118 775 eodem

99 805 237 883 tempore
260 803 342 881 apud
362 801 515 880 Bituriges
538 801 586 861 ius
610 802 737 862 docebat
759 801 924 862 Andreas
946 803 1117 864 Alciatus

99 883 375 974 (lucr-1⁵50),
400 909 458 968 quc
486 890 611 951 laudato
640 890 799 970 Savignius
824 894 928 950 noster
955 892 1053 968 operis
1080 893 1121 952 de

99 983 178 1045 iuris
198 981 323 1043 Romani
350 979 478 1039 historia
504 979 663 1056 compositi
686 979 779 1040 finem
800 972 900 1040 fecit.²
945 973 1035 1040 ‘illud
1056 1000 1118 1042 non

100 1064 253 1146 diffiteot',
266 1068 367 1147 inquit
378 1062 542 1142 Alciatus³‚
562 1062 600 1128 ‘si
614 1069 809 1145 antiquorum
821 1068 897 1129 iuris
911 1069 1118 1133 consultorum

99 1177 193 1239 opera
213 1160 431 1232 extarent...
453 1157 591 1217 Accursii
614 1161 645 1217 et
668 1158 720 1236 qui
738 1160 809 1234 post
827 1176 896 1216 eum
920 1158 1117 1235 scripserunt,

98 1248 221 1311 minime
242 1246 425 1308 necessarias
448 1247 569 1306 futuras
592 1247 686 1306 fuisse
708 1239 954 1306 lucubrationes?

186 1336 401 1413 Inscripticnes
424 1334 485 1394 iam
505 1354 560 1412 pro
579 1338 665 1412 parto
684 1335 806 1411 quidem
823 1335 984 1395 restitutae
1002 1338 1120 1412 quanto

98 1429 202 1489 ment
224 1425 296 1486 usui
328 1424 366 1483 ad
397 1427 535 1485 veterum
565 1424 760 1501 prudentium
792 1424 885 1484 libros
913 1424 1121 1485 restituendos-

99 1535 169 1579 cunr
188 1513 399 1594 perspexisset,
417 1513 573 1573 Iacobus
592 1512 764 1572 Ouiacius
781 1504 1034 1594 (1522-1590)
1052 1514 1119 1574 fere

98 1605 168 1667 iude
190 1623 227 1665 ex
248 1619 275 1663 ι
298 1603 383 1663 1547
407 1601 539 1678 undique
563 1602 741 1678 conquisitis
761 1602 799 1661 iis
821 1601 951 1661 indicem
969 1601 1029 1664 sibi
1047 1620 1117 1662 ocn-

97 1693 182 1767 iecit,
218 1709 277 1770 quc
312 1693 451 1751 veterum
485 1691 633 1751 librorum
664 1709 719 1767 per
749 1690 876 1768 Digesta
912 1690 1117 1766 dispersorum

98 1783 247 1863 genuinus
273 1779 345 1840 ordo
372 1781 539 1855 apparebat
565 1779 773 1856 pristinasque
797 1781 897 1839 status
922 1778 1117 1856 aliquatenus

98 1869 342 1935 adumbrabatur.
382 1867 558 1928 Florentino
581 1868 688 1928 deinde
711 1868 811 1928 codice
835 1887 856 1927 a
871 1867 976 1941 Laelio
995 1869 1116 1929 Torello

99 1978 176 2024 auno
205 1959 290 2019 1553
328 1957 559 2034 diligentissime
591 1957 672 2018 edito
709 1975 728 2016 a
764 1955 885 2017 Ouiacic
921 1959 1116 2034 praeceptore

98 2049 197 2112 iussus
224 2047 418 2122 eiusdemque
433 2045 568 2118 consilio
592 2046 715 2106 adiutus
737 2065 852 2106 novum
876 2045 1118 2123 fragmentorum

98 2137 225 2203 inuioon
248 2135 377 2196 confecit
400 2133 552 2195 Carolus
571 2135 703 2209 Faber,
725 2134 848 2212 optimis
869 2134 1010 2194 subsidiis
1032 2152 1117 2195 usus.

99 2230 133 2291 at
153 2224 388 2288 emendatiorem
410 2224 502 2283 etiam
524 2224 693 2300 composuit
712 2223 867 2284 Iacobus
884 2222 1066 2297 Labittus,
1085 2226 1119 2283 et

169 2434 184 2485 1
209 2429 332 2511 Operum
355 2426 442 2483 Paris.
471 2444 496 2484 a.
522 2432 591 2483 1858
617 2427 758 2484 editorum
781 2427 795 2481 I
816 2444 843 2497 p.
864 2432 923 2483 199.
968 2443 1060 2496 neque
1084 2426 1117 2481 id

96 2499 380 2577 praetermrttendum
405 2500 489 2568 puto,
517 2499 591 2568 quod
617 2499 696 2554 idem
722 2503 808 2570 poeta
830 2499 861 2552 in
883 2498 956 2554 libro
980 2497 1030 2568 qui
1051 2500 1118 2568 post

97 2575 217 2631 mortem
244 2571 305 2626 eius
332 2588 358 2626 a.
379 2575 449 2625 1564
471 2571 562 2626 editus
585 2572 642 2640 set,
670 2571 705 2626 de
727 2568 892 2626 Florentino
920 2567 1029 2638 codice,
1058 2585 1117 2638 quc

97 2643 173 2703 docti
201 2641 342 2698 abstinere
370 2641 543 2711 cogebantur
565 2641 648 2697 affert
669 2643 700 2712 (l.
724 2658 747 2699 c.
769 2640 796 2695 11
819 2660 848 2712 p.
862 2642 939 2711 29⁵1):
969 2640 1116 2709 ‘Panurge

96 2715 143 2773 ist
168 2715 233 2769 tant
258 2729 311 2782 par
340 2713 426 2768 belles
453 2713 558 2783 priores
582 2728 650 2768 avec
672 2715 714 2768 les
740 2711 864 2782 sindicqs
889 2712 928 2766 du
950 2711 1008 2766 lieu
1051 2709 1116 2765 u’ils

96 2786 124 2843 le
150 2801 220 2840 nous
248 2785 436 2839 monstrerent
464 2785 513 2853 (sc.
542 2801 581 2838 un
607 2784 713 2854 fiasque
743 2784 778 2838 de
806 2783 882 2853 Sang
909 2781 1002 2850 ursel,
1029 2796 1116 2837 cose

97 2855 191 2913 divine
219 2857 249 2910 et
276 2857 294 2910 a
317 2872 373 2925 peu
396 2856 431 2909 de
458 2871 527 2925 gens
554 2857 705 2925 congnuc):
733 2855 805 2910 mais
833 2870 864 2908 oe
888 2854 932 2909 fut
956 2869 1025 2910 avec
1050 2853 1116 2923 plus

97 2927 131 2985 de
159 2926 315 2982 ceremonie
340 2927 370 2980 et
396 2925 534 2982 solennitc
557 2927 622 2996 plue
649 2925 755 2997 grande
781 2925 852 2981 trois
879 2924 947 2993 fois,
976 2923 1061 2993 qu'cn
1079 2939 1114 2978 ne

96 3002 230 3121 mones}
238 3000 255 3052 a
269 2998 405 3095 Florence
422 2997 463 3051 les
478 2997 635 3052 Pandectee
654 2998 689 3052 de
706 2997 858 3066 Justinian,
876 3013 913 3051 ne
931 2995 960 3051 la
978 2994 1116 3051 Verenni-

115 3071 187 3123 uea
231 3085 315 3124 ome.

96 3088 116 3140 q
168 3145 192 3194 2.
212 3138 380 3194 Gesohichte
395 3139 435 3194 Vl
448 3158 476 3209 p.
492 3146 554 3196 421.
572 3144 634 3195 4⁷5.
664 3139 793 3195 ‘Blicken
808 3137 861 3193 wir
878 3137 1025 3205 nun...’‚
1043 3137 1115 3191 baec

96 3208 155 3266 eius
174 3210 261 3265 verba
280 3228 313 3265 ex
331 3212 498 3280 p.4‘11huc
516 3211 615 3267 afferre
633 3209 722 3279 iuvat,
743 3211 857 3269 ‘unsern
871 3207 1056 3278 Standpunkt
1069 3225 1116 3262 am

96 3280 211 3336 Schluso
230 3281 280 3336 des
299 3282 481 3337 funfrohnton
493 3283 700 3338 Jahrhunderts
718 3280 859 3350 wihlenu
877 3279 908 3335 in
927 3278 974 3335 die
991 3296 1043 3335 vor
1060 3297 1114 3334 uns

94 3351 225 3421 lisgende
245 3353 381 3422 Zukunft‚
405 3370 436 3408 sc
458 3354 565 3409 konnte
584 3353 719 3409 essebon
738 3351 847 3407 damals
866 3351 960 3408 einem
976 3349 1115 3406 unbefan·

95 3441 187 3494 genen
209 3423 292 3479 Blick
314 3425 401 3479 kaum
424 3424 581 3493 verborgen
598 3425 725 3495 bleiben,
744 3424 809 3478 dass
829 3423 875 3478 dis
893 3421 1115 3478 Rechtswiosen·

96 3494 189 3544 mbsft
208 3495 271 3551 eine
288 3495 479 3565 vollotbndige
497 3496 706 3565 Umwandlung
722 3495 854 3551 erfahren
871 3493 987 3550 musse’.

212 3565 253 3624 'lc
271 3566 421 3622 verborum
439 3565 656 3636 significatione.
683 3566 813 3623 Francos.
832 3569 902 3622 1582
920 3583 949 3636 p.
964 3567 1025 3620 671.
