2430 3944
95 189 162 254 540
464 183 744 240 Anorrnunurn.

185 349 252 414 42?
280 347 320 414 D.
335 349 387 431 34,
401 349 431 432 4,
446 350 476 428 6,
491 349 521 413 2.
553 348 674 412 Paulus
700 346 783 411 libro
809 347 925 430 quinto
950 345 992 410 ad
1010 345 1110 432 legem

26 514 30 519 ,
94 439 216 504 Iuliam
240 441 273 503 et
295 437 441 522 Papiam.
456 473 499 483 -
521 438 592 501 ..si
615 458 674 520 pro
698 435 797 500 fundo
821 435 933 500 decem
956 434 1110 520 legentur,

97 526 229 612 quidam
252 530 369 610 putant
391 548 457 591 non
481 547 552 591 esse
576 525 760 607 ademptum
783 525 874 608 prius
899 524 1057 609 legatum.

185 617 239 681 43.
267 615 306 679 D.
325 615 378 697 33,
398 616 428 700 7,
448 615 489 679 12
499 639 546 699 pr.
586 612 746 698 Ulpianus
774 610 860 677 libro
888 612 1047 678 vicesimo
1075 611 1110 676 ad

98 703 264 770 Sabinum.
274 740 318 752 -
331 703 521 779 Quaesitum
541 707 599 786 est,
614 725 654 766 an
668 702 867 766 frumentum
882 701 971 786 quod
986 700 1109 766 cibariis

98 794 260 858 cultorum
279 797 431 875 paratum
449 792 542 874 foret,
560 793 776 855 instrumento
795 791 934 855 cederet.
970 795 1005 854 et
1020 789 1109 874 pluri·

97 881 159 946 mis
182 903 249 945 non
271 882 388 964 placet,
413 880 489 965 quia
513 882 762 944 consumeretur.

186 971 239 1034 44.
263 968 303 1034 D.
322 969 400 1034 ibid.
422 1005 467 1016 —
489 969 573 1033 Item
595 967 759 1033 nonnullis
783 966 889 1032 visum
910 971 961 1032 est
979 968 1109 1032 frumen·

97 1061 182 1139 tum,
208 1058 294 1142 quod
323 1058 448 1122 serendi
471 1079 569 1122 causa
592 1055 775 1140 depositum
799 1058 863 1139 est,
896 1056 1107 1121 instrumento

98 1146 267 1211 contineri.

356 1259 403 1317 De
426 1260 527 1318 domas
549 1258 738 1317 instrumento
761 1257 860 1331 lepato.

188 1367 241 1431 45.
278 1366 317 1432 D.
339 1367 415 1432 ibid.
441 1369 529 1448 §la
551 1404 595 1414 -
618 1366 756 1432 Acetum
780 1387 923 1451 quoque,
954 1367 1039 1452 quod
1063 1388 1106 1431 ex-

99 1456 287 1539 stinguendi
300 1455 441 1520 incendii
455 1478 552 1521 causa
566 1460 709 1539 paratur,
723 1456 803 1519 item
818 1459 975 1520 centones
990 1455 1107 1537 sifoner,

99 1543 255 1626 [perticae
280 1566 406 1629 quoque
435 1550 467 1609 et
495 1547 613 1626 scalae]
643 1548 675 1608 et
698 1543 875 1610 formiones
899 1547 935 1608 et
962 1543 1106 1629 spongias

98 1637 132 1695 et
155 1653 246 1696 amas
270 1637 304 1696 et
327 1655 441 1717 scopas
465 1634 624 1699 contineri
647 1633 791 1717 plerique
893 1632 998 1698 aiunt.

189 1725 225 1784 ef.
249 1725 289 1803 n,
309 1728 328 1785 2
352 1747 380 1802 p.
401 1729 473 1788 305.

472 1887 520 1946 Dc
536 1905 618 1961 pena
638 1887 739 1960 tepula.

189 1997 241 2061 46.
269 1996 308 2061 D.
323 1997 380 2080 33,
395 1996 430 2073 9,
444 1996 478 2081 5,
494 1998 522 2061 1.
563 1995 684 2059 Paulus
707 1995 790 2059 libro
815 1999 933 2080 quarto
959 1996 1000 2060 ad
1025 1994 1105 2061 Sabi·

100 2107 188 2150 num.
207 2122 249 2130 —
270 2135 299 2149 ..
320 2085 452 2169 quidam
475 2089 676 2170 negaverunt
698 2083 790 2168 piper
814 2089 846 2148 et
869 2085 1059 2168 ligusticum
1081 2087 1107 2148 st

100 2195 229 2237 careum
254 2180 286 2238 et
304 2175 389 2238 laser
408 2176 441 2236 et
460 2178 568 2238 cetera
586 2173 772 2238 huiusmodi
791 2173 825 2235 in
844 2195 932 2256 penu
951 2196 1017 2238 non
1037 2194 1105 2238 esse.

188 2267 276 2326 Pauli
299 2268 390 2343 plena
412 2267 505 2326 verbs
529 2270 612 2326 sunt:
636 2261 728 2342 ‘quod
751 2265 873 2343 quidam
964 2288 1025 2327 non
1044 2285 1106 2338 essa,

98 2355 303 2432 improbatum
327 2359 393 2417 est.

186 2449 240 2513 47.
260 2447 475 2530 Gell.4,1,2.
493 2447 654 2532 —Ligna
673 2469 797 2530 quoque
817 2452 850 2511 et
870 2447 982 2533 virgas
1002 2452 1035 2512 et
1049 2470 1106 2512 car·

98 2536 200 2599 bones
230 2537 345 2619 quibus
375 2536 584 2600 conficeretur
612 2558 727 2619 penus,
760 2536 955 2620 quibusdam
984 2538 1031 2601 ait
1059 2535 1107 2622 (sc.

98 2621 261 2687 Masurius
287 2623 440 2712 Sabinus)
465 2625 567 2688 videri
590 2646 659 2688 esse
682 2624 715 2688 in
737 2646 832 2708 penu.

186 2712 252 2776 48?
267 2710 306 2776 D.
321 2713 374 2799 35,
388 2715 418 2796 2,
430 2717 458 2792 1,
469 2715 498 2779 8.
530 2713 650 2777 Paulus
667 2713 752 2777 libro
772 2713 931 2797 singulari
951 2716 992 2779 ad
1008 2716 1105 2798 legem

97 2797 283 2865 Falcidiam.
304 2838 346 2848 -
371 2803 456 2866 ..si
483 2803 530 2866 ita
556 2803 701 2886 legatum
725 2801 768 2865 sit
796 2801 900 2866 ‘heres
925 2825 1018 2867 meus
1041 2801 1106 2866 Seio

97 2909 216 2972 penum
249 2889 342 2973 dat03
379 2891 407 2954 si
441 2912 507 2955 non
540 2890 677 2973 dederit,
709 2890 817 2954 decem
850 2889 949 2975 dato’,
983 2892 1105 2976 quidam

96 2980 215 3059 putant
238 2978 424 3043 omnimodo
448 2979 482 3042 in
504 2981 613 3063 legato
631 2979 740 3043 decem
760 3000 842 3063 esse,
865 3002 987 3063 penum
1007 2985 1105 3045 autem

97 3066 212 3130 mortis
236 3088 333 3131 causa
356 3068 429 3152 capi
451 3089 510 3131 nec
533 3070 567 3131 in
592 3068 769 3132 Falcidiam
792 3068 954 3153 imputare
974 3069 1007 3132 id
1025 3069 1106 3132 here

98 3153 170 3217 dem
193 3176 299 3238 posse.

456 3249 503 3308 Dc
525 3253 625 3310 ovibus
648 3251 756 3324 legatis.

185 3358 237 3421 49.
261 3357 300 3422 D.
316 3359 369 3440 32,
383 3357 435 3440 81,
449 3360 481 3422 4.
517 3358 719 3425 Modestinus
741 3359 825 3424 libro
848 3381 936 3426 nono
955 3361 1104 3426 Differen-

95 3445 225 3509 tiarum.
245 3483 286 3492 ·—
312 3447 431 3511 Ovibus
459 3447 576 3530 legatis
604 3470 707 3532 neque
736 3469 838 3533 agnos
869 3471 973 3535 neque
996 3450 1102 3514 arietes

97 3535 256 3597 contineri
280 3535 408 3619 quidam
432 3585 461 3600 ..
486 3536 682 3626 existimant.
