2430 3944
377 197 404 246 4.
424 191 454 249 C.
469 189 615 248 cassius
634 191 819 249 conamus
1063 193 1106 257 67

475 404 521 463 Dc
542 405 727 492 6666661666,

187 534 256 598 120.
279 531 320 598 D.
334 533 387 613 41,
403 534 433 616 3,
450 533 545 616 lOpr.
586 510 747 615 Ulpianus
767 532 850 597 libro
870 536 961 598 sexto
981 533 1105 599 decimo

119 621 293 698 mediatum
313 618 364 708 (P.
379 617 484 708 5701).
503 657 545 667 —
565 619 600 686 Si
619 620 724 686 aliena
742 642 793 686 res
811 620 978 685 bonafide
997 627 1106 706 empta

118 710 160 796 sit,
184 712 361 795 quaeritur,
395 714 432 773 ut
458 709 612 793 usucapio
640 713 762 791 currat,
793 711 903 773 utrum
931 710 1105 794 emptionis

56 854 59 871 ,
120 798 223 864 11111111
249 804 287 864 ut
310 799 429 864 bonam
458 796 553 862 fidem
582 797 702 862 habeat
732 797 905 882 exigimus,
933 820 976 861 an
1007 798 1106 864 tradi-

56 874 59 957 ῗ
99 961 101 969 ¹
117 887 260 953 1161161
279 887 424 971 optinuit
438 885 549 952 Sabini
570 890 604 952 et
617 883 723 951 Cassii
742 887 904 951 sententia
922 887 1107 953 traditionis

116 976 222 1041 initium
245 974 467 1061 spectandum.

184 1065 254 1131 121.
278 1063 318 1129 D.
332 1065 372 1128 41
377 1115 386 1147 ,
400 1064 431 1147 3,
444 1065 475 1146 4,
492 1063 542 1128 16.
579 1061 701 1127 Paulus
715 1063 799 1128 libro
814 1063 1106 1150 quinquagensimo

117 1159 209 1236 quarto
229 1152 270 1219 ad
290 1153 431 1218 edietum
450 1151 499 1238 (P.
515 1149 605 1237 673).
624 1188 666 1198 -
686 1153 928 1237 ...quaeritur,
947 1152 975 1218 si
994 1175 1106 1220 servus

115 1262 183 1305 nous
219 1241 386 1322 ancillam,
423 1263 521 1326 quam
553 1240 730 1325 subripuit,
765 1263 826 1324 pro
863 1242 1014 1307 libertate
1048 1266 1106 1308 sua

115 1329 175 1394 nihi
191 1330 322 1413 dederit,
341 1352 383 1394 an
402 1332 531 1414 partum
551 1329 635 1414 apud
655 1351 706 1394 me
724 1333 914 1413 conceptum
931 1352 1107 1415 usucapere

113 1420 223 1500 possim.
261 1418 402 1484 Sabinus
421 1421 454 1482 61
469 1415 601 1482 Cassius
616 1439 682 1482 non
696 1422 824 1503 putant,
843 1418 919 1503 quia
932 1421 1107 1505 possessio,

113 1529 190 1591 qnam
214 1530 326 1572 servus
350 1506 468 1573 vitiose
490 1511 628 1571 nanctus
653 1507 709 1591 sit,
733 1506 862 1572 domino
886 1513 1026 1574 noceret.

183 1596 268 1662 1222
305 1595 345 1661 D.
369 1595 447 1660 ibid.
470 1597 490 1676 ἓ
511 1595 563 1660 17.
586 1631 631 1642 -
654 1643 683 1659 ..
703 1594 744 1678 61,
777 1603 814 1659 61
841 1617 970 1660 servum
998 1619 1106 1662 meum

110 1687 368 1767 manumitterem,
399 1684 483 1749 alius
510 1683 593 1748 mihi
619 1684 775 1748 furtivam
803 1685 953 1749 ancillam
982 1685 1107 1751 dederit

110 1793 191 1858 eaque
219 1773 305 1859 apud
332 1794 384 1837 me
413 1773 595 1856 conceperit
623 1777 655 1838 et
681 1773 856 1858 pepererit,
882 1796 944 1838 usu
968 1796 1107 1840 menon

109 1866 270 1946 capturum.
312 1862 461 1946 idemque
484 1861 554 1927 fore
578 1860 687 1945 etiam,
710 1860 738 1925 si
762 1861 833 1945 quis
857 1882 928 1926 eam
953 1863 1106 1929 ancillam

106 1972 216 2016 mecum
242 1954 463 2036 permutasset
486 1950 599 2015 autin
622 1951 766 2015 solutum
790 1948 946 2034 dedisset,
973 1951 1053 2016 item
1077 1954 1106 2017 si

102 2037 253 2104 donasset.

181 2129 254 2194 123.
286 2127 326 2192 D.
346 2129 400 2212 41,
418 2127 448 2205 9,
469 2129 498 2210 1,
517 2129 547 2193 3.
601 2126 764 2210 Ulpianus
796 2126 880 2190 libro
913 2127 1105 2212 trigensimo
1136 2129 1141 2142 ’

101 2216 195 2298 primo
238 2217 278 2281 ad
320 2216 476 2282 Sabinum
517 2211 573 2301 (P.
604 2212 721 2302 2758).
765 2250 804 2262 -
858 2214 1037 2281 Constante
1066 2265 1105 2281 ..

101 2306 297 2370 matrimonio
321 2328 380 2389 pro
404 2306 478 2370 (1616
501 2306 656 2389 usucapio
679 2306 843 2369 intereos
867 2305 975 2369 locum
997 2304 1106 2384 habet,

99 2394 175 2457 inter
198 2416 280 2479 quos
304 2399 355 2459 est
377 2392 630 2460 matrimonium.
662 2396 804 2459 ceterum
824 2393 851 2457 si
871 2397 976 2458 cesset
994 2395 1106 2458 matri-

98 2485 246 2567 monium,
270 2480 402 2548 Cassius
426 2483 473 2546 ait
492 2504 618 2547 cessare
637 2483 877 2569 usucapionem,
900 2483 976 2566 quia
995 2487 1027 2546 et
1047 2484 1104 2549 (166

97 2571 181 2635 nulla
205 2573 256 2636 sit.

183 2660 254 2726 124.
282 2659 321 2726 D.
340 2659 416 2724 ibid.
440 2661 506 2740 §4
535 2696 577 2708 -
604 2659 693 2723 Idem
723 2658 835 2723 scribit
863 2664 896 2723 et
921 2660 950 2724 61
975 2661 1105 2743 putavit

95 2749 227 2814 maritus
251 2771 322 2813 esse
349 2749 411 2813 sibi
436 2748 692 2831 matrimonium,
720 2769 794 2813 oum
818 2769 883 2812 non
910 2753 1008 2831 66661,
1032 2771 1105 2812 usu·

95 2859 401 3009 08ρθ111θ2611Π1111111,
411 2837 1103 3010 16ῗ1ῗθ1.ᾳ11116611111161686111(1668616166

94 3019 206 3099 quarto
231 3015 271 3078 ad
294 3014 433 3079 edictum
457 3014 504 3100 (P.
520 3011 609 3101 665).
631 3050 676 3061 -
699 3011 735 3078 Si
756 3016 850 3097 pater
867 3013 935 3079 filio
955 3036 1049 3099 quem
1068 3014 1103 3078 in

93 3108 252 3188 potestate
271 3102 371 3167 habet
389 3104 494 3182 donet,
514 3103 626 3167 deinde
646 3102 788 3181 decedat,
807 3101 892 3166 filius
909 3125 967 3186 pro
982 3102 1103 3168 donato

92 3213 156 3256 non
180 3194 286 3275 capiet
309 3214 384 3275 usu,
407 3192 561 3277 quoniam
583 3191 675 3256 nulla
699 3190 830 3256 donatio
854 3190 924 3256 fuit.

183 3282 254 3346 126.
279 3281 317 3345 D.
337 3281 414 3345 ibid.
438 3281 502 3362 §2
532 3317 574 3326 -
604 3327 638 3345 ..
666 3281 694 3344 si
721 3280 771 3343 vir
799 3281 891 3345 uxori
914 3302 983 3344 rem
1007 3279 1105 3344 dona·

93 3369 176 3434 16111
202 3374 235 3433 61
261 3369 435 3434 divortium
463 3369 695 3450 intercesserit,
722 3389 847 3433 cessare
874 3368 1103 3451 usucapionem

96 3456 225 3523 Cassius
249 3457 425 3542 respondit,
448 3457 600 3542 quoniam
618 3479 684 3522 non
702 3456 808 3541 possit
826 3478 956 3521 causam
975 3476 1104 3540 posses-

95 3547 194 3612 sionis
223 3547 285 3612 sibi
312 3548 385 3631 ipsa
413 3550 552 3630 mutare3
581 3545 662 3610 alias
691 3548 737 3609 ait
759 3549 835 3629 post
859 3544 1033 3609 divortium
1056 3543 1104 3606 ita

856 3645 892 3706 ὃ*
