2430 3944
461 209 486 258 e.
505 202 669 258 curreres
1009 207 1074 272 275

61 371 151 430 situm
184 374 231 430 est
343 372 498 447 respondit
608 371 745 431 Iulianus
776 376 875 432 notat:
907 372 1074 436 videamus'

60 460 93 520 D.
110 461 162 535 33,
179 462 241 537 3,1
266 460 318 520 lib.
332 460 357 519 Ι.

147 548 285 626 Denique
312 549 467 609 Minicium
494 568 554 609 non
582 550 670 608 modo
700 551 787 609 civile
815 551 872 627 ius,
901 553 953 611 sed
981 554 1074 613 etiam

58 637 251 697 honorarium
273 640 422 712 spectasse
446 639 520 698 satis
543 643 676 714 apparet.

148 725 244 796 Quem
277 745 346 786 vero
380 746 480 786 rerum
514 728 647 786 ordinem
680 729 834 803 statuerit,
867 746 934 787 cum
966 748 1004 789 ue
1036 731 1073 791 de

58 814 169 874 Iuliani
196 814 317 892 quidem
346 814 449 874 ordine
472 817 546 875 satis
571 817 699 891 constet,
729 817 869 895 cognosci
893 817 941 876 vix
963 822 1072 893 potest.

59 902 89 962 in
116 902 231 962 Iuliani
258 903 311 962 iilo
335 904 518 982 fragmento,
545 905 626 983 quod
648 904 797 981 Ulpianus
822 906 937 966 decimo
959 907 1074 967 Minicii

58 993 135 1052 libro
152 990 274 1052 videtur
293 992 459 1052 attribuere
482 988 587 1071 (supra
600 1013 629 1069 p.
645 985 734 1074 273),
754 994 789 1052 de
804 996 954 1071 emptione
972 996 1074 1056 vendi-

57 1080 137 1141 tione
160 1081 302 1156 mancipii
325 1081 436 1158 agitur.
482 1082 514 1142 in
537 1082 644 1142 ceteris
673 1100 723 1142 sex
750 1083 835 1142 libris
863 1084 901 1143 ab
929 1083 1072 1160 epitoma

57 1172 133 1248 tore,
151 1173 188 1228 ut
207 1170 340 1229 conicere
355 1170 439 1247 licet,
459 1171 601 1231 confectis
616 1190 684 1230 cum
699 1171 760 1230 alia
773 1175 839 1230 tum
852 1173 926 1231 haee
939 1175 1073 1233 tractata

58 1258 150 1318 fuisse
168 1257 319 1319 videmus:
337 1258 415 1319 libro
429 1260 445 1317 Ι
458 1261 561 1338 legata
579 1264 610 1320 et
624 1278 728 1335 operas
744 1261 930 1339 libertorum,
948 1261 1026 1321 libro
1040 1263 1072 1322 II

57 1346 268 1422 usucapionem
297 1352 329 1407 et
356 1348 531 1426 servitutes,
557 1349 634 1408 libro
659 1347 707 1407 III
728 1349 824 1427 furta,
847 1349 925 1409 libro
948 1349 992 1408 IV
1019 1351 1072 1410 ad·

57 1435 265 1513 promissores,
297 1436 479 1513 emptionem
505 1438 707 1497 venditionem
736 1440 767 1497 et
794 1437 975 1498 locationem
1002 1457 1071 1499 con-

58 1523 236 1600 ductionem,
259 1524 336 1584 libro
355 1524 383 1582 V
401 1525 449 1584 ius
473 1526 588 1586 dotium
612 1528 643 1586 et
665 1527 875 1603 stipulationes
893 1527 1071 1606 praetorias,

56 1613 132 1673 libro
160 1612 288 1689 denique
311 1612 356 1671 VI
380 1613 425 1672 rei
447 1614 692 1690 vindicationem,
720 1617 756 1673 ut
778 1614 912 1692 videtur,
940 1620 970 1676 et
992 1617 1071 1676 inter

57 1701 115 1761 alia
138 1721 217 1812 eum,
240 1695 304 1780 ‘qui
326 1705 508 1778 potestatem
531 1704 578 1762 sui
600 1723 660 1763 non
681 1703 821 1780 faciebat,
844 1723 882 1763 ne
902 1723 1001 1764 secum
1020 1705 1070 1782 agi

56 1793 175 1865 posset.

144 1878 274 1938 Videtur
304 1879 381 1938 libro
414 1879 458 1937 IV
491 1879 609 1956 quidem
644 1880 680 1938 de
717 1879 866 1956 mancipio
896 1899 956 1940 non
989 1899 1069 1956 sano,

58 1987 125 2045 ergo
149 1967 187 2027 de
214 1967 351 2027 aedilicio
379 1967 476 2027 edicto
500 1987 597 2027 sermo
620 1967 714 2027 fuisse
737 1963 788 2045 (D.
807 1969 857 2045 21,
878 1972 904 2044 1,
922 1961 993 2049 50),
1017 1970 1069 2028 sed

56 2056 196 2132 mancipii
232 2056 343 2132 emptio
380 2056 526 2133 venditio,
564 2056 599 2115 de
637 2075 698 2134 qua
733 2055 870 2115 Iulianus
905 2056 983 2116 libro
1015 2058 1068 2116 illo

57 2146 142 2221 dixit,
165 2164 225 2204 non
247 2145 465 2205 venaliciorum
487 2145 620 2204 venditio
643 2145 782 2204 habenda
805 2147 860 2204 est.

141 2235 248 2311 Itaque
271 2253 341 2294 cum
362 2234 392 2291 id
415 2236 537 2294 tantum
559 2234 650 2293 liceat
677 2237 825 2311 statuere,
852 2236 888 2292 ut
915 2233 1069 2292 Iulianum

55 2323 95 2382 ita
127 2326 159 2382 et
185 2322 340 2382 Minicium
372 2341 390 2381 a
422 2322 611 2383 testamentis
644 2321 799 2381 exordium
830 2322 950 2398 fecisse,
987 2323 1067 2400 frag·

55 2415 154 2472 menta
173 2410 336 2472 seeundum
350 2410 462 2471 Iuliani
480 2411 573 2471 libros
592 2430 759 2487 proponere
778 2410 918 2470 idoneum
936 2410 1067 2470 videtur.

399 2598 444 2656 Ex
467 2597 584 2656 Iuliani⁴
599 2597 676 2658 libro
699 2597 724 2657 L

468 2715 518 2781 De
540 2717 653 2800 tepetis.

374 2838 422 2897 Dc
443 2855 500 2896 usu
521 2838 620 2910 fructu
642 2837 742 2911 tapeto.

141 2938 183 3003 1?
216 2938 254 3004 D.
270 2940 298 3021 7,
315 2939 408 3020 1,6v.
453 2937 599 3002 Iulianus
626 2937 710 3002 libro
737 2936 842 3021 primo
870 2958 909 3000 ex
931 2935 1063 3002 Minicio

55 3025 101 3110 (P.
111 3024 201 3115 843).
221 3065 262 3073 —
282 3025 342 3092 Oui
365 3049 442 3091 usus
465 3026 588 3091 fructus
610 3027 739 3109 legatus
761 3029 820 3108 est,
843 3025 942 3089 etiam
960 3023 1063 3090 invito

53 3115 167 3181 herede
192 3137 265 3180 eum
289 3118 441 3180 extraneo
465 3115 601 3181 vendere
624 3117 742 3198 potest.

374 3281 421 3340 Dc
443 3281 617 3340 habitatione
638 3280 742 3354 tapeto.
913 3355 915 3359 ¹

140 3383 182 3450 22
209 3381 248 3447 D.
263 3383 316 3464 33,
329 3383 360 3463 2,
375 3384 426 3445 11.
471 3380 562 3444 Idem
588 3378 646 3468 (se.
660 3379 822 3464 Iulianus)
848 3379 933 3443 libro
956 3379 1062 3461 primo

53 3492 90 3535 ex
113 3471 245 3536 Minicio
270 3469 320 3556 (P.
335 3467 424 3556 844).
450 3507 487 3515 -
513 3468 736 3534 Habitetionis
765 3469 909 3553 legatum
936 3468 970 3530 in
999 3466 1062 3531 sin·

53 3560 145 3645 gulos
170 3581 272 3625 anuos
296 3559 337 3624 ab
362 3559 456 3624 initio
479 3559 556 3622 enni
580 3557 687 3623 deberi
711 3560 850 3622 constat.

803 3659 858 3718 it*
