<?xml version="1.0" encoding="UTF-8"?>
<!DOCTYPE html PUBLIC "-//W3C//DTD XHTML 1.0 Transitional//EN"
    "http://www.w3.org/TR/xhtml1/DTD/xhtml1-transitional.dtd">
<html xmlns="http://www.w3.org/1999/xhtml" xml:lang="en" lang="en">
 <head>
  <title>
</title>
<meta http-equiv="Content-Type" content="text/html;charset=utf-8" />
  <meta name='ocr-system' content='tesseract 3.04.00' />
  <meta name='ocr-capabilities' content='ocr_page ocr_carea ocr_par ocr_line ocrx_word'/>
</head>
<body>
  <div class='ocr_page' id='page_1' title='image "./iurisprudentiae02bremgoog_0455.png"; bbox 0 0 2430 3944; ppageno 0'>
   <div class='ocr_carea' id='block_1_1' title="bbox 100 169 1085 238">
    <p class='ocr_par' dir='ltr' id='par_1_1' title="bbox 100 169 1085 238">
     <span class='ocr_line' id='line_1_1' title="bbox 100 169 1085 238; baseline -0.002 -10"><span class='ocrx_word' id='word_1_1' title='bbox 100 173 166 238; x_wconf 76' lang='grc'><strong><em>422</em></strong></span> <span class='ocrx_word' id='word_1_2' title='bbox 202 173 236 228; x_wconf 89' lang='lat' dir='ltr'><strong><em>V.</em></strong></span> <span class='ocrx_word' id='word_1_3' title='bbox 256 172 405 228; x_wconf 78' lang='lat' dir='ltr'><strong>NERVAE</strong></span> <span class='ocrx_word' id='word_1_4' title='bbox 424 170 883 228; x_wconf 73' lang='lat' dir='ltr'><strong><em>ETTRAIANITEMP.IUR18</em></strong></span> <span class='ocrx_word' id='word_1_5' title='bbox 902 169 1085 227; x_wconf 84' lang='lat' dir='ltr'><strong><em>CONSULTI</em></strong></span> 
     </span>
    </p>
   </div>
   <div class='ocr_carea' id='block_1_2' title="bbox 517 338 699 400">
    <p class='ocr_par' dir='ltr' id='par_1_2' title="bbox 517 338 699 400">
     <span class='ocr_line' id='line_1_2' title="bbox 517 338 699 400; baseline 0 -2"><span class='ocrx_word' id='word_1_6' title='bbox 517 338 625 400; x_wconf 84' lang='lat' dir='ltr'><strong><em>Liber</em></strong></span> <span class='ocrx_word' id='word_1_7' title='bbox 647 339 699 399; x_wconf 86' lang='lat' dir='ltr'><strong><em>IV.</em></strong></span> 
     </span>
    </p>
   </div>
   <div class='ocr_carea' id='block_1_3' title="bbox 433 450 777 517">
    <p class='ocr_par' dir='ltr' id='par_1_3' title="bbox 433 450 777 517">
     <span class='ocr_line' id='line_1_3' title="bbox 433 450 777 517; baseline -0.006 0"><span class='ocrx_word' id='word_1_8' title='bbox 433 451 483 517; x_wconf 92' lang='lat' dir='ltr'><strong><em>De</em></strong></span> <span class='ocrx_word' id='word_1_9' title='bbox 505 450 641 516; x_wconf 85' lang='lat' dir='ltr'><strong><em>tibertate</em></strong></span> <span class='ocrx_word' id='word_1_10' title='bbox 661 451 777 517; x_wconf 91' lang='lat' dir='ltr'><strong><em>reticta.</em></strong></span> 
     </span>
    </p>
   </div>
   <div class='ocr_carea' id='block_1_4' title="bbox 93 565 1115 3401">
    <p class='ocr_par' dir='ltr' id='par_1_4' title="bbox 99 565 1115 1450">
     <span class='ocr_line' id='line_1_4' title="bbox 190 565 1114 651; baseline -0.004 -17"><span class='ocrx_word' id='word_1_11' title='bbox 190 567 242 634; x_wconf 89' lang='lat'><strong><em>80.</em></strong></span> <span class='ocrx_word' id='word_1_12' title='bbox 270 565 308 633; x_wconf 92' lang='lat' dir='ltr'><strong><em>D.</em></strong></span> <span class='ocrx_word' id='word_1_13' title='bbox 324 567 376 648; x_wconf 87' lang='grc'><strong><em>28,</em></strong></span> <span class='ocrx_word' id='word_1_14' title='bbox 390 566 421 651; x_wconf 89' lang='lat'><strong><em>8,</em></strong></span> <span class='ocrx_word' id='word_1_15' title='bbox 436 568 485 631; x_wconf 91' lang='lat'><strong><em>11.</em></strong></span> <span class='ocrx_word' id='word_1_16' title='bbox 517 565 689 631; x_wconf 84' lang='lat' dir='ltr'><strong><em>Iavolenus</em></strong></span> <span class='ocrx_word' id='word_1_17' title='bbox 704 565 787 630; x_wconf 88' lang='lat' dir='ltr'><strong><em>libro</em></strong></span> <span class='ocrx_word' id='word_1_18' title='bbox 804 568 899 650; x_wconf 81' lang='lat' dir='ltr'><strong><em>quart</em></strong></span> <span class='ocrx_word' id='word_1_19' title='bbox 900 565 1114 648; x_wconf 79' lang='lat' dir='ltr'><strong><em>oexpostori·</em></strong></span> 
     </span>
     <span class='ocr_line' id='line_1_5' title="bbox 102 653 1115 738; baseline -0.003 -16"><span class='ocrx_word' id='word_1_20' title='bbox 102 658 212 722; x_wconf 82' lang='lat' dir='ltr'><strong><em>oribus</em></strong></span> <span class='ocrx_word' id='word_1_21' title='bbox 249 654 489 737; x_wconf 80' lang='lat' dir='ltr'><strong><em>Labeonis.-</em></strong></span> <span class='ocrx_word' id='word_1_22' title='bbox 491 656 588 736; x_wconf 77' lang='lat' dir='ltr'><strong><em>Qui</em></strong></span> <span class='ocrx_word' id='word_1_23' title='bbox 622 655 726 738; x_wconf 69' lang='lat' dir='ltr'><strong><em>sitium</em></strong></span> <span class='ocrx_word' id='word_1_24' title='bbox 765 653 941 719; x_wconf 84' lang='lat' dir='ltr'><strong><em>tibertinam</em></strong></span> <span class='ocrx_word' id='word_1_25' title='bbox 976 653 1115 735; x_wconf 88' lang='lat' dir='ltr'><strong><em>babebat,</em></strong></span> 
     </span>
     <span class='ocr_line' id='line_1_6' title="bbox 101 744 1001 826; baseline 0 -18"><span class='ocrx_word' id='word_1_26' title='bbox 101 746 237 811; x_wconf 80' lang='lat' dir='ltr'><strong><em>heredem</em></strong></span> <span class='ocrx_word' id='word_1_27' title='bbox 259 765 328 809; x_wconf 89' lang='lat' dir='ltr'><strong><em>eum</em></strong></span> <span class='ocrx_word' id='word_1_28' title='bbox 351 746 539 823; x_wconf 86' lang='lat' dir='ltr'><strong><em>instituerat,</em></strong></span> <span class='ocrx_word' id='word_1_29' title='bbox 567 744 675 809; x_wconf 87' lang='lat' dir='ltr'><strong><em>deinde</em></strong></span> <span class='ocrx_word' id='word_1_30' title='bbox 697 745 743 808; x_wconf 91' lang='lat' dir='ltr'><strong><em>ita</em></strong></span> <span class='ocrx_word' id='word_1_31' title='bbox 764 744 1001 826; x_wconf 69' lang='lat' dir='ltr'><strong><em>scripserat.</em></strong></span> 
     </span>
     <span class='ocr_line' id='line_1_7' title="bbox 99 831 1115 917; baseline -0.003 -18"><span class='ocrx_word' id='word_1_32' title='bbox 99 835 186 917; x_wconf 73' lang='lat' dir='ltr'><strong><em>blicis</em></strong></span> <span class='ocrx_word' id='word_1_33' title='bbox 204 834 310 899; x_wconf 90' lang='lat' dir='ltr'><strong><em>nuttus</em></strong></span> <span class='ocrx_word' id='word_1_34' title='bbox 327 835 393 912; x_wconf 85' lang='lat' dir='ltr'><strong><em>erit,</em></strong></span> <span class='ocrx_word' id='word_1_35' title='bbox 414 834 468 916; x_wconf 78' lang='lat' dir='ltr'><strong><em>qni</em></strong></span> <span class='ocrx_word' id='word_1_36' title='bbox 484 834 520 898; x_wconf 92' lang='lat' dir='ltr'><strong><em>in</em></strong></span> <span class='ocrx_word' id='word_1_37' title='bbox 537 853 628 898; x_wconf 93' lang='lat' dir='ltr'><strong><em>suam</em></strong></span> <span class='ocrx_word' id='word_1_38' title='bbox 647 833 773 898; x_wconf 86' lang='lat' dir='ltr'><strong><em>tutelam</em></strong></span> <span class='ocrx_word' id='word_1_39' title='bbox 791 833 901 914; x_wconf 85' lang='lat' dir='ltr'><strong><em>veniat,</em></strong></span> <span class='ocrx_word' id='word_1_40' title='bbox 920 837 987 898; x_wconf 89' lang='lat' dir='ltr'><strong><em>tum</em></strong></span> <span class='ocrx_word' id='word_1_41' title='bbox 1005 831 1115 896; x_wconf 91' lang='lat' dir='ltr'><strong><em>Dama</em></strong></span> 
     </span>
     <span class='ocr_line' id='line_1_8' title="bbox 99 921 1114 1024; baseline -0.002 -36"><span class='ocrx_word' id='word_1_42' title='bbox 99 943 205 988; x_wconf 80' lang='lat' dir='ltr'><strong><em>sarus</em></strong></span> <span class='ocrx_word' id='word_1_43' title='bbox 232 922 307 988; x_wconf 84' lang='lat' dir='ltr'><strong><em>tiber</em></strong></span> <span class='ocrx_word' id='word_1_44' title='bbox 330 921 413 988; x_wconf 90' lang='lat' dir='ltr'><strong><em>esto&#39;.</em></strong></span> <span class='ocrx_word' id='word_1_45' title='bbox 448 921 576 1024; x_wconf 80' lang='lat' dir='ltr'><strong><em>&lt;nultus</em></strong></span> <span class='ocrx_word' id='word_1_46' title='bbox 598 922 718 1004; x_wconf 86' lang='lat' dir='ltr'><strong><em>nisi&gt;</em></strong></span> <span class='ocrx_word' id='word_1_47' title='bbox 705 941 733 986; x_wconf 84' lang='lat' dir='ltr'><strong><em>rs</em></strong></span> <span class='ocrx_word' id='word_1_48' title='bbox 754 922 841 1004; x_wconf 72' lang='lat' dir='ltr'><strong><em>(ttius</em></strong></span> <span class='ocrx_word' id='word_1_49' title='bbox 857 921 1002 1003; x_wconf 88' lang='lat' dir='ltr'><strong><em>pupittus</em></strong></span> <span class='ocrx_word' id='word_1_50' title='bbox 1025 921 1114 986; x_wconf 77' lang='lat' dir='ltr'><strong><em>tiber-</em></strong></span> 
     </span>
     <span class='ocr_line' id='line_1_9' title="bbox 101 1009 1115 1095; baseline 0.001 -20"><span class='ocrx_word' id='word_1_51' title='bbox 101 1012 186 1077; x_wconf 88' lang='lat' dir='ltr'><strong><em>tinus</em></strong></span> <span class='ocrx_word' id='word_1_52' title='bbox 206 1016 290 1076; x_wconf 90' lang='lat' dir='ltr'><strong><em>erat:</em></strong></span> <span class='ocrx_word' id='word_1_53' title='bbox 312 1012 520 1095; x_wconf 76' lang='lat' dir='ltr'><strong><em>quaerebatur,</em></strong></span> <span class='ocrx_word' id='word_1_54' title='bbox 543 1012 573 1075; x_wconf 87' lang='lat' dir='ltr'><strong><em>si</em></strong></span> <span class='ocrx_word' id='word_1_55' title='bbox 594 1009 703 1074; x_wconf 93' lang='lat' dir='ltr'><strong><em>Dama</em></strong></span> <span class='ocrx_word' id='word_1_56' title='bbox 726 1011 801 1074; x_wconf 81' lang='lat' dir='ltr'><strong><em>taber</em></strong></span> <span class='ocrx_word' id='word_1_57' title='bbox 822 1014 918 1075; x_wconf 86' lang='lat' dir='ltr'><strong><em>esset..</em></strong></span> <span class='ocrx_word' id='word_1_58' title='bbox 950 1009 1115 1076; x_wconf 70' lang='lat' dir='ltr'><strong><em>Trebatius</em></strong></span> 
     </span>
     <span class='ocr_line' id='line_1_10' title="bbox 99 1099 1112 1253; baseline 0 -89"><span class='ocrx_word' id='word_1_59' title='bbox 99 1105 199 1184; x_wconf 77' lang='lat' dir='ltr'><strong><em>nepai,</em></strong></span> <span class='ocrx_word' id='word_1_60' title='bbox 220 1101 296 1182; x_wconf 82' lang='lat' dir='ltr'><strong><em>quia</em></strong></span> <span class='ocrx_word' id='word_1_61' title='bbox 318 1100 379 1182; x_wconf 77' lang='lat' dir='ltr'><strong><em>fitii</em></strong></span> <span class='ocrx_word' id='word_1_62' title='bbox 388 1099 604 1253; x_wconf 61' lang='lat' dir='ltr'><strong><em>,appellatione</em></strong></span> <span class='ocrx_word' id='word_1_63' title='bbox 627 1099 786 1164; x_wconf 69' lang='lat' dir='ltr'><strong><em>tebertinus</em></strong></span> <span class='ocrx_word' id='word_1_64' title='bbox 808 1119 924 1181; x_wconf 80' lang='lat' dir='ltr'><strong><em>quoque</em></strong></span> <span class='ocrx_word' id='word_1_65' title='bbox 946 1100 1112 1164; x_wconf 84' lang='lat' dir='ltr'><strong><em>continere·</em></strong></span> 
     </span>
     <span class='ocr_line' id='line_1_11' title="bbox 100 1188 1114 1271; baseline -0.002 -17"><span class='ocrx_word' id='word_1_66' title='bbox 100 1195 167 1267; x_wconf 89' lang='lat' dir='ltr'><strong><em>tur;</em></strong></span> <span class='ocrx_word' id='word_1_67' title='bbox 199 1189 300 1254; x_wconf 87' lang='lat' dir='ltr'><strong><em>Labeo</em></strong></span> <span class='ocrx_word' id='word_1_68' title='bbox 331 1193 451 1270; x_wconf 91' lang='lat' dir='ltr'><strong><em>contra,</em></strong></span> <span class='ocrx_word' id='word_1_69' title='bbox 485 1189 560 1271; x_wconf 81' lang='lat' dir='ltr'><strong><em>quia</em></strong></span> <span class='ocrx_word' id='word_1_70' title='bbox 591 1209 624 1254; x_wconf 90' lang='lat' dir='ltr'><strong><em>oo</em></strong></span> <span class='ocrx_word' id='word_1_71' title='bbox 656 1188 718 1253; x_wconf 91' lang='lat' dir='ltr'><strong><em>toco</em></strong></span> <span class='ocrx_word' id='word_1_72' title='bbox 749 1208 854 1253; x_wconf 78' lang='lat' dir='ltr'><strong><em>ouum</em></strong></span> <span class='ocrx_word' id='word_1_73' title='bbox 884 1188 988 1270; x_wconf 73' lang='lat' dir='ltr'><strong><em>fitium</em></strong></span> <span class='ocrx_word' id='word_1_74' title='bbox 1015 1188 1114 1270; x_wconf 82' lang='lat' dir='ltr'><strong><em>accipi</em></strong></span> 
     </span>
     <span class='ocr_line' id='line_1_12' title="bbox 99 1275 1113 1362; baseline -0.001 -20"><span class='ocrx_word' id='word_1_75' title='bbox 99 1282 219 1362; x_wconf 87' lang='lat' dir='ltr'><strong><em>oportet.</em></strong></span> <span class='ocrx_word' id='word_1_76' title='bbox 264 1277 399 1342; x_wconf 80' lang='lat' dir='ltr'><strong><em>Trebatii</em></strong></span> <span class='ocrx_word' id='word_1_77' title='bbox 420 1279 602 1342; x_wconf 83' lang='lat' dir='ltr'><strong><em>seutentiam</em></strong></span> <span class='ocrx_word' id='word_1_78' title='bbox 618 1275 743 1360; x_wconf 91' lang='lat' dir='ltr'><strong><em>probo[,</em></strong></span> <span class='ocrx_word' id='word_1_79' title='bbox 766 1277 795 1342; x_wconf 88' lang='lat' dir='ltr'><strong><em>si</em></strong></span> <span class='ocrx_word' id='word_1_80' title='bbox 818 1281 919 1342; x_wconf 88' lang='lat' dir='ltr'><strong><em>tomen</em></strong></span> <span class='ocrx_word' id='word_1_81' title='bbox 941 1280 1113 1342; x_wconf 82' lang='lat' dir='ltr'><strong><em>testatorem</em></strong></span> 
     </span>
     <span class='ocr_line' id='line_1_13' title="bbox 99 1364 716 1450; baseline -0.002 -18"><span class='ocrx_word' id='word_1_82' title='bbox 99 1368 136 1432; x_wconf 88' lang='lat' dir='ltr'><strong><em>de</em></strong></span> <span class='ocrx_word' id='word_1_83' title='bbox 156 1366 212 1432; x_wconf 87' lang='lat' dir='ltr'><strong><em>boa</em></strong></span> <span class='ocrx_word' id='word_1_84' title='bbox 232 1367 298 1450; x_wconf 76' lang='lat' dir='ltr'><strong><em>fitia</em></strong></span> <span class='ocrx_word' id='word_1_85' title='bbox 322 1367 454 1431; x_wconf 91' lang='lat' dir='ltr'><strong><em>tocutum</em></strong></span> <span class='ocrx_word' id='word_1_86' title='bbox 477 1387 538 1432; x_wconf 91' lang='lat' dir='ltr'><strong><em>esse</em></strong></span> <span class='ocrx_word' id='word_1_87' title='bbox 560 1364 716 1449; x_wconf 84' lang='lat' dir='ltr'><strong><em>apparetJ.</em></strong></span> 
     </span>
    </p>

    <p class='ocr_par' dir='ltr' id='par_1_5' title="bbox 93 1453 1114 2336">
     <span class='ocr_line' id='line_1_14' title="bbox 189 1453 1112 1539; baseline -0.002 -19"><span class='ocrx_word' id='word_1_88' title='bbox 189 1456 241 1520; x_wconf 88' lang='lat'><strong><em>81.</em></strong></span> <span class='ocrx_word' id='word_1_89' title='bbox 265 1453 303 1518; x_wconf 90' lang='lat' dir='ltr'><strong><em>D.</em></strong></span> <span class='ocrx_word' id='word_1_90' title='bbox 313 1455 365 1535; x_wconf 82' lang='lat'><strong><em>40,</em></strong></span> <span class='ocrx_word' id='word_1_91' title='bbox 378 1456 406 1537; x_wconf 78' lang='lat'><strong><em>7,</em></strong></span> <span class='ocrx_word' id='word_1_92' title='bbox 416 1455 468 1521; x_wconf 84' lang='lat'><strong><em>39.</em></strong></span> <span class='ocrx_word' id='word_1_93' title='bbox 504 1454 676 1520; x_wconf 84' lang='lat' dir='ltr'><strong><em>Iavolenus</em></strong></span> <span class='ocrx_word' id='word_1_94' title='bbox 691 1455 775 1519; x_wconf 90' lang='lat' dir='ltr'><strong><em>libro</em></strong></span> <span class='ocrx_word' id='word_1_95' title='bbox 790 1458 906 1539; x_wconf 82' lang='lat' dir='ltr'><strong><em>quarto</em></strong></span> <span class='ocrx_word' id='word_1_96' title='bbox 921 1474 961 1518; x_wconf 85' lang='lat' dir='ltr'><strong><em>ex</em></strong></span> <span class='ocrx_word' id='word_1_97' title='bbox 975 1453 1112 1537; x_wconf 83' lang='lat' dir='ltr'><strong><em>posteri·</em></strong></span> 
     </span>
     <span class='ocr_line' id='line_1_15' title="bbox 101 1542 1114 1627; baseline 0.002 -21"><span class='ocrx_word' id='word_1_98' title='bbox 101 1543 211 1608; x_wconf 83' lang='lat' dir='ltr'><strong><em>oribus</em></strong></span> <span class='ocrx_word' id='word_1_99' title='bbox 234 1542 405 1608; x_wconf 83' lang='lat' dir='ltr'><strong><em>Labeonis.</em></strong></span> <span class='ocrx_word' id='word_1_100' title='bbox 429 1579 469 1593; x_wconf 81' lang='lat'><strong><em>·—</em></strong></span> <span class='ocrx_word' id='word_1_101' title='bbox 495 1543 644 1609; x_wconf 72' lang='lat' dir='ltr'><strong><em>‘Stichum</em></strong></span> <span class='ocrx_word' id='word_1_102' title='bbox 666 1543 755 1609; x_wconf 86' lang='lat' dir='ltr'><strong><em>Attio</em></strong></span> <span class='ocrx_word' id='word_1_103' title='bbox 776 1545 815 1608; x_wconf 94' lang='lat' dir='ltr'><strong><em>do</em></strong></span> <span class='ocrx_word' id='word_1_104' title='bbox 835 1544 896 1627; x_wconf 74' lang='lat' dir='ltr'><strong><em>teyo</em></strong></span> <span class='ocrx_word' id='word_1_105' title='bbox 918 1547 959 1627; x_wconf 89' lang='lat' dir='ltr'><strong><em>et,</em></strong></span> <span class='ocrx_word' id='word_1_106' title='bbox 981 1543 1063 1608; x_wconf 87' lang='lat' dir='ltr'><strong><em>siis</em></strong></span> <span class='ocrx_word' id='word_1_107' title='bbox 1085 1543 1114 1608; x_wconf 91' lang='lat' dir='ltr'><strong><em>ei</em></strong></span> 
     </span>
     <span class='ocr_line' id='line_1_16' title="bbox 98 1628 1113 1719; baseline 0.002 -24"><span class='ocrx_word' id='word_1_108' title='bbox 98 1652 240 1698; x_wconf 91' lang='lat' dir='ltr'><strong><em>nummos</em></strong></span> <span class='ocrx_word' id='word_1_109' title='bbox 267 1628 386 1697; x_wconf 87' lang='lat' dir='ltr'><strong><em>centum</em></strong></span> <span class='ocrx_word' id='word_1_110' title='bbox 408 1633 535 1719; x_wconf 82' lang='lat' dir='ltr'><strong><em>dederit,</em></strong></span> <span class='ocrx_word' id='word_1_111' title='bbox 563 1632 639 1697; x_wconf 92' lang='lat' dir='ltr'><strong><em>tiber</em></strong></span> <span class='ocrx_word' id='word_1_112' title='bbox 660 1631 742 1698; x_wconf 90' lang='lat' dir='ltr'><strong><em>esto&#39;.</em></strong></span> <span class='ocrx_word' id='word_1_113' title='bbox 786 1633 816 1697; x_wconf 91' lang='lat' dir='ltr'><strong><em>si</em></strong></span> <span class='ocrx_word' id='word_1_114' title='bbox 837 1651 942 1697; x_wconf 78' lang='lat' dir='ltr'><strong><em>sercou</em></strong></span> <span class='ocrx_word' id='word_1_115' title='bbox 963 1651 1002 1696; x_wconf 80' lang='lat' dir='ltr'><strong><em>eo</em></strong></span> <span class='ocrx_word' id='word_1_116' title='bbox 1025 1636 1113 1697; x_wconf 81' lang='lat' dir='ltr'><strong><em>testa</em></strong></span> 
     </span>
     <span class='ocr_line' id='line_1_17' title="bbox 98 1719 1113 1804; baseline 0.002 -20"><span class='ocrx_word' id='word_1_117' title='bbox 98 1725 198 1785; x_wconf 89' lang='lat' dir='ltr'><strong><em>mento</em></strong></span> <span class='ocrx_word' id='word_1_118' title='bbox 224 1741 366 1787; x_wconf 92' lang='lat' dir='ltr'><strong><em>nummos</em></strong></span> <span class='ocrx_word' id='word_1_119' title='bbox 388 1722 475 1786; x_wconf 86' lang='lat' dir='ltr'><strong><em>Attio</em></strong></span> <span class='ocrx_word' id='word_1_120' title='bbox 501 1722 643 1804; x_wconf 79' lang='lat' dir='ltr'><strong><em>dedisset,</em></strong></span> <span class='ocrx_word' id='word_1_121' title='bbox 670 1741 719 1786; x_wconf 89' lang='lat' dir='ltr'><strong><em>eos</em></strong></span> <span class='ocrx_word' id='word_1_122' title='bbox 740 1725 868 1802; x_wconf 81' lang='lat' dir='ltr'><strong><em>repetere</em></strong></span> <span class='ocrx_word' id='word_1_123' title='bbox 889 1719 1028 1785; x_wconf 86' lang='lat' dir='ltr'><strong><em>beredem</em></strong></span> <span class='ocrx_word' id='word_1_124' title='bbox 1049 1741 1113 1786; x_wconf 91' lang='lat' dir='ltr'><strong><em>non</em></strong></span> 
     </span>
     <span class='ocr_line' id='line_1_18' title="bbox 93 1810 1111 1894; baseline -0.001 -19"><span class='ocrx_word' id='word_1_125' title='bbox 93 1829 183 1891; x_wconf 89' lang='lat' dir='ltr'><strong><em>posse</em></strong></span> <span class='ocrx_word' id='word_1_126' title='bbox 209 1810 310 1876; x_wconf 88' lang='lat' dir='ltr'><strong><em>Labeo</em></strong></span> <span class='ocrx_word' id='word_1_127' title='bbox 337 1811 505 1894; x_wconf 75' lang='lat' dir='ltr'><strong><em>existimat,</em></strong></span> <span class='ocrx_word' id='word_1_128' title='bbox 523 1811 607 1892; x_wconf 80' lang='lat' dir='ltr'><strong><em>&#39;quia</em></strong></span> <span class='ocrx_word' id='word_1_129' title='bbox 629 1810 736 1874; x_wconf 84' lang='lat' dir='ltr'><strong><em>Attius</em></strong></span> <span class='ocrx_word' id='word_1_130' title='bbox 763 1830 812 1874; x_wconf 90' lang='lat' dir='ltr'><strong><em>eos</em></strong></span> <span class='ocrx_word' id='word_1_131' title='bbox 833 1830 855 1873; x_wconf 93' lang='lat' dir='ltr'><strong><em>a</em></strong></span> <span class='ocrx_word' id='word_1_132' title='bbox 877 1829 961 1874; x_wconf 86' lang='lat' dir='ltr'><strong><em>seruo</em></strong></span> <span class='ocrx_word' id='word_1_133' title='bbox 983 1829 1040 1876; x_wconf 87' lang='lat' dir='ltr'><strong><em>suo</em></strong></span> <span class='ocrx_word' id='word_1_134' title='bbox 1064 1829 1111 1874; x_wconf 78' lang='lat' dir='ltr'><strong><em>aa</em></strong></span> 
     </span>
     <span class='ocr_line' id='line_1_19' title="bbox 98 1899 1112 1980; baseline 0.001 -17"><span class='ocrx_word' id='word_1_135' title='bbox 98 1899 220 1980; x_wconf 86' lang='lat' dir='ltr'><strong><em>ceperit,</em></strong></span> <span class='ocrx_word' id='word_1_136' title='bbox 246 1919 310 1964; x_wconf 93' lang='lat' dir='ltr'><strong><em>non</em></strong></span> <span class='ocrx_word' id='word_1_137' title='bbox 336 1900 376 1964; x_wconf 89' lang='lat' dir='ltr'><strong><em>ab</em></strong></span> <span class='ocrx_word' id='word_1_138' title='bbox 401 1899 518 1965; x_wconf 86' lang='lat' dir='ltr'><strong><em>beredis</em></strong></span> <span class='ocrx_word' id='word_1_139' title='bbox 543 1919 636 1964; x_wconf 86' lang='lat' dir='ltr'><strong><em>seruo.</em></strong></span> <span class='ocrx_word' id='word_1_140' title='bbox 680 1919 750 1963; x_wconf 91' lang='lat' dir='ltr'><strong><em>eum</em></strong></span> <span class='ocrx_word' id='word_1_141' title='bbox 772 1903 876 1963; x_wconf 89' lang='lat' dir='ltr'><strong><em>autem</em></strong></span> <span class='ocrx_word' id='word_1_142' title='bbox 895 1899 1112 1964; x_wconf 86' lang='lat' dir='ltr'><strong><em>statutiberum</em></strong></span> 
     </span>
     <span class='ocr_line' id='line_1_20' title="bbox 98 1987 1111 2070; baseline 0 -18"><span class='ocrx_word' id='word_1_143' title='bbox 98 2007 160 2052; x_wconf 89' lang='lat' dir='ltr'><strong><em>esse</em></strong></span> <span class='ocrx_word' id='word_1_144' title='bbox 193 1988 326 2068; x_wconf 75' lang='lat' dir='ltr'><strong><em>Qrcimm</em></strong></span> <span class='ocrx_word' id='word_1_145' title='bbox 356 1989 496 2070; x_wconf 90' lang='lat' dir='ltr'><strong><em>Mucius,</em></strong></span> <span class='ocrx_word' id='word_1_146' title='bbox 533 1987 648 2052; x_wconf 77' lang='lat' dir='ltr'><strong><em>Gattus</em></strong></span> <span class='ocrx_word' id='word_1_147' title='bbox 684 1988 814 2070; x_wconf 91' lang='lat' dir='ltr'><strong><em>etipse</em></strong></span> <span class='ocrx_word' id='word_1_148' title='bbox 844 1987 946 2052; x_wconf 88' lang='lat' dir='ltr'><strong><em>Labeo</em></strong></span> <span class='ocrx_word' id='word_1_149' title='bbox 977 1993 1111 2069; x_wconf 70' lang='lat' dir='ltr'><strong><em>putant·</em></strong></span> 
     </span>
     <span class='ocr_line' id='line_1_21' title="bbox 98 2075 1111 2161; baseline 0.002 -21"><span class='ocrx_word' id='word_1_150' title='bbox 98 2075 237 2161; x_wconf 82' lang='lat' dir='ltr'><strong><em>Seruius,</em></strong></span> <span class='ocrx_word' id='word_1_151' title='bbox 266 2076 377 2161; x_wconf 68' lang='lat' dir='ltr'><strong><em>Opilius</em></strong></span> <span class='ocrx_word' id='word_1_152' title='bbox 398 2098 461 2142; x_wconf 93' lang='lat' dir='ltr'><strong><em>non</em></strong></span> <span class='ocrx_word' id='word_1_153' title='bbox 484 2096 552 2142; x_wconf 89' lang='lat' dir='ltr'><strong><em>esse.</em></strong></span> <span class='ocrx_word' id='word_1_154' title='bbox 598 2077 785 2159; x_wconf 85' lang='lat' dir='ltr'><strong><em>superiorem</em></strong></span> <span class='ocrx_word' id='word_1_155' title='bbox 806 2076 987 2141; x_wconf 77' lang='lat' dir='ltr'><strong><em>seutentiam</em></strong></span> <span class='ocrx_word' id='word_1_156' title='bbox 1004 2078 1111 2160; x_wconf 88' lang='lat' dir='ltr'><strong><em>probo,</em></strong></span> 
     </span>
     <span class='ocr_line' id='line_1_22' title="bbox 97 2165 1111 2248; baseline 0.002 -19"><span class='ocrx_word' id='word_1_157' title='bbox 97 2166 144 2229; x_wconf 91' lang='lat' dir='ltr'><strong><em>ita</em></strong></span> <span class='ocrx_word' id='word_1_158' title='bbox 167 2171 281 2247; x_wconf 89' lang='lat' dir='ltr'><strong><em>tamen,</em></strong></span> <span class='ocrx_word' id='word_1_159' title='bbox 304 2170 342 2230; x_wconf 91' lang='lat' dir='ltr'><strong><em>ut</em></strong></span> <span class='ocrx_word' id='word_1_160' title='bbox 360 2167 390 2231; x_wconf 89' lang='lat' dir='ltr'><strong><em>is</em></strong></span> <span class='ocrx_word' id='word_1_161' title='bbox 411 2186 516 2231; x_wconf 80' lang='lat' dir='ltr'><strong><em>surus</em></strong></span> <span class='ocrx_word' id='word_1_162' title='bbox 537 2165 664 2248; x_wconf 88' lang='lat' dir='ltr'><strong><em>beredis,</em></strong></span> <span class='ocrx_word' id='word_1_163' title='bbox 686 2185 749 2230; x_wconf 93' lang='lat' dir='ltr'><strong><em>non</em></strong></span> <span class='ocrx_word' id='word_1_164' title='bbox 771 2165 914 2248; x_wconf 79' lang='lat' dir='ltr'><strong><em>tepatarii</em></strong></span> <span class='ocrx_word' id='word_1_165' title='bbox 935 2167 984 2245; x_wconf 84' lang='lat' dir='ltr'><strong><em>sit,</em></strong></span> <span class='ocrx_word' id='word_1_166' title='bbox 1007 2170 1111 2248; x_wconf 78' lang='lat' dir='ltr'><strong><em>utpote</em></strong></span> 
     </span>
     <span class='ocr_line' id='line_1_23' title="bbox 97 2253 654 2336; baseline -0.002 -17"><span class='ocrx_word' id='word_1_167' title='bbox 97 2275 167 2319; x_wconf 76' lang='lat' dir='ltr'><strong><em>ctam</em></strong></span> <span class='ocrx_word' id='word_1_168' title='bbox 189 2255 322 2336; x_wconf 78' lang='lat' dir='ltr'><strong><em>tepatum</em></strong></span> <span class='ocrx_word' id='word_1_169' title='bbox 345 2253 497 2320; x_wconf 81' lang='lat' dir='ltr'><strong><em>libertate¹</em></strong></span> <span class='ocrx_word' id='word_1_170' title='bbox 520 2254 654 2319; x_wconf 91' lang='lat' dir='ltr'><strong><em>tottatur.</em></strong></span> 
     </span>
    </p>

    <p class='ocr_par' dir='ltr' id='par_1_6' title="bbox 96 2340 1110 2871">
     <span class='ocr_line' id='line_1_24' title="bbox 187 2340 1109 2426; baseline 0.001 -18"><span class='ocrx_word' id='word_1_171' title='bbox 187 2344 238 2408; x_wconf 85' lang='lat'><strong><em>82.</em></strong></span> <span class='ocrx_word' id='word_1_172' title='bbox 266 2342 306 2408; x_wconf 88' lang='grc' dir='ltr'><strong><em>Ι).</em></strong></span> <span class='ocrx_word' id='word_1_173' title='bbox 321 2342 397 2408; x_wconf 88' lang='lat' dir='ltr'><strong><em>ibid.</em></strong></span> <span class='ocrx_word' id='word_1_174' title='bbox 412 2346 431 2424; x_wconf 65' lang='grc' dir='ltr'><em>ξ</em></span> <span class='ocrx_word' id='word_1_175' title='bbox 448 2345 474 2409; x_wconf 91' lang='grc'><strong><em>1.</em></strong></span> <span class='ocrx_word' id='word_1_176' title='bbox 499 2380 541 2390; x_wconf 88' lang='grc'><strong>-</strong></span> <span class='ocrx_word' id='word_1_177' title='bbox 566 2340 699 2408; x_wconf 75' lang='lat' dir='ltr'><strong><em>‘Stichus</em></strong></span> <span class='ocrx_word' id='word_1_178' title='bbox 723 2343 797 2407; x_wconf 84' lang='lat' dir='ltr'><strong><em>tiber</em></strong></span> <span class='ocrx_word' id='word_1_179' title='bbox 818 2346 887 2426; x_wconf 91' lang='lat' dir='ltr'><strong><em>esto,</em></strong></span> <span class='ocrx_word' id='word_1_180' title='bbox 910 2345 1034 2424; x_wconf 83' lang='lat' dir='ltr'><strong><em>quando</em></strong></span> <span class='ocrx_word' id='word_1_181' title='bbox 1058 2364 1109 2409; x_wconf 91' lang='lat' dir='ltr'><strong><em>aes</em></strong></span> 
     </span>
     <span class='ocr_line' id='line_1_25' title="bbox 97 2432 1109 2511; baseline 0.004 -17"><span class='ocrx_word' id='word_1_182' title='bbox 97 2432 235 2496; x_wconf 91' lang='lat' dir='ltr'><strong><em>atienum</em></strong></span> <span class='ocrx_word' id='word_1_183' title='bbox 263 2452 364 2496; x_wconf 91' lang='lat' dir='ltr'><strong><em>meum</em></strong></span> <span class='ocrx_word' id='word_1_184' title='bbox 390 2434 523 2498; x_wconf 88' lang='lat' dir='ltr'><strong><em>sotutum</em></strong></span> <span class='ocrx_word' id='word_1_185' title='bbox 550 2433 782 2497; x_wconf 84' lang='lat' dir='ltr'><strong><em>creditoribusoe</em></strong></span> <span class='ocrx_word' id='word_1_186' title='bbox 812 2433 887 2496; x_wconf 89' lang='lat' dir='ltr'><strong><em>meis</em></strong></span> <span class='ocrx_word' id='word_1_187' title='bbox 912 2432 1109 2511; x_wconf 78' lang='lat' dir='ltr'><strong><em>satisfactum</em></strong></span> 
     </span>
     <span class='ocr_line' id='line_1_26' title="bbox 96 2519 1109 2604; baseline 0.003 -21"><span class='ocrx_word' id='word_1_188' title='bbox 96 2519 176 2584; x_wconf 84' lang='lat' dir='ltr'><strong><em>erit’.</em></strong></span> <span class='ocrx_word' id='word_1_189' title='bbox 216 2522 357 2602; x_wconf 82' lang='lat' dir='ltr'><strong><em>quamuis</em></strong></span> <span class='ocrx_word' id='word_1_190' title='bbox 379 2521 463 2586; x_wconf 84' lang='lat' dir='ltr'><strong><em>bores</em></strong></span> <span class='ocrx_word' id='word_1_191' title='bbox 486 2521 617 2603; x_wconf 85' lang='lat' dir='ltr'><strong><em>tocuptes</em></strong></span> <span class='ocrx_word' id='word_1_192' title='bbox 639 2521 792 2598; x_wconf 75' lang='lat' dir='ltr'><strong><em>astitisset,</em></strong></span> <span class='ocrx_word' id='word_1_193' title='bbox 815 2525 916 2584; x_wconf 91' lang='lat' dir='ltr'><strong><em>tamen</em></strong></span> <span class='ocrx_word' id='word_1_194' title='bbox 939 2542 1002 2585; x_wconf 93' lang='lat' dir='ltr'><strong><em>uon</em></strong></span> <span class='ocrx_word' id='word_1_195' title='bbox 1016 2523 1109 2604; x_wconf 88' lang='lat' dir='ltr'><strong><em>prius</em></strong></span> 
     </span>
     <span class='ocr_line' id='line_1_27' title="bbox 99 2607 1110 2693; baseline 0.001 -20"><span class='ocrx_word' id='word_1_196' title='bbox 99 2607 237 2674; x_wconf 80' lang='lat' dir='ltr'><strong><em>Sticbum</em></strong></span> <span class='ocrx_word' id='word_1_197' title='bbox 260 2610 388 2674; x_wconf 88' lang='lat' dir='ltr'><strong><em>tiberum</em></strong></span> <span class='ocrx_word' id='word_1_198' title='bbox 409 2611 560 2693; x_wconf 84' lang='lat' dir='ltr'><strong><em>futuram,</em></strong></span> <span class='ocrx_word' id='word_1_199' title='bbox 583 2630 678 2692; x_wconf 81' lang='lat' dir='ltr'><strong><em>quam</em></strong></span> <span class='ocrx_word' id='word_1_200' title='bbox 696 2611 855 2674; x_wconf 75' lang='lat' dir='ltr'><strong><em>creditores</em></strong></span> <span class='ocrx_word' id='word_1_201' title='bbox 866 2610 1036 2691; x_wconf 90' lang='lat' dir='ltr'><strong><em>pecuniam</em></strong></span> <span class='ocrx_word' id='word_1_202' title='bbox 1054 2615 1110 2676; x_wconf 92' lang='lat' dir='ltr'><strong><em>aut</em></strong></span> 
     </span>
     <span class='ocr_line' id='line_1_28' title="bbox 96 2698 1108 2781; baseline 0.004 -21"><span class='ocrx_word' id='word_1_203' title='bbox 96 2698 173 2762; x_wconf 89' lang='lat' dir='ltr'><strong><em>satis</em></strong></span> <span class='ocrx_word' id='word_1_204' title='bbox 200 2701 382 2779; x_wconf 78' lang='lat' dir='ltr'><strong><em>accepissent</em></strong></span> <span class='ocrx_word' id='word_1_205' title='bbox 407 2700 505 2763; x_wconf 85' lang='lat' dir='ltr'><strong><em>atione</em></strong></span> <span class='ocrx_word' id='word_1_206' title='bbox 530 2719 589 2781; x_wconf 80' lang='lat' dir='ltr'><strong><em>quo</em></strong></span> <span class='ocrx_word' id='word_1_207' title='bbox 616 2700 705 2764; x_wconf 92' lang='lat' dir='ltr'><strong><em>modo</em></strong></span> <span class='ocrx_word' id='word_1_208' title='bbox 731 2699 791 2763; x_wconf 85' lang='lat' dir='ltr'><strong><em>sibi</em></strong></span> <span class='ocrx_word' id='word_1_209' title='bbox 817 2699 979 2781; x_wconf 83' lang='lat' dir='ltr'><strong><em>cavissent,</em></strong></span> <span class='ocrx_word' id='word_1_210' title='bbox 1008 2699 1108 2764; x_wconf 91' lang='lat' dir='ltr'><strong><em>Labeo</em></strong></span> 
     </span>
     <span class='ocr_line' id='line_1_29' title="bbox 99 2784 459 2871; baseline 0.003 -21"><span class='ocrx_word' id='word_1_211' title='bbox 99 2784 210 2871; x_wconf 68' lang='lat' dir='ltr'><strong><em>Ofilius</em></strong></span> <span class='ocrx_word' id='word_1_212' title='bbox 231 2789 459 2868; x_wconf 89' lang='lat' dir='ltr'><strong><em>responderunt.</em></strong></span> 
     </span>
    </p>

    <p class='ocr_par' dir='ltr' id='par_1_7' title="bbox 96 2874 1109 3401">
     <span class='ocr_line' id='line_1_30' title="bbox 187 2874 1109 2958; baseline 0.003 -20"><span class='ocrx_word' id='word_1_213' title='bbox 187 2875 238 2940; x_wconf 81' lang='lat'><strong><em>83.</em></strong></span> <span class='ocrx_word' id='word_1_214' title='bbox 271 2874 310 2941; x_wconf 93' lang='lat' dir='ltr'>D</span> <span class='ocrx_word' id='word_1_215' title='bbox 323 2875 400 2940; x_wconf 89' lang='lat' dir='ltr'><strong><em>ibid</em></strong></span> <span class='ocrx_word' id='word_1_216' title='bbox 419 2877 556 2957; x_wconf 66' lang='lat'><strong><em>§2—</em></strong></span> <span class='ocrx_word' id='word_1_217' title='bbox 519 2876 624 2941; x_wconf 83' lang='lat' dir='ltr'><strong><em>—Si</em></strong></span> <span class='ocrx_word' id='word_1_218' title='bbox 653 2875 739 2941; x_wconf 88' lang='lat' dir='ltr'><strong><em>teres</em></strong></span> <span class='ocrx_word' id='word_1_219' title='bbox 765 2896 849 2940; x_wconf 86' lang='lat' dir='ltr'><strong><em>seruo</em></strong></span> <span class='ocrx_word' id='word_1_220' title='bbox 870 2877 1038 2958; x_wconf 86' lang='lat' dir='ltr'><strong><em>pecuniam</em></strong></span> <span class='ocrx_word' id='word_1_221' title='bbox 1067 2877 1109 2941; x_wconf 91' lang='lat' dir='ltr'><strong><em>ad</em></strong></span> 
     </span>
     <span class='ocr_line' id='line_1_31' title="bbox 96 2964 1105 3046; baseline 0.005 -20"><span class='ocrx_word' id='word_1_222' title='bbox 96 2964 314 3044; x_wconf 76' lang='lat' dir='ltr'><strong><em>nepotiandum</em></strong></span> <span class='ocrx_word' id='word_1_223' title='bbox 332 2965 465 3046; x_wconf 87' lang='lat' dir='ltr'><strong><em>dedisset,</em></strong></span> <span class='ocrx_word' id='word_1_224' title='bbox 482 2969 545 3030; x_wconf 91' lang='lat' dir='ltr'><strong><em>stat</em></strong></span> <span class='ocrx_word' id='word_1_225' title='bbox 533 2966 694 3030; x_wconf 80' lang='lat' dir='ltr'><strong><em>tutiberum</em></strong></span> <span class='ocrx_word' id='word_1_226' title='bbox 712 2985 780 3029; x_wconf 91' lang='lat' dir='ltr'><strong><em>eam</em></strong></span> <span class='ocrx_word' id='word_1_227' title='bbox 798 2965 900 3046; x_wconf 91' lang='lat' dir='ltr'><strong><em>ipsam</em></strong></span> <span class='ocrx_word' id='word_1_228' title='bbox 914 2967 1105 3031; x_wconf 90' lang='lat' dir='ltr'><strong><em>numerando</em></strong></span> 
     </span>
     <span class='ocr_line' id='line_1_32' title="bbox 97 3052 1106 3136; baseline 0.001 -19"><span class='ocrx_word' id='word_1_229' title='bbox 97 3052 224 3117; x_wconf 87' lang='lat' dir='ltr'><strong><em>tiberari</em></strong></span> <span class='ocrx_word' id='word_1_230' title='bbox 246 3073 283 3117; x_wconf 84' lang='lat' dir='ltr'><strong><em>en</em></strong></span> <span class='ocrx_word' id='word_1_231' title='bbox 306 3058 362 3119; x_wconf 86' lang='lat' dir='ltr'><strong><em>test</em></strong></span> <span class='ocrx_word' id='word_1_232' title='bbox 359 3059 481 3119; x_wconf 85' lang='lat' dir='ltr'><strong><em>ammte</em></strong></span> <span class='ocrx_word' id='word_1_233' title='bbox 503 3074 565 3118; x_wconf 94' lang='lat' dir='ltr'><strong><em>non</em></strong></span> <span class='ocrx_word' id='word_1_234' title='bbox 580 3073 669 3136; x_wconf 89' lang='lat' dir='ltr'><strong><em>posse</em></strong></span> <span class='ocrx_word' id='word_1_235' title='bbox 686 3054 787 3118; x_wconf 88' lang='lat' dir='ltr'><strong><em>Labeo</em></strong></span> <span class='ocrx_word' id='word_1_236' title='bbox 807 3053 976 3118; x_wconf 79' lang='lat' dir='ltr'><strong><em>Trebatius</em></strong></span> <span class='ocrx_word' id='word_1_237' title='bbox 987 3075 1106 3136; x_wconf 86' lang='lat' dir='ltr'><strong><em>respon</em></strong></span> 
     </span>
     <span class='ocr_line' id='line_1_33' title="bbox 96 3141 1106 3245; baseline 0 -40"><span class='ocrx_word' id='word_1_238' title='bbox 96 3141 219 3220; x_wconf 89' lang='lat' dir='ltr'><strong><em>derunt,</em></strong></span> <span class='ocrx_word' id='word_1_239' title='bbox 250 3143 325 3223; x_wconf 79' lang='lat' dir='ltr'><strong><em>quia</em></strong></span> <span class='ocrx_word' id='word_1_240' title='bbox 353 3145 476 3208; x_wconf 89' lang='lat' dir='ltr'><strong><em>reddere</em></strong></span> <span class='ocrx_word' id='word_1_241' title='bbox 502 3163 570 3207; x_wconf 89' lang='lat' dir='ltr'><strong><em>eam</em></strong></span> <span class='ocrx_word' id='word_1_242' title='bbox 597 3143 697 3245; x_wconf 67' lang='lat' dir='ltr'><strong><em>mobis</em></strong></span> <span class='ocrx_word' id='word_1_243' title='bbox 723 3163 817 3224; x_wconf 79' lang='lat' dir='ltr'><strong><em>auam</em></strong></span> <span class='ocrx_word' id='word_1_244' title='bbox 844 3144 920 3207; x_wconf 87' lang='lat' dir='ltr'><strong><em>dare</em></strong></span> <span class='ocrx_word' id='word_1_245' title='bbox 947 3143 1106 3208; x_wconf 86' lang='lat' dir='ltr'><strong><em>uideretur.-</em></strong></span> 
     </span>
     <span class='ocr_line' id='line_1_34' title="bbox 96 3232 1104 3315; baseline 0.001 -21"><span class='ocrx_word' id='word_1_246' title='bbox 96 3250 148 3312; x_wconf 83' lang='lat' dir='ltr'><strong><em>epo</em></strong></span> <span class='ocrx_word' id='word_1_247' title='bbox 161 3235 248 3314; x_wconf 90' lang='lat' dir='ltr'><strong><em>puto,</em></strong></span> <span class='ocrx_word' id='word_1_248' title='bbox 265 3252 293 3295; x_wconf 82' lang='lat' dir='ltr'><strong><em>so</em></strong></span> <span class='ocrx_word' id='word_1_249' title='bbox 288 3233 478 3313; x_wconf 85' lang='lat' dir='ltr'><strong><em>peculiares</em></strong></span> <span class='ocrx_word' id='word_1_250' title='bbox 495 3252 617 3296; x_wconf 85' lang='lat' dir='ltr'><strong><em>nummo</em></strong></span> <span class='ocrx_word' id='word_1_251' title='bbox 612 3232 769 3315; x_wconf 79' lang='lat' dir='ltr'><strong><em>fuerunt,</em></strong></span> <span class='ocrx_word' id='word_1_252' title='bbox 787 3251 825 3296; x_wconf 83' lang='lat' dir='ltr'><strong><em>en</em></strong></span> <span class='ocrx_word' id='word_1_253' title='bbox 843 3235 1020 3297; x_wconf 90' lang='lat' dir='ltr'><strong><em>testamento</em></strong></span> <span class='ocrx_word' id='word_1_254' title='bbox 1038 3252 1104 3296; x_wconf 82' lang='lat' dir='ltr'><strong><em>uem</em></strong></span> 
     </span>
     <span class='ocr_line' id='line_1_35' title="bbox 97 3319 397 3401; baseline 0.007 -19"><span class='ocrx_word' id='word_1_255' title='bbox 97 3319 226 3384; x_wconf 77' lang='lat' dir='ltr'><strong><em>tuberum</em></strong></span> <span class='ocrx_word' id='word_1_256' title='bbox 245 3319 397 3401; x_wconf 80' lang='lat' dir='ltr'><strong><em>futurum.</em></strong></span> 
     </span>
    </p>
   </div>
   <div class='ocr_carea' id='block_1_5' title="bbox 170 3405 1103 3604">
    <p class='ocr_par' dir='ltr' id='par_1_8' title="bbox 170 3405 1103 3604">
     <span class='ocr_line' id='line_1_36' title="bbox 186 3405 1103 3494; baseline 0.001 -21"><span class='ocrx_word' id='word_1_257' title='bbox 186 3409 239 3473; x_wconf 89' lang='lat'><strong><em>84.</em></strong></span> <span class='ocrx_word' id='word_1_258' title='bbox 261 3407 300 3473; x_wconf 90' lang='lat' dir='ltr'><strong><em>D.</em></strong></span> <span class='ocrx_word' id='word_1_259' title='bbox 314 3408 389 3473; x_wconf 89' lang='lat' dir='ltr'><strong><em>ibid.</em></strong></span> <span class='ocrx_word' id='word_1_260' title='bbox 404 3411 424 3489; x_wconf 65' lang='grc' dir='ltr'><strong>ξ</strong></span> <span class='ocrx_word' id='word_1_261' title='bbox 438 3410 468 3474; x_wconf 84' lang='grc'><strong><em>3.</em></strong></span> <span class='ocrx_word' id='word_1_262' title='bbox 483 3445 523 3454; x_wconf 98' lang='grc'>-</span> <span class='ocrx_word' id='word_1_263' title='bbox 539 3405 640 3492; x_wconf 83' lang='lat' dir='ltr'><strong><em>&lt;Cum</em></strong></span> <span class='ocrx_word' id='word_1_264' title='bbox 654 3409 701 3473; x_wconf 90' lang='lat' dir='ltr'><strong><em>ita</em></strong></span> <span class='ocrx_word' id='word_1_265' title='bbox 714 3410 784 3491; x_wconf 83' lang='lat' dir='ltr'><strong><em>quis</em></strong></span> <span class='ocrx_word' id='word_1_266' title='bbox 796 3409 973 3494; x_wconf 68' lang='lat' dir='ltr'><strong><em>sanasset&gt;</em></strong></span> <span class='ocrx_word' id='word_1_267' title='bbox 987 3409 1103 3474; x_wconf 74' lang='lat' dir='ltr'><strong><em>‘Dama</em></strong></span> 
     </span>
     <span class='ocr_line' id='line_1_37' title="bbox 170 3546 533 3604; baseline 0.011 -4"><span class='ocrx_word' id='word_1_268' title='bbox 170 3552 182 3600; x_wconf 93' lang='lat'>1</span> <span class='ocrx_word' id='word_1_269' title='bbox 206 3547 282 3604; x_wconf 87' lang='lat' dir='ltr'><strong><em>Trib.</em></strong></span> <span class='ocrx_word' id='word_1_270' title='bbox 301 3548 376 3603; x_wconf 79' lang='lat' dir='ltr'><strong><em>statu</em></strong></span> <span class='ocrx_word' id='word_1_271' title='bbox 394 3546 533 3604; x_wconf 85' lang='lat' dir='ltr'><strong><em>libertate.</em></strong></span> 
     </span>
    </p>
   </div>
   <div class='ocr_carea' id='block_1_6' title="bbox 0 0 1220 3944">
    <p class='ocr_par' dir='ltr' id='par_1_9' title="bbox 0 0 1220 3944">
     <span class='ocr_line' id='line_1_38' title="bbox 0 0 1220 3944; baseline 0 2"><span class='ocrx_word' id='word_1_272' title='bbox 0 0 1220 3944; x_wconf 95' lang='lat' dir='ltr'><strong><em> </em></strong></span> 
     </span>
    </p>
   </div>
  </div>
 </body>
</html>
