2430 3944
160 183 225 253 346
262 184 296 238 V.
315 183 463 240 NERVAE
483 184 531 240 ΕΤ
549 183 701 240 TRAIANI
718 182 823 241 ΤΕΜΡ,
841 183 938 241 IURdS
957 183 1138 240 CONSULTI

158 371 212 412 aus
236 353 304 412 dem
325 353 398 412 lrurz
421 353 531 412 vorher
554 356 725 431 genannten
746 352 891 413 Neratius
915 349 1172 432 abgeschrieben.'

157 441 282 502 Pernice
305 434 350 500 11²
372 461 401 518 p.
416 443 480 502 436
505 462 532 501 u.
549 444 577 502 3.

553 613 604 679 De
625 615 775 680 31313133.

245 739 296 805 35.
330 739 369 804 D.
391 741 440 818 17,
460 739 561 822 2,52,
582 739 631 804 17.
676 736 766 802 Idem
795 736 854 825 (sc.
879 737 1055 828 Ulpianus)
1086 741 1170 807 libro

155 829 346 913 trigeusimo
370 828 475 912 primo
500 827 541 892 ad
564 826 704 893 edictum
723 823 773 914 (P.
787 826 891 912 9220).
910 864 953 875 —
974 828 1100 895 Ibidem
1124 831 1171 895 ait

155 913 214 1004 (sc.
232 912 410 1001 Neratius),
429 916 551 981 socium
570 916 719 981 omnium.
737 916 896 981 bonorum
916 939 983 982 non
1001 919 1075 1004 cogi
1094 940 1170 985 oon-

154 1008 240 1070 ferre
264 1027 345 1089 quae
368 1027 407 1071 ex
430 1004 604 1089 prohibitis
627 1005 733 1070 causis
756 1005 954 1089 adquisierit.

244 1095 295 1160 36.
320 1093 358 1159 D.
373 1095 403 1173 2,
419 1094 470 1177 14,
485 1093 526 1158 27
534 1115 580 1177 pr.
616 1092 738 1158 Paulus
756 1094 839 1159 libro
856 1095 952 1159 tortio
968 1095 1009 1160 ad
1025 1096 1166 1162 edictum

154 1180 204 1269 (P.
226 1179 324 1269 1271).
347 1219 390 1228 -
415 1180 449 1247 si
476 1203 559 1247 unus
582 1203 621 1247 ex
645 1183 838 1268 argentariis
862 1182 958 1248 sociis
982 1206 1055 1269 cum
1080 1185 1165 1250 debi-

154 1275 226 1337 tore
262 1275 375 1357 pactus
412 1270 468 1353 sit,
505 1292 547 1335 an
583 1270 683 1337 etiam
720 1270 813 1335 alteri
846 1275 964 1337 noceat
996 1273 1165 1358 exceptio?

154 1358 308 1426 Neratius
331 1359 504 1424 Atilicinus
523 1357 688 1442 Proculus,
707 1381 766 1424 uec
789 1360 817 1423 si
839 1360 874 1424 in
891 1381 957 1424 rom
978 1364 1093 1444 pactus
1114 1363 1166 1444 sit,

154 1449 248 1513 alteri
276 1469 405 1532 nocere,
437 1451 566 1513 tantum
593 1448 680 1512 enim
701 1448 935 1531 constitutum,
962 1453 999 1514 ut
1027 1451 1166 1516 solidum

154 1538 237 1602 alter
259 1540 370 1622 petere
392 1537 506 1621 possit
542 1536 629 1600 idem
652 1533 771 1601 Labeo.

241 1629 506 1706 31111391.

518 1801 568 1868 Da
590 1803 658 1867 iure
679 1803 805 1868 dolium.

242 1927 294 1992 37.
313 1926 353 1991 D.
364 1927 417 2007 23,
432 1927 462 2009 3,
471 1927 542 2011 5,16.
579 1924 739 2010 Ulpianus
754 1927 837 1992 libro
853 1927 1043 2012 trigensimo
1059 1929 1165 2012 primo

152 2016 192 2080 ad
212 2014 366 2080 Sabinum
386 2014 435 2101 (P.
450 2011 575 2100 altr).
599 2050 644 2060 -
668 2011 703 2080 Si
726 2019 818 2098 pater
843 2017 921 2097 [non
946 2018 1039 2101 quasi
1063 2026 1165 2101 pater,

152 2105 221 2186 sod]
254 2105 317 2169 311ο
346 2103 455 2169 dotem
482 2103 694 2188 promittente
721 2102 880 2169 fideiussit
908 2108 940 2169 et
967 2106 1060 2189 quasi
1088 2107 1164 2171 fide·

152 2194 260 2259 iussor
292 2193 438 2273 solverit,
475 2191 628 2257 Neratius
662 2192 709 2256 ait
739 2214 805 2258 uon
837 2215 906 2258 csse
938 2194 1163 2277 proiecticiam

152 2282 274 2365 dotem,
309 2281 468 2366 quamvis
484 2288 577 2365 pater
605 2302 733 2345 servare
761 2303 780 2346 a
807 2304 862 2347 reo
890 2282 923 2346 id
952 2281 1037 2367 quod
1066 2285 1164 2348 solvit

151 2393 217 2436 non
239 2371 353 2456 possit.

241 2477 293 2542 38.
315 2475 396 2540 Ibid.
415 2478 435 2556 ξ
451 2475 481 2540 8.
499 2511 543 2522 -
562 2473 597 2540 si
615 2476 699 2541 filius
719 2476 861 2542 familias
880 2480 1048 2541 mutuatus
1063 2478 1163 2543 credi·

151 2570 254 2630 torem
283 2565 457 2649 delegavit,
484 2571 523 2628 ut
550 2563 641 2629 daret
663 2586 724 2648 pro
746 2565 815 2629 filia
838 2565 962 2650 dotem,
990 2567 1162 2631 ueletiam

150 2654 220 2738 ipse
246 2653 369 2737 accepit
393 2658 426 2717 et
447 2652 548 2736 dedit,
575 2652 678 2717 videri
702 2653 809 2718 dotem
833 2654 874 2718 ab
899 2675 959 2718 avo
981 2655 1162 2739 profectam

150 2740 303 2807 Neratius
332 2741 379 2805 ait
404 2741 575 2824 hactenus,
602 2746 760 2827 quatenus
785 2764 863 2806 avus
887 2746 972 2807 esset
993 2743 1161 2809 dotaturus

150 2834 280 2915 neptem
304 2853 410 2916 suan13
432 2831 466 2894 id
489 2831 574 2894 enim
597 2831 632 2894 in
656 2852 722 2895 rem
748 2830 800 2895 avi
823 2831 924 2896 videri
948 2854 1086 2897 versum.

240 2937 292 3002 39.
319 2936 359 3001 Ι).
374 2937 426 3020 23,
441 2937 471 3021 3,
486 2938 538 3002 20.
583 2936 703 3001 Paulus
731 2937 816 3002 libro
841 2938 979 3022 septimo
1004 2939 1044 3003 ad
1069 2938 1161 3005 Sabi·

149 3047 227 3090 num
246 3023 295 3112 (P.
312 3026 421 3110 1756).
446 3062 487 3072 -
512 3025 656 3091 Iulianus
680 3025 794 3090 scribit
816 3027 922 3090 valere
941 3028 1042 3092 talem
1061 3030 1161 3112 stipu-

150 3114 305 3179 lationem
329 3113 413 3180 ‘cum
436 3114 593 3198 morieris,
616 3114 701 3180 dotis
723 3115 855 3180 nomine
877 3117 929 3180 tot
947 3115 1061 3200 dari'?,
1085 3118 1161 3203 quia

23 3210 28 3225 '
151 3207 183 3266 et
214 3204 335 3287 pacisci
367 3203 505 3285 soleant,
536 3225 577 3267 ne
610 3226 630 3268 a
658 3204 733 3268 viva
761 3201 932 3287 exipaturl.
983 3206 1068 3288 quod
1096 3229 1160 3272 non

149 3314 221 3357 esse
244 3293 348 3357 simile
372 3291 494 3376 accepi;
518 3291 604 3356 aliud
629 3297 678 3356 est
698 3292 782 3358 euim
802 3292 930 3358 differre
950 3295 1158 3378 exactionem,

150 3381 237 3446 aliud
270 3381 312 3447 ab
343 3381 437 3445 initio
470 3380 505 3443 in
536 3381 569 3444 id
601 3385 728 3465 tempus
761 3380 923 3466 stipulari,
957 3404 1020 3467 quo
1048 3384 1158 3447 matri·

227 3561 240 3607 1
263 3555 310 3610 Fl.
329 3553 501 3609 exhibeatur.
