2430 3944
445 190 470 239 r.
487 182 678 240 Paocuuus
872 156 876 161 ’
1004 173 1068 249 167·

48 364 100 431 Dc
111 365 154 430 iis
166 364 225 448 qui
237 364 273 428 iri
287 365 456 447 municipio
466 365 587 430 colonia
597 364 667 447 foro
676 364 742 429 iuri
755 365 886 430 diendo
896 365 1070 448 precam?

140 479 170 544 1.
203 477 447 566 D.2,1‚11pr.
493 479 593 545 Gaius
620 479 704 544 libro
732 479 838 565 primo
865 481 905 545 ad
929 480 1068 548 edictum

47 567 252 653 provinciale
280 564 330 653 (P.
349 563 416 655 56).
440 605 482 615 -
506 566 541 632 Si
568 569 655 633 idem
682 589 755 633 cum
783 569 896 633 eodem
922 569 1070 652 pluribus

49 657 235 722 actionibus
268 663 360 741 agat,
392 679 528 741 quarum
560 657 763 743 singularum
791 657 955 741 quantitas
983 659 1071 722 intra

49 745 309 810 iurisdietionem
328 744 519 811 iudicantisl
538 746 590 826 sit,
608 745 810 811 coacervatio
828 768 905 812 vero
924 746 1071 811 omnium
1163 824 1166 831 Ι

50 834 183 900 excedat
202 833 335 899 modum
353 833 587 899 iurisdictionis
607 834 688 921 eius,
708 835 793 919 apud
812 855 885 900 eum
904 835 958 920 agi
973 856 1071 919 posse

52 921 173 989 Sabino
199 920 312 988 Cassio
335 922 472 987 Proculo
494 922 628 1006 placuit.

139 1015 239 1076 Gaius
270 1015 367 1076 addit:
400 1011 487 1094 ‘quae
519 1017 670 1076 sententia
700 1016 844 1093 rescripto
876 1017 1067 1094 imperatoris

53 1104 201 1167 Antonini
223 1104 401 1165 confirmata
423 1099 490 1164 ost'.

139 1209 173 1273 2.
207 1205 248 1271 D.
265 1205 343 1271 ibid.
361 1209 381 1288 ξ
399 1207 430 1271 2.
463 1242 505 1252 -
538 1203 574 1270 si
605 1227 670 1271 una
701 1206 785 1272 actio
817 1208 996 1273 eommunis
1028 1207 1073 1272 sit

55 1298 196 1381 plurium
219 1316 442 1379 personarum,
463 1294 565 1360 veluti
587 1293 730 1360 familiae
749 1295 964 1378 erciscundae,
986 1317 1073 1360 com·

57 1387 144 1452 nuni
173 1383 364 1468 dividundo,
390 1384 504 1448 finium
531 1384 764 1470 regundorum,
792 1389 902 1456 utrum
925 1385 1073 1469 singulae

58 1478 163 1559 partes
198 1473 392 1557 spectandae
421 1476 498 1537 sunt
524 1472 611 1537 circa
637 1472 892 1538 iurisdictionem
921 1473 989 1538 eius
1018 1471 1074 1556 qui

59 1562 240 1649 cognoscit,
267 1561 353 1644 quod
376 1559 471 1626 Ofilio
500 1564 533 1626 et
554 1560 695 1626 Proculo
722 1561 844 1645 placet,
872 1563 949 1645 quia
975 1583 1074 1627 unus-

59 1652 191 1736 quisque
219 1649 259 1714 de
286 1653 379 1732 parte
407 1670 466 1714 sua
494 1649 618 1735 litigat,
644 1671 686 1714 an
713 1650 823 1735 potius
850 1653 921 1715 tota
946 1671 998 1715 res

310 1790 361 1856 De
375 1792 480 1875 panis
501 1795 531 1855 et
550 1790 821 1856 mercationibus?

143 1900 174 1964 3.
198 1897 240 1962 Ι).
254 1897 285 1980 2,
299 1896 452 1981 14,21,2.
496 1896 619 1961 Paulus
641 1896 725 1961 libro
748 1897 846 1962 tertio
870 1897 911 1961 ad
935 1897 1074 1962 edictum

60 1983 288 2074 (P.127⁰).-
305 1984 375 2051 Nos
399 2035 424 2050 ..
447 1984 509 2067 his,
531 1984 586 2070 qui
608 1985 645 2049 in
667 1989 783 2049 nostra
804 1988 966 2070 potestate
988 1990 1075 2070 sunt,

61 2075 251 2162 paciscendo
273 2074 426 2158 prodesse
449 2095 515 2138 non
537 2096 717 2158 possumus.
755 2073 810 2137 sed
834 2074 929 2138 nobis
948 2074 981 2137 id
1000 2096 1075 2158 pro·

60 2165 211 2245 futurum,
235 2162 264 2228 si
286 2163 416 2228 nomine
441 2184 552 2226 eorum
575 2161 813 2246 conveniamur,
836 2161 992 2227 Proculus
1017 2163 1075 2227 ait.

407 2304 458 2370 De
479 2305 607 2388 repotiis
626 2305 727 2388 pestis.
1182 2387 1185 2393 Ι

146 2415 177 2478 4.
200 2412 241 2477 Ι).
260 2411 295 2494 3,
314 2410 349 2486 5,
369 2410 419 2476 17.
468 2411 589 2475 Paulus
625 2410 711 2474 libro
742 2430 830 2474 nono
863 2409 903 2472 ad
936 2408 1076 2492 edictum

62 2501 106 2589 (Ρ.
123 2503 213 2586 190).
230 2536 270 2547 -
283 2499 441 2563 Proculus
456 2504 489 2564 et
502 2499 645 2584 Pegasus
665 2498 785 2562 bouem
802 2497 898 2562 fidcm
918 2519 1001 2582 eum,
1020 2497 1077 2582 qui

62 2592 91 2655 in
110 2591 269 2657 servitute
287 2608 399 2672 gerere
418 2588 534 2671 coepit,
552 2591 717 2671 praestare
736 2586 851 2651 debere
869 2587 973 2670 aiunt3
992 2587 1078 2652 ideo·

63 2701 120 2763 que
143 2683 317 2763 quantum,
345 2677 373 2740 si
397 2676 480 2740 alius
505 2677 573 2740 eius
595 2675 729 2759 negotia
754 2676 922 2761 gessisset,
950 2696 1077 2740 servare

63 2767 231 2851 potuisset,
249 2769 378 2830 tantum
401 2786 484 2848 eum,
506 2764 562 2848 qui
585 2787 605 2828 a
628 2768 731 2829 semet
752 2765 824 2847 ipso
842 2785 909 2828 non
927 2764 1078 2848 exegerit,

63 2856 266 2958 negotiorum
290 2857 457 2956 gestorum
470 2854 602 2954 'actione
620 2854 885 2955 praestaturumL
908 2853 936 2954 si
956 2852 1078 2937 aliquid

63 2942 732 3098 bituiti?titttlttit
746 2941 1079 3095 ¹2¹..2“.tt.¹'⁰‘⁶⁵l·

149 3175 212 3256 Qui·
233 3173 398 3239 arbitrium
420 3172 597 3254 receperint,
619 3176 656 3236 ut
675 3171 858 3236 secantium
879 3171 993 3237 ducat

150 3290 181 3356 5.
203 3289 243 3354 D.
256 3289 287 3367 4,
297 3288 390 3371 8,21,
400 3289 431 3353 9.
476 3286 638 3371 Ulpianus
661 3287 744 3352 libro
768 3286 865 3352 tertio
890 3287 1013 3351 decimo
1037 3285 1078 3348 ad

68 3379 202 3445 edictum
223 3375 273 3462 (P.
287 3375 377 3464 460).
396 3414 439 3424 -
460 3375 494 3442 Si
517 3376 588 3460 quis
613 3397 652 3440 ex
670 3375 892 3461 litigatoribus
915 3375 988 3439 ideo
1011 3394 1079 3438 uon

136 3541 150 3590 1
170 3534 368 3605 magistratus?
388 3532 615 3589 duumvirorum?
