2430 3944
148 211 213 277 438
250 211 283 268 V.
301 209 452 265 Nuuvnu
470 209 518 265 ΕΤ
537 208 691 264 TRAIANI
709 207 816 265 ΤΕΜΡ.
834 205 932 264 IURIS
951 202 1132 263 cousum'l

147 382 176 441 et
200 396 237 441 eo
263 379 347 440 terro
372 374 514 440 adsiduis
534 372 655 455 pluuiis
680 373 849 456 inundato,
879 371 926 436 ito
947 371 1073 453 pariete
1100 369 1159 435 eius

149 465 204 547 qui
227 465 377 529 locaverat
397 483 503 528 umore
518 462 702 545 praestituto
724 460 908 546 emortuom,
935 459 1083 543 aedificio
1104 479 1160 524 eor·

148 557 285 618 ruerunt.
327 551 428 617 Labeo
451 572 489 616 en
512 551 609 616 toooto
631 551 841 616 tantummodo
862 549 1015 616 ortionem
1032 567 1097 614 osse
1113 549 1161 629 oit,

147 643 225 726 quio
255 661 318 706 nou
349 642 420 723 insu
451 641 613 724 mroestio,
644 641 697 705 sed
727 659 817 704 semor
849 659 887 705 ero
913 659 951 703 eo
976 638 1162 720 oonqestr'ooo

143 735 251 815 posteo
277 731 391 796 domm
415 728 525 812 fuerit,
552 729 662 794 domni
682 733 785 794 ouum
806 727 946 794 iniuriae
967 728 1049 792 aetio
1073 725 1110 791 ob
1131 745 1162 790 eo

148 821 219 903 isso
249 820 303 903 sit,
333 839 388 900 per
414 839 505 903 quoe,
535 838 600 882 nou
626 818 811 882 eotrimeous
837 816 904 881 otiu
930 835 1029 882 uorsa
1055 815 1162 898 obtuto

147 909 262 975 domno
284 909 354 990 quis
376 908 514 987 adfectus
536 911 587 972 est.
632 906 686 972 too
704 906 808 988 probo.

553 1083 603 1149 De
624 1084 763 1150 iniuriis.

242 1202 312 1267 153.
346 1200 384 1265 D.
407 1199 460 1283 47,
487 1200 541 1282 10,
563 1199 616 1264 44.
669 1198 842 1264 Iavolenus
878 1198 963 1263 libro
1001 1220 1091 1263 nono
1128 1219 1163 1262 ex

150 1290 384 1375 posterioribus
397 1287 567 1354 Labeonis.
581 1324 619 1336 -
635 1286 674 1355 Si
686 1289 870 1368 inferiorum
883 1289 1030 1353 domiuus
1042 1288 1165 1352 aedium

150 1377 319 1463 <αεάιῖ>αε>
343 1378 513 1461 superiore
538 1378 635 1443 oioiui
654 1377 834 1461 seminandi
855 1396 951 1443 oouso
971 1375 1100 1459 fumum
1119 1376 1166 1460 fo-

149 1472 235 1550 eeret,
258 1471 314 1532 out
333 1468 363 1532 si
385 1467 525 1548 superior
542 1467 662 1532 oieiuus
680 1468 714 1530 in
732 1466 895 1549 inferiores
911 1466 1001 1531 aedes
1018 1466 1099 1548 quid
1113 1468 1167 1529 out

146 1557 309 1638 proiecerit
342 1560 400 1621 out
434 1554 597 1639 infuderit,
633 1559 725 1638 rreoot
754 1555 856 1620 Labeo
887 1555 1086 1620 iniuriarum
1116 1555 1167 1637 uqi

145 1665 242 1728 posse.
294 1645 377 1726 qood
403 1643 523 1725 fotsrru
547 1649 640 1730 orto,
670 1645 700 1709 si
722 1648 824 1710 tomen
846 1644 983 1709 iniuriae
1004 1643 1166 1724 faciendae

150 1753 247 1799 corsa
269 1733 445 1799 inmittitur.

241 1845 277 1905 of.
300 1844 424 1904 Peruiee
446 1834 501 1923 11²,
523 1864 552 1920 p.
568 1846 609 1905 36
634 1864 663 1906 n.
678 1846 707 1905 5.

578 2058 686 2118 Liber
708 2059 744 2118 X.

236 2177 286 2243 De
307 2178 568 2243 entraordinariis
589 2178 773 2259 quoiusdam
795 2177 911 2243 dotiotis
927 2177 1090 2260 privatis?

244 2292 317 2358 154.
348 2292 387 2357 D.
410 2293 463 2374 46,
488 2294 516 2377 1,
539 2293 592 2357 46.
645 2292 819 2358 Iavolenus
851 2291 936 2358 libro
970 2292 1098 2359 decimo
1131 2314 1168 2356 ex

152 2380 386 2467 posterioribus
414 2381 585 2447 Labeonis.
612 2418 657 2429 -
684 2381 763 2448 Ourn
793 2384 842 2447 tere
868 2382 1095 2448 venditionibus
1122 2402 1168 2446 oo-

153 2491 274 2535 ourrero
303 2471 444 2550 uoluerit,
475 2471 637 2553 fideirossor
667 2493 785 2554 quoque
814 2471 974 2554 literatior,
1006 2492 1040 2536 eo
1068 2471 1169 2555 monis

154 2561 236 2641 quod
251 2579 309 2640 per
331 2560 481 2624 eiusmodi
503 2561 651 2625 notionem
674 2563 717 2626 od
737 2582 824 2626 reum
839 2561 1027 2643 pereniter.

243 2686 328 2757 Quod
353 2688 388 2747 de
412 2681 503 2765 ‘lege'
527 2690 641 2749 dietum
664 2694 718 2767 est¹
742 2689 781 2749 od
803 2709 839 2750 eo
859 2710 978 2767 quoque
996 2708 1074 2767 quoe
1093 2689 1169 2767 legis

153 2776 248 2836 vioem
266 2776 378 2849 hebere
397 2778 567 2857 ereduntur,
591 2779 621 2838 id
641 2782 688 2839 est
706 2779 745 2838 ed
763 2778 904 2855 principis
923 2779 1169 2839 constitutionem

154 2865 203 2924 vel
229 2868 350 2924 senatus
369 2867 539 2926 consultum
556 2868 707 2944 pertinere
726 2869 900 2928 Iauolenum
920 2870 1065 2928 statuisse
1084 2871 1168 2928 retus

154 2957 186 3012 et
217 2954 348 3013 edietum
378 2953 439 3014 divi
465 2955 612 3035 Augusti,
644 2976 703 3034 quo
735 2958 780 3016 rei
797 2957 959 3033 'litigiosae
988 2958 1168 3033 emptionem

154 3042 268 3101 nullius
295 3044 440 3103 momenti
467 3062 533 3104 esse
561 3046 707 3106 statuitur
732 3039 783 3124 (fr.
803 3045 839 3105 de
862 3046 928 3105 iure
950 3044 1015 3104 fisci
1039 3043 1059 3122 ἓ
1080 3037 1115 3126 8)
1139 3047 1169 3104 et

155 3134 277 3190 senatus
310 3132 479 3192 consultum
510 3133 586 3192 illud
614 3134 650 3193 de
678 3134 821 3194 oedifioiis
848 3153 907 3193 nou
936 3134 1089 3194 diruendis
1118 3133 1170 3193 On.

155 3219 280 3280 Hosidio
303 3219 380 3280 Geta
401 3221 436 3281 L.
460 3222 598 3298 Vogellio
621 3240 679 3282 uos.
704 3217 744 3301 (e.
768 3218 915 3299 44-46)
938 3223 1061 3299 foetum¹
1091 3221 1170 3300 quod

156 3309 301 3385 quosdam
319 3310 521 3370 aedificiorum
539 3311 725 3371 venditiones
744 3305 857 3371 ‘irritos
875 3304 951 3371 fieri'
971 3312 1038 3372 vult
1056 3303 1169 3394 (Bruns

155 3397 229 3456 font.
261 3418 290 3473 p.
311 3393 450 3480 190sq.)‚
475 3400 609 3476 eliasque
628 3401 739 3460 similes
759 3393 863 3478 ‘leges’
884 3400 1060 3460 Iauolenum
1079 3399 1169 3479 expli·

157 3503 242 3546 nesse
256 3487 432 3562 putaverim.
457 3506 534 3564 queo
548 3488 718 3548 oouieeturo
731 3490 787 3549 hoe
799 3508 831 3548 re
842 3490 1077 3567 commendetur,
1091 3488 1169 3566 quod

153 3573 199 3634 itu
214 3575 383 3653 probabilis
402 3596 503 3638 rorum
520 3595 648 3638 conexus
666 3577 860 3655 conspicitur3
878 3597 948 3638 nom
965 3579 1018 3656 qui
1032 3599 1096 3640 rem
1109 3578 1168 3639 liti·
