2430 3944
113 227 116 234 ,
152 181 196 245 54
223 180 270 236 ΙΠ.
286 180 362 236 GAJI
377 179 527 235 CLAUDII
534 178 672 235 NERON.
682 179 826 234 GALBAE
837 179 946 235 ΤΕΜΡ.
956 178 1053 234 mals
1064 178 1166 237 OONS.

152 344 293 426 pretium
367 347 623 427 argumentoque
637 345 772 408 utuntur
780 341 903 407 Graeco
914 346 1011 426 poeta
1019 341 1165 410 Homero

152 432 206 517 qui
231 431 339 516 aliqua
362 434 455 514 parte
479 430 526 496 sic
549 431 609 496 ait:
632 479 694 498 ...

139 629 140 632 Ἴ
240 542 413 619 Sequuntur
435 543 521 601 Iliad.
544 544 569 616 7,
591 544 776 602 472-475.

245 653 323 717 69⁰?
354 651 440 718 Serv.
464 652 505 716 ad
523 650 641 737 Georg.
660 653 690 734 3,
709 653 783 718 306.
810 689 848 698 —
869 701 899 717 ..
918 651 1004 737 apud
1023 633 1164 717 maiores

151 764 242 806 omne
270 740 515 807 mercimonium
543 740 576 804 in
600 741 839 825 permutatione
862 740 1049 824 constabat,
1080 739 1164 824 quod

152 834 185 893 et
207 829 306 894 Gaius
330 828 505 894 Homerico
528 829 700 895 confirmat
722 831 881 913 exemplo

238 941 350 1000 Utrum
363 939 500 1001 Cassium
519 959 557 999 an
575 942 750 1018 posterioris
769 941 879 1001 aetatis
898 939 1007 1000 Gaium
1026 940 1165 1018 designa·

150 1029 228 1091 verit
247 1029 379 1108 Servius,
396 1030 428 1087 in
445 1029 559 1088 incerto
578 1029 805 1107 relinquendum
824 1033 884 1106 est,
906 1048 976 1089 nam
994 1029 1075 1089 hunc
1094 1049 1165 1108 quo·

152 1137 208 1194 que
231 1137 285 1193 pro
309 1121 487 1196 argumento
514 1136 602 1177 usum
626 1137 692 1179 esse
708 1119 840 1178 Homero
864 1120 993 1178 constat
1039 1118 1116 1178 Inst.
1137 1121 1164 1192 3,

157 1209 228 1266 141.
261 1207 296 1266 cf.
321 1206 443 1266 Pernice
466 1207 482 1265 I
503 1227 533 1283 p.
553 1208 604 1266 85.

240 1317 291 1381 70.
315 1315 385 1380 Gai.
401 1316 430 1400 3,
447 1317 518 1380 140.
544 1353 582 1363 -
608 1316 684 1381 ..si
707 1315 755 1380 ita
777 1316 864 1382 inter
885 1339 945 1381 nos
969 1317 1165 1402 convenerit,

150 1409 188 1470 ut
219 1405 333 1490 quanti
361 1404 466 1468 Titius
497 1427 565 1468 rem
594 1405 827 1487 aestimaverit,
858 1405 946 1469 tanti
975 1407 1017 1470 sit
1045 1410 1164 1490 empta,

150 1493 259 1558 Labeo
282 1494 416 1576 negavit
438 1492 537 1558 ullam
562 1494 627 1557 vim
646 1493 709 1558 hoc
727 1494 897 1577 negotium
915 1493 1049 1576 habere,
1073 1492 1165 1560 cuins

151 1580 335 1665 opinionem
359 1580 492 1647 Cassius
515 1582 642 1665 probat.

240 1670 291 1734 71.
315 1669 354 1734 D.
371 1670 422 1755 18,
438 1671 465 1749 1,
480 1671 532 1751 35,
546 1669 576 1734 5.
613 1668 713 1734 Gaius
730 1671 812 1734 libro
828 1669 951 1735 decimo
967 1669 1007 1734 ad
1022 1669 1165 1735 edictum

149 1757 347 1841 provinciale
370 1755 421 1845 (P.
436 1754 537 1843 238⁰).
559 1793 601 1804 -
623 1756 662 1822 In
685 1757 738 1822 his
762 1780 842 1842 quae
865 1759 1005 1842 pondere
1027 1779 1163 1822 numero

149 1867 340 1913 mensurare
359 1850 519 1930 constant,
538 1846 641 1912 veluti
659 1847 822 1911 frumento
841 1847 917 1912 vino
933 1847 1003 1911 oleo
1018 1850 1165 1931 argento,

151 1935 248 2000 modo
272 1957 310 2000 ea
333 1938 503 2001 servantur
526 1957 607 2019 quae
631 1936 666 1998 in
690 1934 815 2019 ceteris,
837 1938 874 1999 ut
892 1935 988 1999 simul
1007 1937 1106 2019 atque
1124 1933 1165 1999 de

151 2024 257 2107 pretio
282 2024 476 2108 convenerit,
500 2025 645 2089 videatur
665 2023 808 2108 perfecta
826 2022 979 2108 venditio,
1001 2023 1099 2088 modo
1119 2028 1164 2108 ut,

152 2112 281 2178 etiarnsi
299 2113 338 2177 de
356 2111 462 2197 pretio
482 2113 677 2198 convenerit,
694 2134 761 2177 non
778 2115 887 2176 tamen
906 2113 1001 2176 aliter
1014 2112 1164 2176 videatur

149 2201 294 2284 perfecta
317 2201 471 2283 venditio,
495 2222 591 2284 quam
615 2201 644 2265 si
667 2202 819 2280 admensa
843 2201 985 2283 adpensa
1009 2203 1162 2265 adnume-

149 2295 261 2354 ratave
290 2289 364 2354 sint.
408 2311 485 2353 nam
513 2288 539 2352 si
563 2310 667 2353 omne¹
680 2289 791 2353 vinum
815 2289 867 2352 vel
890 2288 996 2353 oleum
1021 2288 1073 2352 vel
1097 2288 1163 2354 fru-

149 2382 294 2443 mentum
312 2378 364 2441 vel
383 2379 554 2461 argentum
572 2381 865 2462 quantumcumque
879 2381 964 2441 esset
977 2398 1042 2441 uno
1056 2379 1163 2460 pretio

149 2466 299 2544 venierit,
325 2465 410 2529 idem
438 2464 517 2529 iuris
546 2469 595 2530 est
620 2465 704 2549 quod
728 2467 762 2529 in
786 2466 901 2530 ceteris
924 2466 1030 2529 rebus.
1077 2466 1163 2550 quod

150 2553 179 2618 si
203 2553 314 2618 vinum
337 2553 384 2618 ita
407 2554 554 2635 venierit,
582 2558 619 2618 ut
645 2553 679 2618 in
703 2555 846 2640 singulas
871 2554 1060 2638 amphoras,
1083 2556 1162 2619 item

151 2643 271 2726 oleum,
299 2646 335 2706 ut
362 2642 394 2706 in
419 2640 564 2727 singulos
587 2646 753 2725 metretas,
781 2643 859 2708 item
882 2643 1097 2726 frumentum,
1124 2648 1163 2708 ut

149 2730 183 2794 in
215 2731 361 2815 singulos
394 2730 533 2814 modios,
564 2731 643 2795 item
671 2736 854 2816 argentum,
886 2734 924 2794 ut
950 2732 985 2794 in
1014 2731 1163 2816 singulas

149 2819 248 2883 libras
281 2824 409 2884 certum
436 2821 575 2903 pretium
609 2820 781 2900 diceretur,
820 2819 999 2903 quaeritur,
1031 2821 1162 2904 quando

58 2952 61 2957 -
149 2906 297 2972 videatur
326 2907 446 2993 emptio
471 2908 589 2991 perfici.
635 2909 720 2993 quod
744 2909 896 2973 similiter
920 2908 1043 2974 scilicet
1066 2930 1163 2993 quae·

149 2995 233 3060 ritur
256 3001 290 3061 et
312 2996 351 3061 de
373 2997 426 3062 his
450 3017 532 3081 quae
555 3019 690 3062 numero
714 3001 874 3079 constant,
897 2997 923 3061 si
946 3019 1005 3080 pro
1023 3018 1161 3062 numero

150 3105 320 3168 corporum
339 3085 479 3169 pretium
498 3085 595 3150 fuerit
614 3088 779 3150 statutum.
817 3083 956 3151 Sabinus
975 3089 1009 3149 et
1027 3082 1161 3151 Cassius

149 3177 227 3238 tunc
255 3175 365 3258 perfici
393 3174 590 3258 emptionem
619 3174 819 3256 existimant,
847 3195 920 3239 cum
948 3173 1162 3239 adnumerata

151 3261 305 3327 admensa
328 3263 508 3346 adpensave
530 3262 609 3344 sint,
633 3263 709 3346 quia
731 3262 874 3327 venditio
898 3262 989 3347 quasi
1014 3264 1073 3326 sub
1098 3263 1161 3328 hac

150 3350 337 3416 condicione
373 3352 499 3416 videtur
530 3350 614 3436 fieri,
649 3354 688 3415 ut
718 3349 774 3434 <in
806 3351 950 3436 singulas
983 3351 1158 3435 amphoras

151 3440 360 3504 contrahatur
384 3439 461 3523 aut>
483 3439 518 3502 in
542 3439 688 3524 singulos
707 3442 860 3504 metretas
881 3443 937 3504 aut
955 3440 991 3503 in
1008 3439 1160 3524 singulos

150 3527 276 3593 modios
307 3549 388 3613 quos
417 3550 536 3612 quaeve
564 3527 737 3592 admensus
766 3528 843 3608 eris,
870 3533 927 3592 aut
954 3528 986 3591 in
1014 3528 1159 3613 singulas
