2430 3944
359 213 384 264 6.
406 205 613 263 IAVOLENUS
630 205 779 262 PRISCUS
1003 206 1070 274 453

155 377 192 437 of.
211 375 275 435 Gai.
294 378 324 452 3,
344 378 455 452 ll9aq.
478 420 486 435 .
522 419 530 434 .
548 375 716 452 quaeritur,
739 375 766 434 si
788 393 892 436 servus
915 379 968 435 aut
989 396 1073 452 pere·

64 465 172 542 grinus
200 465 400 542 spoponderit,
423 484 462 523 an
483 484 538 541 pro
567 483 601 524 eo
628 482 755 540 sponsor
776 467 831 524 aut
852 464 1074 541 fidepromissor

66 553 227 632 obligetur.
281 552 438 614 fideiussor
472 571 543 614 vero
582 553 720 612 omnibus
752 553 983 631 obligationibus

64 642 144 702 adici
169 645 280 718 potest.
325 660 360 701 aa
386 661 423 701 ne
451 642 526 701 illnd
549 641 669 718 quidem
690 642 828 717 interest,
852 645 954 701 utrum
976 643 1074 702 aivilie

65 751 105 791 an
128 730 276 790 naturalis
304 731 447 809 obligatio
471 730 510 790 sit
532 730 582 790 eui
603 729 763 814 adiciatur,
786 730 860 789 adeo
884 731 1017 807 quidem,
1039 735 1075 790 ut

62 839 120 896 pro
153 838 239 879 servo
271 837 388 897 quoqne
421 819 588 896 obligetur,
620 820 684 878 sive
716 821 875 878 extraneus
907 820 948 879 sit
978 819 1030 896 qui
1057 838 1075 876 a

64 927 153 969 servo
177 908 383 968 fideiussorem
405 909 541 984 accipiat,
564 907 627 967 sire
649 907 713 983 ipse
737 908 874 967 dominus
897 907 929 965 in
946 907 977 966 id
995 909 1076 983 quod

63 997 125 1057 sibi
147 996 300 1056 debeatur.

402 1078 452 1144 De
473 1085 586 1162 recepte
609 1080 742 1146 arbitrii.
816 1104 818 1109 ·

157 1195 208 1259 63.
236 1193 274 1259 D.
288 1196 323 1276 4,
338 1195 372 1275 8,
385 1194 428 1258 39
443 1215 490 1278 pr.
536 1194 708 1260 Iavolenus
736 1194 821 1260 libro
843 1195 1013 1260 undecimo
1037 1217 1076 1259 ex

65 1281 192 1348 Cassio.
223 1319 260 1330 -
291 1283 364 1348 Nm
390 1303 429 1348 ee
455 1284 595 1349 omnibus
621 1285 737 1368 carasio,
763 1303 801 1348 ee
826 1283 937 1365 quibus
963 1283 1077 1349 arbitri

55 1373 204 1457 paritum
233 1373 398 1437 sententiae
420 1392 482 1437 aaa
504 1377 559 1457 est,
580 1393 683 1455 poma
704 1392 742 1437 err
763 1374 977 1455 compromisso
999 1393 1077 1438 eom·

63 1462 215 1545 mittitur,
241 1462 294 1525 sed
319 1481 356 1526 ea
382 1460 431 1525 bis
458 1462 634 1544 dumtaxat,
661 1481 739 1542 quae
763 1463 806 1526 ad
826 1462 1005 1526 solationem
1021 1481 1076 1543 pe-

61 1550 176 1615 cuniae
186 1554 243 1613 aat
254 1569 376 1632 operam
386 1550 593 1630 praebendam
601 1551 765 1632 pertinent.
796 1549 894 1615 Idem.
922 1555 1076 1614 emtama·

62 1640 149 1703 ciam
172 1638 337 1720 litigatoris
359 1638 473 1702 arbiter
489 1640 606 1720 praeire
624 1640 737 1719 poterit
752 1640 918 1720 proraiam
935 1659 1004 1704 eam
1022 1640 1076 1704 ad·

62 1728 203 1792 versario
221 1729 295 1791 dare
312 1727 449 1791 iabmda
475 1748 533 1808 qao
555 1730 590 1790 ia
600 1747 734 1792 ¹rmmero
752 1727 857 1791 baberi
874 1748 937 1792 aaa
955 1732 1077 1811 opormt,

63 1817 95 1882 si
118 1817 240 1881 testium
262 1817 392 1880 namma
413 1836 450 1880 ee
467 1817 616 1880 sententia
634 1816 746 1879 arbitri
762 1815 898 1881 exhibita
915 1836 978 1880 riori
995 1821 1076 1881 sant.

157 1926 233 1985 Uter
260 1920 363 1985 ‘idem'
387 1927 440 2003 sit,
468 1924 587 1986 Cassius
612 1946 651 1985 an
672 1926 846 2004 Iavolenus,
874 1926 999 1986 dubium
1021 1929 1075 1986 est.

157 2037 209 2102 64.
238 2035 276 2102 D.
291 2037 366 2102 ibid.
382 2039 401 2116 ἓ
420 2039 446 2101 1.
469 2074 506 2084 -
528 2035 606 2102 Cam
628 2037 742 2101 arbiter
762 2037 844 2101 dmm
866 2039 1077 2118 compromissi

56 2124 201 2210 proferri
223 2126 321 2207 iussit,
344 2146 413 2190 mm
435 2126 489 2191 bea
510 2127 742 2208 eipermissam
764 2129 815 2209 est,
837 2127 965 2191 atterius
987 2145 1075 2190 mora

65 2215 162 2279 atteri
184 2215 228 2279 ad
243 2235 377 2296 pomam
398 2216 642 2280 committendam
659 2215 794 2298 prodest.

474 2441 581 2502 Liber
603 2441 669 2502 XII.

158 2561 233 2622 Cam
254 2564 302 2623 his
325 2565 501 2642 fragmentis
525 2568 645 2625 tantum
668 2566 704 2626 de
722 2566 838 2642 peculio
858 2567 889 2623 et
906 2564 943 2623 de
962 2564 994 2623 in
1011 2584 1075 2623 rem

62 2670 157 2714 verso
180 2656 301 2731 agatur,
323 2673 383 2714 non
406 2657 515 2731 agatur
539 2655 575 2713 de
599 2654 773 2715 exercitoria
795 2655 844 2714 vel
867 2654 903 2713 de
925 2653 1076 2712 institoria

61 2741 197 2817 actions,
226 2742 262 2800 de
289 2743 327 2801 iis
354 2743 484 2820 negotiis
513 2762 610 2802 sermo
638 2745 730 2802 fuisse
752 2741 885 2821 videtur,
913 2761 988 2818 quae
1012 2742 1075 2801 sine

60 2832 152 2890 iussu
178 2830 228 2888 vel
254 2831 409 2890 voluntate
436 2830 532 2906 patris
561 2832 710 2892 dominive
737 2835 890 2891 eontracta
914 2835 992 2891 sunt.
1038 2832 1074 2892 ef.

60 2919 141 2979 Inst.
156 2920 186 2995 4,
202 2922 231 2996 7,
245 2920 274 2977 4.
303 2917 366 2978 Gai.
382 2921 411 2994 4,
428 2923 478 2980 71.
523 2911 614 3001 (qaae
638 2919 729 2979 Gaius
754 2914 801 2979 ‘de
825 2920 940 2980 aetiana
963 2921 1075 2996 quain

61 3006 218 3085 peculiam
240 3007 368 3066 filiorum
387 3008 517 3067 familias
537 3027 750 3086 servorumque
769 3001 892 3087 agitur',
915 3027 946 3068 se
964 3008 1074 3067 dixisse

62 3099 96 3172 4,
112 3098 153 3156 69
178 3095 285 3173 tradit,
309 3115 344 3155 ea
366 3097 398 3154 in
421 3096 521 3156 codiee
543 3097 606 3174 legi
628 3116 687 3157 non
709 3090 893 3177 potuerunt.)

472 3268 523 3334 De
539 3270 667 3351 erratio.

157 3383 209 3449 65.
233 3382 272 3450 D.
285 3383 335 3466 15,
347 3386 376 3469 1,
385 3385 437 3450 33
448 3384 499 3449 35.
535 3381 704 3448 Iavolenus
727 3385 810 3449 libro
829 3382 1017 3448 duodecimo
1036 3404 1075 3447 ex

67 3470 257 3537 Cassia-
281 3434 344 3538 Sed
363 3475 393 3537 si
414 3474 484 3555 qais
507 3492 628 3537 servam
650 3475 697 3537 ita
718 3475 909 3552 vendididit
888 3476 1009 3554 pm
1008 3493 1075 3535 mm

62 3583 123 3644 pro
145 3561 267 3645 paratio
294 3556 451 3646 arriperet,
470 3581 567 3645 peaes
592 3583 662 3628 eam
689 3563 809 3629 uidetur
838 3582 903 3628 esse
923 3560 1101 3644 aetatium,
