2430 3944
112 165 156 229 46
184 165 229 221 ΙΙΙ.
246 165 321 222 GAlI
336 165 483 221 CLAUDII
493 164 630 221 NERON.
640 165 785 222 GALBAE
795 167 907 224 TEMP.
916 167 1014 224 mals
1025 169 1128 229 CONS.

425 335 472 394 De
488 351 627 408 pecorum
649 337 812 409 usufructu.

199 446 250 511 37.
279 444 318 510 D.
329 445 358 528 7,
371 444 461 528 1,68,
473 444 501 509 1.
546 443 708 528 Ulpianus
730 446 815 511 libro
840 446 978 530 septimo
1002 446 1128 514 deoimo

109 534 149 598 ad
174 533 329 600 Sabinum
349 530 398 620 (P.
412 529 539 620 2574⁸).
563 569 606 579 —
630 532 730 598 Fetus
753 583 783 598 ..
806 556 962 618 pecorum
985 531 1127 602 Sabinus

109 629 142 689 εὴ
165 621 296 688 Cassius
321 623 447 705 opinati
470 625 547 686 sunt
570 622 610 686 ad
633 621 846 687 fructuarium
869 624 1039 800 pertinere.

197 714 249 778 38.
272 711 493 795 D.7‚1‚70,2.
529 709 606 795 Ulp.
620 710 695 776 ibid.
712 708 762 798 (Ρ.
772 710 876 776 2574b
894 763 901 776 .
920 749 962 760 -
982 761 1006 777 ..
1026 712 1127 780 Gaius

108 798 240 865 Cassius
262 801 347 865 libro
371 804 487 864 octavo
511 799 625 864 scribit
648 821 775 864 earnem
798 801 885 865 fetus
904 800 1067 867 demortui
1085 802 1126 869 ad

106 890 319 954 fructuarium
342 889 516 973 pertinere.

223 1055 271 1113 De
292 1055 447 1127 usufructu
463 1070 520 1128 per
542 1057 661 1112 seualus
683 1055 843 1113 coasultum
866 1071 1005 1116 oouoesso.

196 1163 248 1229 39.
281 1163 321 1228 D.
337 1165 366 1245 7,
380 1163 411 1247 5,
425 1164 454 1228 3.
499 1161 661 1247 Ulpianus
685 1162 770 1227 libro
795 1166 909 1228 oetavo
933 1163 1060 1230 decimo
1085 1165 1125 1232 ad

107 1251 262 1317 Sabinum
291 1251 340 1339 (P.
359 1249 486 1335 259012).
514 1286 556 1299 -
585 1251 665 1316 Post
693 1251 779 1335 quod
807 1249 863 1337 (se.
887 1256 1021 1318 senatus
1050 1275 1124 1319 eon-

106 1338 243 1427 sultum)
280 1342 424 1405 omnium
456 1363 564 1405 rerum
595 1362 673 1404 usus
705 1339 830 1405 fructus
860 1341 963 1426 legari
992 1343 1124 1425 poterit.

104 1451 147 1495 an
177 1434 211 1495 et
237 1429 429 1494 nominum?
457 1479 491 1494 ..
520 1427 651 1494 Cassius
680 1431 713 1492 et
739 1428 896 1494 Proculus
925 1431 1124 1517 existimant,

103 1540 199 1602 posse
222 1519 332 1602 legari.

194 1629 381 1689 Sententiam
404 1629 501 1688 eidem
523 1629 601 1688 libro
624 1628 792 1688 attribuere
814 1629 894 1689 lieet.

215 1825 332 1883 Plane·
349 1825 573 1885 insertorum
595 1823 772 1882 librorum
795 1825 1009 1900 fragmenta.

190 1949 373 2027 Fragmenta
400 1949 535 2024 disposui
562 1948 725 2008 seeundum
752 1948 887 2007 ordinem
914 1947 1121 2011 Sabinianum.

518 2116 569 2185 De
591 2121 706 2202 lupatis.

490 2241 537 2300 De
558 2259 615 2300 usu
637 2242 731 2314 suedi.

189 2352 242 2416 40.
272 2351 309 2416 D.
321 2353 349 2435 7,
359 2352 389 2429 8,
402 2351 451 2430 12,
464 2352 493 2414 1.
537 2350 698 2433 Ulpianus
722 2350 805 2414 libro
829 2350 968 2434 septimo
992 2349 1118 2417 decimo

101 2439 142 2503 ad
166 2437 322 2503 Sabinum
346 2435 396 2524 (P.
409 2439 521 2522 2577).
540 2475 582 2484 -
601 2438 737 2503 Praeter
760 2438 995 2503 habitationem
1020 2462 1119 2524 quam

99 2527 212 2612 habet,
249 2526 301 2592 oui
332 2549 410 2591 usus
443 2527 538 2591 datus
571 2530 621 2592 est
653 2525 710 2610 (so.
738 2523 855 2614 fundi),
888 2527 1118 2592 deambulandi

100 2637 226 2701 quoque
254 2618 286 2680 et
314 2616 464 2700 gestandi
490 2617 540 2680 ius
567 2614 711 2680 habebit.
758 2614 898 2680 Sabinus
926 2620 960 2680 ot
984 2613 1117 2682 Cassius

99 2708 131 2770 et
159 2703 259 2790 lignis
288 2705 328 2768 ad
355 2726 449 2769 usum
478 2704 689 2769 cottidianum
719 2709 751 2769 εὴ
776 2704 873 2769 horto
896 2707 929 2768 et
952 2704 1059 2788 pomis
1085 2709 1118 2770 et

98 2793 263 2858 holeribus
293 2802 325 2858 et
351 2793 485 2858 floribus
513 2796 546 2858 et
572 2815 656 2878 aqua
683 2815 831 2876 usurum,
858 2814 924 2857 non
948 2795 1116 2878 usquead

98 2882 337 2966 compendium,
360 2881 417 2946 sed
441 2882 481 2946 ad
503 2904 607 2965 usum,
632 2881 757 2946 seilicet
779 2903 845 2946 non
868 2903 969 2965 usque
994 2882 1035 2946 ad
1059 2883 1116 2947 ab·

97 2993 200 3035 usum.
236 2972 321 3036 idem
336 2969 455 3055 Nerva,
474 2975 507 3035 et
526 2969 624 3034 adieit
705 2970 761 3034 sed
778 2991 882 3054 neque
901 2970 990 3035 foliis
1009 2992 1115 3055 neque

98 3060 169 3123 oleo
180 3081 283 3145 neque
293 3059 456 3125 frumento
466 3081 568 3144 neque
577 3058 726 3144 frugibus
736 3081 877 3123 usurum.
907 3058 963 3123 sed
973 3057 1115 3125 Sabinus

97 3150 129 3212 et
148 3146 280 3214 Cassius
371 3148 433 3213 hoo
453 3149 592 3232 amplius
612 3148 710 3212 etiam
730 3169 768 3212 ex
787 3147 838 3211 his
858 3169 940 3231 quae
958 3147 993 3211 in
1010 3147 1114 3214 fundo

95 3241 281 3320 nascuntur,
305 3237 391 3322 quod
412 3236 451 3302 ad
471 3237 592 3303 vietum
613 3236 675 3300 sibi
695 3235 825 3321 suisque
845 3236 986 3301 sufficiat
1004 3259 1113 3321 sump-

95 3330 204 3391 turum
229 3330 262 3390 et
286 3348 325 3390 ex
347 3326 397 3390 his
422 3347 504 3411 quae
526 3324 637 3391 Nerva
659 3326 801 3409 negavit.

185 3437 309 3498 Comma
341 3431 470 3497 ‘scilieet
501 3458 562 3498 non
593 3456 687 3512 usque
719 3435 758 3496 ad
791 3431 934 3496 abusum’
962 3436 1112 3514 Ulpianus

95 3528 217 3587 assisa.
257 3528 292 3586 ef.
315 3525 346 3584 n
367 3531 382 3586 1
409 3548 436 3602 p.
456 3529 532 3586 452.
