2430 3944
154 182 171 244 7
176 182 195 245 6
223 180 271 236 llI.
287 179 362 235 GAII
377 178 524 236 CLAUDII
532 178 669 234 NERON.
680 138 826 232 GALBAll
837 175 946 234 TEMP.
957 177 1052 234 l'URIS
1064 178 1167 236 CONS.

154 350 273 408 buenda
303 351 375 408 sunt
402 352 492 425 atque
516 348 571 406 illa
597 347 718 423 quidem
745 348 837 422 capiti
865 347 901 406 de
924 347 1076 422 emptione
1101 366 1168 406 ren·

153 439 266 498 ditione
290 436 488 497 additamenti
510 438 584 497 loce.

374 613 408 674 Si
429 615 548 688 familia
569 615 682 687 furtum
703 615 805 687 fecisse
827 615 945 673 dicetur.
1045 589 1048 595 Ι

244 735 292 799 18.
332 733 369 798 D.
394 734 428 815 9,
450 735 486 814 4,
509 734 609 816 3lpr.
669 732 787 797 Paulus
828 733 912 797 libro
953 734 1092 816 septimo
1129 733 1168 801 ad
1201 774 1204 779 ·

154 822 322 888 Plautium
345 817 517 908 (Ρ.1142).
538 858 576 868 -
598 821 690 898 Quod
715 821 761 886 ait
782 825 922 906 praetor,
945 844 1019 887 cum
1043 822 1170 889 familia

152 911 274 976 furtum
301 912 414 994 faciat,
443 912 483 975 ad
512 933 585 975 eum
612 911 744 975 modum
767 931 800 974 se
825 909 983 975 actionem
1009 910 1170 997 daturum,

152 1004 190 1065 ut
207 1003 337 1065 tantum
357 1003 449 1064 actor
466 1003 690 1084 consequatur,
713 1004 869 1084 quantum
890 998 917 1063 si
936 999 1018 1064 liber
1037 998 1169 1065 fecisset

153 1093 416 1174 consequeretur,
458 1086 638 1172 quaeritur,
673 1090 781 1152 utrum
813 1088 854 1151 ad
886 1088 1041 1171 pecuniae
1078 1111 1168 1173 prae·

155 1178 328 1242 stationem
351 1176 505 1260 respiciat
529 1199 569 1240 an
593 1179 692 1240 etiam
716 1175 756 1240 ad
778 1197 883 1241 noxae
905 1175 1112 1260 deditionem,
1134 1180 1171 1243 ut

153 1267 181 1330 si
196 1288 234 1330 ex
249 1266 362 1349 pretiis
376 1287 480 1330 noxae
495 1265 675 1330 deditorum
690 1265 823 1348 duplum
838 1264 1021 1350 colligatur,
1035 1286 1170 1350 sequen-

152 1358 202 1419 tes
231 1355 374 1419 actiones
401 1353 619 1419 inhibeantur.
666 1352 804 1418 Sabinue
833 1357 866 1418 et
891 1351 1023 1419 Cassius
1051 1357 1171 1440 putant

153 1443 294 1528 pretium
318 1464 445 1527 quoque
468 1464 571 1507 noxae
595 1442 777 1507 deditorum
800 1443 954 1527 imputari
977 1443 1102 1508 debere.

291 1624 338 1683 Ne
360 1626 430 1698 quio
451 1627 484 1683 tu
506 1626 566 1684 loco
588 1641 672 1684 suero
693 1624 827 1698 reliotoso
848 1629 947 1684 sunem
969 1600 1033 1697 fiat.

245 1743 294 1806 19.
313 1742 353 1807 D.
365 1744 393 1825 1,
404 1744 433 1826 8,
444 1743 474 1826 8,
485 1742 514 1806 1.
541 1742 726 1809 Marcianus
741 1743 825 1808 libro
840 1746 956 1827 quarto
971 1742 1169 1831 Regularum

154 1830 205 1914 (Ρ.
215 1827 306 1918 256).
324 1867 367 1878 -
389 1831 426 1895 ln
451 1831 636 1915 municipiis
660 1853 787 1917 quoque
811 1853 920 1897 muros
944 1853 1016 1897 esse
1040 1839 1170 1899 sanctos

155 1919 311 1984 Sabinum
330 1923 416 1985 recte
435 1921 639 2005 respondisse
659 1919 789 1985 Cassius
808 1920 916 2003 refert,
939 1921 1170 2006 prohiberiqne

154 2012 303 2092 oportere
326 2030 367 2073 ne
391 2010 468 2094 quid
491 2011 526 2073 in
550 2009 600 2074 his
624 2010 863 2075 immitteretur.
1009 2004 1016 2018 ’

319 2191 366 2251 Ne
388 2194 458 2266 quid
478 2195 512 2252 iro
535 2194 594 2252 loco
611 2193 730 2266 publico
752 2193 796 2250 oct
817 2194 920 2251 itinere
941 2194 1004 2264 fiat.

243 2310 294 2375 20.
318 2309 358 2375 D.
368 2311 421 2395 43,
431 2311 545 2394 24,11,
557 2311 586 2375 1.
625 2309 783 2392 Ulpianus
802 2310 886 2376 libro
906 2309 1172 2395 septuagensimo

153 2399 259 2482 primo
292 2399 332 2463 ad
365 2399 505 2464 edictum
536 2396 584 2486 (P.
607 2399 727 2482 12950).
758 2435 797 2444 -
827 2399 1016 2476 Quaesitum
1047 2404 1112 2486 est,
1144 2401 1172 2466 si

154 2491 297 2551 statuam
325 2489 360 2550 in
388 2488 564 2571 municipio
593 2510 631 2552 ex
659 2489 730 2552 loco
752 2488 883 2571 publico
908 2487 979 2572 quis
1004 2490 1174 2555 sustulerit

154 2575 206 2640 vel
230 2576 263 2639 vi
286 2575 336 2640 vel
360 2576 454 2659 clam,
477 2599 520 2641 an
539 2577 599 2641 hoc
616 2576 790 2640 interdicto
810 2580 968 2641 teneatur.
1011 2580 1044 2641 et
1063 2581 1174 2643 exstat

154 2661 258 2729 Oassii
286 2665 447 2729 sententia
470 2687 556 2748 eum,
584 2667 673 2730 cuius
699 2668 808 2729 statua
829 2665 864 2728 in
886 2666 958 2730 loco
980 2665 1113 2747 publico
1137 2668 1172 2730 in

154 2753 330 2837 municipio
360 2753 467 2835 posita
495 2754 551 2836 sit,
578 2753 665 2838 quod
692 2753 725 2818 vi
752 2757 809 2817 aut
838 2754 920 2818 clam
946 2773 1043 2837 agere
1065 2776 1173 2839 posse,

154 2840 230 2924 quia
256 2840 442 2907 interfuerit
470 2842 537 2906 eius
562 2863 633 2906 eam
656 2864 723 2907 non
746 2841 831 2924 tolli,
858 2841 1038 2925 municipes
1063 2849 1171 2908 autem

155 2929 254 2993 etiam
272 2929 352 2995 furti
372 2935 510 3013 acturos,
530 2932 605 3015 quia
624 2952 675 2995 res
695 2951 805 2995 eorum
825 2929 869 2994 sit
883 2931 976 3014 quasi
990 2932 1173 3015 publicata3

153 3016 252 3100 <nam
275 3018 338 3102 ipsi
360 3041 432 3084 eam
455 3019 641 3104 reficiunt>,
667 3020 695 3084 si
723 3016 885 3084 uetustotc¹
913 3019 1082 3104 deciderit,
1109 3021 1173 3106 ipsi

153 3128 225 3170 eam
248 3108 431 3173 detrahunt.

595 3200 678 3261 Uncto
699 3205 737 3262 ot.

243 3312 295 3375 21.
323 3311 362 3377 D.
377 3310 429 3394 43,
446 3311 496 3388 16,
514 3313 540 3394 1,
555 3312 607 3375 27.
653 3310 813 3395 Ulpianus
837 3312 922 3376 libro
946 3314 1173 3397 sexagensimo

154 3421 239 3465 nono
264 3399 302 3463 cd
326 3399 466 3463 edictum
490 3398 539 3485 (Ρ.
551 3395 661 3486 1526).
683 3435 721 3446 -
741 3397 816 3464 Vim
839 3401 872 3465 vi
895 3401 1052 3485 repellere
1075 3402 1172 3466 licere

226 3552 239 3598 1
261 3546 307 3601 Fr.
326 3549 429 3601 tamen.
