2430 3944
385 206 409 255 7.
433 199 632 255 Iuventius
651 199 786 255 CELSUS
1029 203 1095 267 499

76 363 300 429 ‘Rebellianus
324 364 352 428 si
376 363 498 428 caverit
521 363 666 427 coloniae
685 362 955 449 Philippensium,
979 366 1006 430 si
1026 366 1095 431 sine

76 453 191 518 liberis
220 453 390 535 morietur,
417 455 673 536 quantecumque
696 453 831 536 pecunie
855 475 893 517 ex
916 454 1095 520 hereditate

76 543 158 607 deve
176 541 273 606 bonis
288 541 368 605 meis
383 540 424 604 ed
438 562 510 605 eum
525 542 680 624 pervenit,
696 562 765 604 eam
781 543 950 623 peounism
966 565 1094 608 omnem

76 631 118 694 ad
152 630 315 695 coloniam
346 628 605 713 Philippensium
633 629 883 713 perventurem’.
928 633 1093 714 respondi:

76 741 115 784 ea
142 719 192 789 itis
215 719 320 800 verbis
343 739 422 801 puae
439 719 598 802 proponis,
621 717 676 801 [iel
696 723 740 783 est
749 719 935 803 petrariam]
954 722 1094 786 eristiuw

76 810 171 873 etiam
192 807 323 890 fruetus,
345 827 420 888 quos
442 828 480 871 ea
501 807 665 872 hereditate
681 809 824 892 percepit,
848 810 1003 873 restituere
1026 831 1095 874 euru

76 897 193 979 debere,
211 897 342 979 perinde
364 896 455 979 quasi
477 896 649 978 specialiter
671 895 726 960 lior
749 901 872 961 testator
893 900 1094 980 expressisset.

479 1072 529 1138 De
550 1074 697 1138 sacietate.

167 1188 198 1254 5.
235 1187 274 1253 D.
296 1189 351 1273 17,
369 1189 403 1272 2,
422 1187 465 1254 58
482 1211 528 1273 pr.
582 1187 672 1253 ldem
707 1186 765 1274 (so.
799 1188 974 1274 Ulpianus)
1010 1191 1093 1256 libro

76 1279 271 1364 trigensimo
294 1278 400 1361 primo
424 1277 465 1342 ad
488 1277 628 1342 edietum
650 1275 699 1360 (P.
715 1276 804 1363 926).
827 1313 870 1325 -
894 1277 929 1343 si
952 1279 984 1342 id
1007 1280 1094 1363 quod

76 1368 151 1451 quis
180 1367 215 1431 in
243 1367 428 1431 societatem
459 1365 597 1431 eontulit
624 1366 801 1430 extinctum
826 1368 883 1450 sit,
911 1368 1093 1451 videndum,

76 1479 118 1520 on
151 1477 212 1540 pro
246 1455 332 1520 socio
361 1475 465 1540 agere.
485 1455 600 1538 possit.
650 1458 828 1520 tractatum
855 1456 902 1521 ito
930 1460 980 1522 est
1008 1457 1094 1540 apud

76 1543 209 1610 Celsum
226 1544 310 1608 libro
326 1545 464 1627 septimo
479 1542 691 1628 Digestorum
706 1543 748 1609 ed
762 1543 934 1628 epistulam
949 1543 1093 1610 Cornelii

76 1633 211 1698 Felicis:
238 1654 310 1697 oum
337 1636 403 1697 tres
426 1653 526 1716 equos
550 1633 686 1697 haberes
710 1637 743 1695 et
766 1652 827 1717 ego
850 1655 965 1717 unum,
994 1635 1093 1700 soeie·

75 1726 180 1788 tatem
209 1723 344 1802 coimus,
371 1726 408 1786 ut
437 1725 568 1805 accepto
597 1742 680 1806 equo
707 1741 778 1785 meo
803 1722 992 1808 quadrigam
1018 1745 1092 1787 ven-

75 1812 168 1877 deres
198 1813 231 1874 et
259 1832 298 1875 ex
320 1810 424 1894 pretio
448 1815 598 1894 quartam
621 1809 703 1873 mihi
725 1809 883 1874 redderes.
940 1812 1092 1897 eiigitur

76 1903 153 1964 ante
177 1899 396 1964 venditionem
421 1920 521 1983 equus
541 1919 631 1963 meus
651 1901 798 1962 mortuus
817 1899 869 1981 sit,
890 1921 956 1964 non
976 1904 1091 1983 putere

76 2010 110 2053 se
125 1985 240 2052 Celsus
261 1988 307 2052 ait
326 1987 514 2052 societatem
534 2008 663 2051 manere
682 2007 741 2050 nee
761 2009 800 2050 ex
813 1986 918 2071 pretio
934 2009 1090 2070 equorum

76 2082 207 2142 tuorum
231 2081 358 2159 partem
381 2076 502 2160 deberi3
525 2098 590 2140 non
615 2075 700 2140 enim
720 2075 887 2139 habendae
907 2075 1092 2160 quadrigae,

76 2165 133 2231 sed
158 2164 344 2230 vendendae
368 2164 487 2230 coitum
511 2165 709 2230 societatem.

494 2340 544 2406 De
568 2342 677 2406 tutelis.

165 2457 195 2522 6.
219 2456 258 2522 D.
267 2458 320 2542 23,
330 2459 360 2539 3,
370 2457 422 2521 60.
456 2454 568 2521 Celsus
584 2457 669 2521 libro
684 2454 854 2521 undecimo
868 2455 1087 2540 Digestorum.

76 2584 113 2595 -
133 2545 271 2628 Quaero,
290 2549 430 2630 quantae
449 2547 603 2628 pecuniae
620 2545 728 2609 dotem
744 2546 947 2628 promittenti
962 2545 1089 2610 adultae

76 2634 206 2701 mulieri
222 2640 303 2699 tutor
316 2631 545 2699 auctoritatem1
556 2633 798 2698 eooommodare
808 2632 933 2698 debeat.
956 2656 1089 2720 respon·

76 2726 135 2790 iit:
154 2724 265 2788 modus
283 2743 320 2788 ea
335 2723 537 2803 fatuitatibus
555 2728 584 2787 et
600 2724 749 2805 dipuitate
767 2723 907 2788 mulieris
924 2725 1090 2805 ruaritipue

76 2814 255 2879 statuendis
278 2817 332 2894 est,
357 2832 511 2894 quousque
533 2813 615 2876 ratio
634 2813 766 2893 patitur.

165 2902 195 2965 7.
218 2899 257 2966 D.
272 2902 324 2982 27,
339 2902 368 2984 8,
384 2902 412 2967 7.
445 2899 557 2966 Celsus
577 2900 660 2964 libro
680 2899 849 2965 undeoimo
868 2899 1089 2984 Digestorum.

76 3026 115 3037 -—
131 2990 172 3055 In
187 2990 405 3073 magistratus,
424 2991 479 3074 qui
498 2993 640 3054 tutorem
655 2988 821 3072 dederunt,
834 3010 914 3073 rogo
929 2989 1088 3053 rescribas

76 3083 183 3144 utrum
212 3101 272 3163 pro
301 3078 388 3143 virili
417 3079 565 3161 portione
594 3077 678 3142 aetio
707 3077 813 3141 danda
841 3078 897 3156 sit,
928 3100 969 3141 an
998 3077 1088 3160 optio

77 3169 116 3232 sit
144 3169 216 3232 eius
242 3168 297 3251 qui
319 3168 461 3252 pupillus
485 3167 561 3244 fuit,
588 3189 660 3231 oum
685 3188 747 3250 quo
771 3166 979 3250 potissimum
1004 3169 1088 3248 agat.

77 3256 254 3342 respondit:
277 3257 306 3321 si
327 3257 395 3321 dolo
412 3255 550 3336 feceruut
565 3257 773 3336 ruapistratus‚
795 3261 832 3320 ut
848 3256 954 3319 miuus
969 3254 1088 3335 pupillo

78 3350 242 3428 caveretur,
269 3346 304 3409 iu
331 3365 420 3425 quera
446 3345 512 3408 uult
538 3347 615 3409 aetio
638 3346 666 3408 ei
688 3346 795 3409 dorda
817 3345 852 3408 ire
875 3344 1006 3408 solidum
1029 3347 1088 3420 est‚·

78 3435 124 3499 siu
151 3435 244 3516 eulpta
271 3435 437 3498 durataaat
462 3452 567 3496 eorum
593 3454 688 3514 nepae
714 3434 782 3498 dolo
809 3433 892 3498 rualo
917 3433 952 3495 id
970 3430 1088 3511 fartum

146 3580 160 3627 1
186 3573 260 3629 Trib.
281 3573 392 3628 curator
412 3587 583 3627 eonsensum.

830 3661 888 3715 Ὦ*
