2430 3944
272 178 300 230 4.
318 171 504 229 PLAUTIUS.
524 202 557 212 -
576 177 602 227 ὁ.
621 170 791 228 AUFIDIUS
812 171 918 267 omns
1049 173 1113 241 237

94 337 207 404 Nerva
221 335 400 405 Atilicinus
419 337 520 420 aiunt,
539 335 686 421 quamvis
705 337 739 401 id
758 336 946 401 mandatum
965 336 1006 401 ad
1024 340 1116 402 tuam

94 449 164 492 rem
186 425 360 512 pertineat.

304 585 343 653 se·
362 586 492 668 familia
511 585 635 667 fortem
654 585 762 666 fecisse
783 587 908 652 diadar.

186 693 242 759 59.
264 691 305 757 D.
320 692 351 776 9,
364 693 396 773 4,
411 692 463 756 31.
499 691 622 756 Paulus
640 692 723 756 libro
744 691 883 776 septimo
899 693 939 756 ad
952 691 1117 759 Plautium

98 778 285 870 (P.1142).
311 817 349 828 -
375 778 469 857 Quod
497 781 545 844 ait
573 784 716 864 praetor,
744 802 816 846 cum
844 780 969 846 familia
995 781 1118 847 furtum

101 872 213 954 faciat,
244 870 286 936 ad
309 892 383 935 enm
405 870 539 935 modum
562 890 596 934 se
620 870 782 935 actionem
805 870 966 955 daturum,
988 875 1026 934 ut
1048 876 1117 934 tan·

101 965 169 1026 tum
192 964 287 1025 actor
310 962 541 1044 consequatur,
564 962 724 1043 quantum
747 960 776 1024 si
799 959 883 1024 liber
905 960 1021 1024 fuisset
1044 980 1118 1024 con·

104 1051 301 1134 sequeretur,
321 1049 498 1133 quaeritur,
514 1051 625 1112 utrum
639 1048 679 1113 ad
694 1049 849 1132 pecuniae
863 1047 1119 1133 praestationem

105 1136 257 1222 respiciat
284 1158 327 1202 an
349 1138 450 1202 etiam
473 1136 640 1202 adnexae
663 1133 872 1219 deditionem,
900 1143 938 1203 ut
960 1139 1067 1220 [puta]
1091 1136 1119 1202 si

106 1248 140 1291 ex
152 1226 269 1311 pretiis
283 1247 388 1291 noxae
403 1225 584 1291 deditorum
599 1226 732 1310 duplum
746 1226 929 1312 colligatur,
946 1229 1119 1311 sequentes

107 1316 248 1381 actiones
271 1315 489 1383 inhibeantur.
531 1312 672 1383 Sabinus
695 1319 729 1380 et
751 1311 884 1380 Cassius
907 1319 1026 1400 putant
1048 1336 1119 1399 pre-

107 1402 183 1469 tinm
206 1425 337 1489 qnoque
358 1425 463 1470 noxae
487 1404 671 1469 deditorum
692 1402 849 1489 imputari
872 1403 996 1472 debere.

256 1581 309 1651 De
330 1581 480 1647 bonorum
496 1583 686 1665 possessione
703 1587 810 1647 costa
833 1582 963 1648 tabulas.

190 1688 257 1754 60?
281 1688 320 1753 Ι).
335 1689 388 1770 37,
404 1688 456 1771 12,
469 1688 500 1753 3.
527 1688 647 1753 Paulus
667 1687 752 1754 libro
767 1692 883 1753 octavo
898 1688 938 1753 ad
952 1687 1120 1753 Plautium

110 1772 152 1863 (P.
168 1777 282 1862 1150).
308 1813 346 1824 -
371 1776 535 1842 Paconius
560 1778 618 1843 ait:
643 1779 670 1841 si
692 1780 805 1862 turpes
827 1798 997 1861 personas,
1019 1776 1120 1842 veluti

111 1867 319 1950 meretricem,
356 1889 375 1930 a
411 1870 546 1951 parente
581 1866 804 1950 emancipatus
838 1870 871 1930 et
903 1867 1120 1931 manumissus

110 1951 237 2020 heredes
274 1954 419 2038 fecisset,
458 1959 604 2021 totorum
641 1956 800 2020 bonorum
840 1956 954 2018 contra
990 1955 1120 2020 tabulas

60 2068 62 2087 ¹
111 2044 267 2125 possessio
290 2044 418 2126 parenti
442 2045 545 2109 datur.

192 2138 315 2197 Paeonii
357 2138 507 2197 sententia
548 2138 676 2198 fortasse
718 2157 737 2196 a
772 2137 894 2196 Plautio
932 2137 1029 2195 relata
1065 2139 1120 2196 ast.

112 2224 241 2303 Krueger
262 2247 291 2302 p.
307 2227 381 2287 157.

449 2327 500 2393 De
522 2330 636 2394 domm
658 2329 777 2409 infecte.

60 2436 62 2441 ’
193 2435 247 2501 61.
275 2435 314 2499 Ι).
333 2434 386 2511 39,
404 2435 435 2516 2,
452 2434 547 2515 22,1.
592 2432 683 2499 Idem
712 2431 768 2521 (sc.
793 2433 928 2519 Paulus)
955 2434 1039 2499 libro
1069 2434 1120 2498 de·

115 2523 188 2588 simo
217 2524 259 2588 ad
282 2522 446 2587 Plautium
470 2521 519 2610 (P.
541 2520 652 2611 1179).
676 2560 718 2570 -
742 2522 898 2589 Plautius.
944 2521 979 2588 Si
1008 2524 1049 2588 ab
1073 2545 1122 2608 eo,

60 2674 62 2697 ,
116 2631 200 2694 quem
233 2613 402 2678 dominum
434 2633 505 2677 esse
537 2633 705 2697 negarem,
736 2612 853 2677 vellem
887 2613 947 2677 sub
978 2612 1040 2677 hae
1068 2635 1120 2677 ex·

116 2702 255 2784 ceptione
279 2701 320 2765 ‘si
343 2701 493 2766 dominus
517 2722 582 2765 non
606 2699 703 2766 esset'
727 2701 889 2783 satisdari,
912 2702 953 2781 ab
978 2723 1015 2767 eo
1034 2723 1121 2787 vero,

118 2809 202 2871 quem
221 2789 390 2856 dominum
409 2811 479 2853 esse
498 2790 646 2872 dicerem,
664 2812 742 2874 pure
759 2790 953 2877 repromitti,
972 2791 1122 2856 constitit

60 2944 62 2965 Ι
119 2897 174 2942 non
202 2878 318 2944 debere
345 2900 397 2943 me
425 2878 614 2963 impetrare,
643 2879 698 2943 sed
727 2879 843 2944 debere
867 2902 918 2944 me
941 2879 1074 2965 eligere,
1101 2902 1121 2944 a

60 2988 62 2997 ·
120 2985 173 3047 quo
195 2967 292 3033 velim
314 2968 396 3032 mihi
419 2968 533 3032 caveri.

384 3212 425 3296 5.
452 3219 676 3292 AUFIDIUS
704 3219 845 3293 OHIUS

198 3362 371 3424 Flauiorum
400 3363 508 3423 aetatis
540 3363 617 3422 iuris
648 3364 764 3440 peritus
795 3364 929 3424 moribus
956 3365 1120 3423 infamatus

126 3436 253 3524 (Martiat
270 3455 298 3532 5,
313 3456 364 3529 61,
381 3455 423 3512 10
445 3446 555 3512 ‘acrior
572 3447 640 3513 hoc’
660 3485 701 3494 —
721 3453 899 3513 describitur
917 3456 1016 3512 autem
1037 3472 1064 3511 a.
1079 3454 1119 3513 89

128 3545 285 3607 procurator
308 3542 462 3602 cuiusdam
481 3541 624 3616 mulieris,
644 3542 762 3619 quires
781 3543 891 3615 uxoris,
909 3542 1000 3601 immo
1019 3541 1121 3600 mariti
