2430 3944
356 182 381 232 6.
404 175 614 232 IAVOLENUS
632 175 780 233 PRISCUS
1005 177 1072 243 417

57 359 205 405 uasorum
225 338 342 403 babuit.
389 338 541 405 Proculus
563 360 632 405 oero
654 345 731 405 reete
752 342 806 420 ait,
824 342 854 406 si
875 362 985 408 aenam
1006 343 1073 425 qui·

56 429 127 494 dem
149 428 226 507 siut,
248 449 311 492 non
334 431 436 492 auum
459 427 651 513 Corinthiae,
673 450 736 494 non
759 430 867 495 deberi.

178 618 225 678 De
247 621 352 679 statuis
373 622 544 680 marmoreis
568 625 594 680 et
615 622 651 680 de
671 638 817 682 marmore
839 623 951 696 leuatis.

148 729 200 796 58.
228 727 268 794 D.
286 730 339 812 32,
362 729 435 801 100,
457 731 484 795 1.
534 729 706 796 Iavolenus
739 730 824 796 libro
857 732 996 797 seeundo
1031 755 1070 797 ox

55 817 293 904 posterioribus
325 816 494 883 Labeonis.
526 853 569 865 -
602 817 695 884 Duae
730 825 851 886 statuae
880 841 1073 887 marmoreae

56 908 184 972 auidam
215 907 413 989 nominatim,
444 907 517 971 item
549 928 636 974 omne
667 929 806 974 marmor
833 913 900 974 erat
926 910 1072 992 leuatum:

55 996 181 1061 nullam
220 1000 357 1061 statuam
393 1015 601 1060 marmoream
633 1002 756 1078 praeter
790 998 869 1063 oluas
906 997 1073 1064 Caerelliae

52 1089 148 1168 putat
173 1084 286 1166 deberi
316 1083 429 1166 Ofilius
458 1084 618 1150 Trebatius
645 1091 759 1150 embra.
805 1085 908 1152 Labeo
931 1086 1073 1153 Cascellii

55 1173 242 1239 senteutiam
261 1173 386 1255 probat,
413 1174 495 1255 quool
515 1194 620 1238 oerum
636 1180 727 1258 puto,
754 1176 830 1257 qum
852 1177 932 1241 elisas
952 1181 1073 1242 statuas

56 1261 187 1346 ῑοροωᾱο
199 1266 299 1345 potest
320 1263 419 1326 uideri
440 1282 504 1327 ηοω
519 1268 649 1346 putasse
671 1264 706 1328 iu
728 1284 881 1329 marmore
903 1285 934 1330 se
953 1270 1074 1330 statuas

57 1352 168 1436 leym·
385 1444 433 1504 De
454 1446 620 1506 testudineis
644 1447 753 1520 leaatis.

149 1553 201 1620 59.
238 1553 372 1618 D.ibid.
391 1553 530 1634 §4—
560 1555 620 1622 Cui
651 1556 818 1621 testudinea
846 1556 945 1638 leaata
966 1562 1073 1639 essent,

56 1645 87 1710 ei
121 1643 209 1709 natos
240 1644 421 1708 testudineos
446 1644 577 1725 pedibus
607 1645 811 1727 inaroentatis
841 1647 942 1710 deberi
971 1646 1072 1711 Labeo

61 1731 227 1798 Trebatius
248 1721 479 1816 respinelerunt,
502 1735 583 1815 qnorl
602 1754 708 1798 oerum
730 1738 780 1798 est.

406 1913 454 1973 De
470 1917 599 1988 noemmin
622 1915 724 1989 leaata.

151 2024 202 2089 60.
226 2021 266 2089 Ι).
281 2023 334 2107 32,
343 2024 396 2108 30,
405 2024 434 2089 5.
467 2023 575 2089 Labeo
594 2024 678 2089 libro
698 2023 838 2089 secundo
857 2025 1072 2109 posteriorum

59 2136 80 2178 a
107 2110 261 2178 Iauoleno
290 2113 548 2195 epitomatorum.
572 2151 615 2159 —
638 2112 754 2182 ‘aeut
778 2133 875 2197 meae,
902 2114 976 2178 dum
1003 2134 1072 2179 eum

55 2202 125 2285 pilio
148 2221 214 2266 meo
239 2198 364 2284 Comme
386 2202 452 2286 erit,
474 2201 558 2266 lieres
575 2222 660 2268 meus
678 2204 807 2268 olueenta
825 2201 925 2280 clato';
947 2203 1034 2284 filius
1052 2225 1074 2268 ο

56 2295 158 2356 matre
183 2291 337 2372 miaraoit.
386 2291 415 2355 si
441 2291 530 2356 ambo
558 2290 684 2374 Capuae
710 2290 911 2370 habitassent,
941 2291 1073 2375 leqobem

56 2380 156 2444 matri
181 2378 283 2444 debitu
310 2379 354 2443 iri
374 2380 499 2461 putari,
526 2381 667 2460 quamvis
693 2400 760 2445 una
782 2401 844 2444 ηοω
867 2378 1071 2458 babitassmt;

55 2470 110 2534 sin
138 2473 241 2533 annm
263 2468 299 2531 in
326 2468 416 2534 aliud
440 2469 644 2551 munientium
674 2469 845 2548 transisset,
872 2469 967 2534 unius
994 2471 1073 2534 anni

56 2557 270 2622 tantummode
297 2557 397 2621 olebitu
424 2558 481 2639 iri,
508 2578 566 2638 qno
593 2579 660 2622 ωηο
681 2556 868 2622 habitassent
888 2558 1074 2640 quantolibet

57 2651 204 2729 tempore,
240 2644 342 2729 <quoa
371 2644 421 2731 et>
446 2646 607 2711 Trebatius
637 2650 691 2711 ait.
745 2647 917 2731 mittamus,
949 2667 993 2711 οη
1023 2646 1072 2712 lis

55 2735 158 2800 verbis
180 2733 267 2799 ‘dnm
289 2754 358 2798 eum
379 2735 446 2817 filio
469 2732 595 2818 Capuae
616 2734 685 2800 erit'
704 2733 804 2818 [non]
822 2735 958 2800 aonrlieio
975 2737 1072 2818 siqni-

55 2826 167 2909 fieetur
197 2822 269 2906 [seol
294 2843 330 2888 ea
356 2824 511 2905 scriptura
531 2844 592 2907 pro
619 2844 804 2906 srmereaeuo
827 2823 909 2888 debet
928 2823 1072 2908 laberiJ:

55 2913 142 2996 quael
163 2932 225 2977 ωοω
241 2912 348 2994 probo.
389 2915 439 2977 sin
462 2917 565 2977 autem
577 2933 637 2995 per
654 2913 813 2977 mulierem
831 2932 920 2976 mora
937 2933 1000 2978 non
1018 2917 1070 2997 est,

55 3022 118 3085 quo
140 3001 246 3065 minus
268 3020 338 3065 oum
360 3001 426 3083 filio
447 3000 561 3066 babitet
549 3001 696 3084 t‚leoota
718 3000 747 3066 ei
768 3001 875 3066 (lebni.

150 3088 201 3154 61.
225 3087 263 3154 D
279 3090 332 3175 33
347 3089 375 3174 1,
393 3091 441 3154 17.
478 3089 587 3154 Labeo
601 3090 684 3154 hbro
700 3089 839 3155 seeundo
854 3089 1070 3172 posteriorum

56 3201 78 3243 a
101 3176 255 3243 Iauoleno
279 3178 539 3263 epitomatorum.
563 3215 606 3225 —
629 3178 780 3262 Leontem
801 3179 848 3243 ita
870 3183 929 3243 est:
954 3177 1072 3242 Attiae

55 3269 151 3334 donee
165 3257 277 3345 nubat,
299 3268 525 3386 quinquaqinta
547 3269 679 3332 damnas
701 3272 762 3332 esto
782 3266 865 3332 lieres
883 3287 968 3331 meus
985 3264 1069 3330 elare'

56 3376 154 3439 neam
167 3356 357 3437 adseriptnm
370 3355 437 3421 est
440 3357 474 3420 in
487 3376 587 3421 annos
599 3356 755 3439 sinoulos'.
792 3355 895 3420 Labeo
911 3354 1071 3419 Trebatius

50 3465 203 3530 praeseus
234 3445 366 3528 leaatum
396 3445 497 3511 olebat
521 3449 649 3528 putant,
625 3445 734 3510 tseol
758 3446 869 3509 reetius
895 3444 1011 3508 olieetur
1038 3443 1073 3508 iel

56 3536 192 3619 ῑοραίηω
215 3535 249 3599 in
271 3554 372 3599 annos
392 3534 530 3617 sinaulos
552 3535 659 3600 deberi.
710 3599 713 3606 ,

112 3647 211 3697 Iurlspr,
224 3647 341 3689 mentedo
355 3648 405 3689 1011.
420 3648 455 3690 sd.
469 3648 572 3692 Brsmsr.
596 3651 631 3705 11,
645 3653 665 3693 b.
839 3639 876 3689 ‘Ti
