2430 3944
144 185 209 251 376
246 187 279 242 V.
298 186 448 242 NERVAE
467 185 514 240 ΕΤ
533 185 688 241 TRAIANI
705 185 811 242 TEMP.
829 185 927 242 IURIS
946 183 1127 242 CONSULTI

144 371 238 416 servo
254 349 401 435 quamvis
415 371 481 415 non
497 350 616 434 omnic,
635 349 794 434 quaedam
807 353 916 413 tamen
931 348 1017 414 circa
1031 352 1163 433 partum

144 438 390 504 custodiendum
413 438 548 504 arbitrio
573 439 733 522 praetoris
757 460 827 502 esse
851 437 1062 502 concedenda.

235 549 362 612 Servum
385 549 423 610 ab
446 569 480 611 eo
499 550 674 610 institutum
691 551 819 610 fortasse
837 549 941 609 Aristo
960 551 1087 628 spectat,
1112 551 1165 627 qui

144 639 306 699 facultates
329 657 399 699 suas
423 643 575 716 suspectas
599 639 690 698 habet
713 630 793 720 (Gai.
809 629 939 720 2,154),
962 639 999 698 de
1023 657 1082 715 quo
1108 638 1164 698 Sa-

144 728 249 788 binum
267 747 384 806 quoque
403 727 512 787 dixisse
530 727 661 787 vidimus
681 719 726 809 (Π
742 730 803 804 lp.
819 720 907 807 352).
940 721 1043 804 agitur
1060 730 1165 788 autam

146 818 182 877 dc
201 817 457 877 senatusconsulti
475 816 640 894 Planciani,
657 815 845 891 Vespasiani,
863 818 899 874 ut
916 815 1044 894 videtur,
1062 819 1164 876 aetate

144 906 219 965 facti
241 905 409 982 praeceptis
433 899 483 983 (D.
500 906 551 981 25,
567 907 629 982 3,1
655 907 686 965 et
709 907 739 980 3,
755 897 799 986 2).

234 993 383 1070 Ulpianus
399 994 494 1054 addit:
512 987 615 1071 ‘quam
629 994 808 1053 sententiam
824 996 897 1068 puto
911 1012 1027 1070 veram,
1042 993 1165 1070 publice

147 1083 226 1142 enim
248 1084 374 1143 interest
395 1085 502 1159 partus
525 1101 585 1143 non
608 1083 702 1142 subici
792 1081 917 1158 ideoque
942 1083 1034 1141 etiam
1059 1101 1165 1143 servus

145 1172 217 1251 iste,
241 1191 310 1230 cum
333 1165 429 1231 sitin
452 1191 504 1247 spe
528 1171 709 1231 constitutus
733 1171 942 1247 successionis,
965 1171 1167 1249 qualisqualis

147 1261 200 1338 sit,
224 1260 312 1319 debet
336 1261 434 1319 audiri
456 1279 520 1320 rem
544 1263 575 1319 et
597 1260 749 1336 publicam
773 1263 804 1319 et
827 1279 912 1319 suam
935 1254 1064 1338 gerens'.

561 1466 611 1533 De
635 1467 749 1550 lupatis.

152 1653 156 1662 ,
548 1597 595 1657 Dc
618 1598 765 1656 codicillis.

237 1698 267 1761 4.
292 1697 332 1762 D.
346 1697 399 1781 29,
415 1699 444 1783 7,
458 1698 489 1763 9.
535 1697 709 1763 Marcellus
732 1697 816 1763 libro
841 1719 927 1763 nono
951 1697 1167 1784 Digestorum

149 1787 198 1871 (P.
220 1783 309 1873 118).
337 1823 380 1833 —
408 1786 521 1852 Aristo
554 1787 688 1872 negavit
720 1786 828 1851 valere
860 1787 1026 1852 codicillos
1056 1789 1098 1852 ab
1128 1810 1167 1852 eo

149 1877 268 1958 factos,
291 1876 346 1961 qui
369 1880 462 1960 pater
483 1875 627 1940 familias
649 1897 709 1941 nec
732 1897 773 1939 ne
797 1879 897 1958 esset,
920 1876 1117 1960 ignorasset.

239 1986 412 2064 Sequuntur
430 1988 517 2047 haec:
536 1982 696 2062 ‘Ulpianus
714 1989 815 2047 notat:
833 1987 893 2046 nisi
912 1990 1073 2047 veteranus
1094 1989 1168 2065 fuir3

150 2080 223 2137 tunc
247 2077 325 2136 enim
349 2078 380 2136 ct
403 2078 617 2136 testamentum
641 2069 776 2136 valebit?

482 2251 530 2330 De
551 2273 708 2345 usufructu
731 2273 831 2346 leuato.

240 2373 284 2438 δ’.
307 2371 384 2437 Vat.
402 2372 440 2438 fr.
459 2374 480 2452 ξ
495 2372 537 2438 88
562 2371 650 2457 (Ulp.
662 2374 681 2437 l.
691 2371 788 2436 XVII
802 2373 841 2437 ad
853 2371 926 2436 Sab.
950 2372 985 2437 Ρ.
996 2373 1109 2458 2570).
1125 2410 1167 2420 -

151 2461 297 2526 Iulianus
322 2461 440 2526 subicit
459 2459 590 2526 Sextum
615 2482 741 2546 quoque
760 2461 975 2545 Pomponium
993 2462 1122 2548 referre,
1140 2463 1169 2527 si

151 2573 209 2634 per
223 2550 464 2614 damnationem
483 2571 561 2614 usus
580 2550 702 2615 fructus
715 2550 831 2634 (cum)
844 2550 954 2614 liberis
974 2553 1066 2616 uxori
1081 2553 1167 2636 lege-

152 2646 214 2722 tur,
235 2638 398 2723 singulare
421 2638 484 2702 hoc
508 2659 576 2702 esse
601 2642 697 2722 atque
719 2639 792 2703 ideo
811 2639 857 2702 fili
876 2661 1048 2722 personam
1068 2641 1167 2705 matri

153 2726 338 2811 <accedere,
369 2749 410 2792 ue
443 2728 512 2792 sine
539 2727 650 2791 liberis
680 2727 720 2792 ad
749 2749 843 2791 usum
871 2729 1012 2792 fructum
1041 2731 1168 2814 mater>

154 2815 327 2898 accederet,
345 2837 404 2879 nec
421 2837 492 2879 esse
506 2816 691 2900 legatarios,
711 2817 765 2880 sed
781 2821 885 2880 matre
900 2821 1030 2881 mortua
1044 2818 1167 2883 liberos

153 2904 247 2988 quasi
272 2904 406 2969 heredes
436 2926 530 2969 usum
558 2904 698 2970 fructum
726 2905 905 2970 habituros,
953 2926 1027 2991 ego,
1060 2907 1167 2992 inquit

152 2992 367 3078 Pomponius,
395 3014 529 3079 quaero,
557 2993 634 3077 quid
665 2992 812 3077 simixti
835 2993 960 3060 fuerint.
977 2996 1089 3061 liberis
1114 3018 1167 3060 ex-

152 3083 258 3146 tranei
277 3081 432 3146 heredes?
469 3080 545 3165 <et>
564 3083 610 3147 ait
627 3083 711 3147 filios
729 3106 788 3168 pro
808 3081 974 3166 legatariis
997 3083 1166 3149 habendos

154 3175 187 3235 et
214 3171 335 3235 mortui
362 3174 487 3255 partem
514 3171 734 3255 interituram,
762 3170 950 3236 Aristonem
979 3177 1088 3238 autem
1114 3175 1166 3238 ad·

154 3263 268 3324 notare
290 3259 370 3323 haec
393 3281 471 3324 vera
493 3281 572 3324 esse.

244 3365 289 3432 db.
313 3364 351 3430 D.
367 3366 396 3447 7,
410 3366 440 3446 2,
455 3366 485 3431 8.
524 3363 684 3450 Ulpianus
708 3369 791 3434 libro
816 3370 952 3453 septimo
977 3368 1101 3434 decimo
1127 3369 1167 3434 ad

158 3452 321 3519 Sabinum.
348 3490 385 3499 —
412 3451 445 3518 si
470 3454 596 3518 mulieri
620 3477 693 3520 cum
716 3457 826 3522 liberis
851 3458 917 3523 suis
941 3479 1018 3522 usus
1042 3459 1167 3524 fructus

155 3543 289 3628 legetur,
314 3542 441 3607 amissis
460 3543 569 3609 liberis
589 3565 740 3610 causum
759 3547 899 3612 fructum
918 3547 1031 3632 habet;
1056 3547 1112 3613 sed
1136 3551 1168 3611 et
