2430 3944
162 200 228 265 498
266 200 299 255 V.
319 198 469 286 NERVAE
488 197 534 252 ET
553 198 707 252 ruenni
726 197 832 252 ΤΕΜΡ.
851 196 949 251 IURIS
969 196 1148 253 CONSULTI

162 363 301 446 lalellepo
319 363 460 444 quidet,
478 364 515 427 dc
533 383 591 443 qao
609 383 657 426 me
677 361 875 441 consulueris,
898 365 955 425 aul
971 361 1075 425 valide
1091 361 1175 426 stulta

162 457 207 517 est
228 451 409 517 consultatio
432 455 503 527 lua,·
522 451 597 533 plus
620 452 702 515 euim
723 471 817 532 quara
839 449 1010 514 ridiculam
1032 455 1078 514 eet
1099 450 1174 515 dabi-

163 546 242 622 tare,
271 560 314 605 aa
341 540 457 621 aliquis
482 540 551 604 iare
576 542 658 604 tesca
681 540 837 604 adhibitae
859 540 907 622 sit,
931 539 1083 621 quonlam
1105 541 1174 604 idem

162 635 192 694 et
214 629 335 694 lalulcu
358 629 529 694 testamenti
550 629 715 710 scripserit.

578 821 627 888 Dc
651 823 766 907 lopatis.

252 941 282 1003 2.
306 938 345 1003 D.
364 939 420 1021 31,
436 939 488 1004 30.
534 938 625 1003 Idem
648 936 707 1026 (sc.
727 935 857 1025 Celsus)
880 937 966 1003 libro
991 939 1171 1024 trigensino

166 1028 304 1113 septimo
338 1027 558 1113 Digestorum.
592 1064 634 1073 -
668 1026 806 1102 Quidam
839 1028 874 1091 in
905 1030 1107 1094 testamento
1135 1028 1171 1091 ite

164 1117 308 1200 scripsit:
336 1115 564 1200 ‘reipublicae
589 1114 860 1181 Grauiscanorum
883 1116 958 1200 lego
988 1117 1025 1182 in
1049 1118 1170 1182 tutelam

163 1207 235 1270 viae
257 1205 462 1290 reficiendae,
491 1227 572 1290 quae
599 1208 649 1269 est
671 1205 706 1269 in
730 1205 857 1270 colonia
880 1226 994 1270 eorum
1017 1228 1121 1290 nsque
1140 1204 1170 1268 ed

162 1295 250 1359 viam
287 1292 475 1359 Aureliam’.
539 1294 721 1377 quaesitum
758 1299 821 1372 est,
859 1315 902 1357 an
939 1293 1002 1358 hoo
1041 1297 1170 1381 legatum

163 1383 280 1447 valeat.
313 1382 481 1447 Iuventius
496 1380 610 1447 Celsus
629 1382 809 1467 respondit:
824 1385 1051 1465 propemodum
1066 1386 1170 1467 aare

163 1471 342 1554 imperfecta
365 1475 410 1536 est
429 1471 503 1536 laec
525 1473 682 1553 scriptura
703 1471 757 1556 [la
775 1472 902 1537 tutelam
921 1473 1077 1538 Aureliae
1093 1473 1170 1552 oiael,

163 1563 239 1642 qaia
275 1580 398 1624 samaa
434 1561 591 1642 adscripta
626 1581 689 1626 aaa
725 1566 784 1638 esl;
816 1565 917 1642 polest
951 1565 1059 1627 tamea
1090 1561 1171 1628 aaa

165 1653 253 1714 mala
276 1669 400 1713 samma
423 1649 534 1733 lacta,
557 1654 676 1732 quanta
698 1651 726 1714 el
748 1650 794 1714 rel
815 1649 977 1732 sufficeret.

254 1769 455 1830 Tribonianus
486 1770 615 1829 addidit:
649 1763 687 1830 ‘si
720 1770 807 1830 modo
839 1788 900 1830 non
932 1774 1063 1847 apparet
1095 1771 1170 1832 alian

164 1857 258 1917 fuisse
287 1858 424 1918 defuncti
451 1860 637 1919 voluntatem
664 1861 720 1918 ant
747 1877 783 1918 ex
809 1859 1025 1935 magnitudine
1049 1861 1113 1921 eius
1133 1877 1170 1935 po·

164 1947 269 2006 cuniae
302 1949 355 2006 aut
387 1966 423 2006 ex
449 1947 656 2007 mediocritate
684 1947 890 2024 facultatium,
924 1967 1017 2024 quam
1045 1948 1170 2009 testetur

163 2035 300 2112 reliqnit3
318 2038 390 2095 tunc
410 2037 489 2095 enim
506 2036 604 2096 officio
627 2036 743 2112 iudicia,
762 2037 925 2096 secundum
941 2038 1169 2097 aestimationem

163 2124 338 2200 patrimonii
358 2126 388 2182 et
406 2125 508 2202 legati,
528 2125 681 2202 quantitas
701 2119 818 2184 definiri
831 2119 954 2202 potest'.
993 2127 1031 2186 of.
1052 2127 1168 2187 Graden-

164 2213 233 2272 witz
255 2235 283 2289 p.
305 2215 376 2272 211.

256 2303 292 2361 ef.
317 2301 386 2378 Ulp.
403 2305 454 2379 24,
471 2305 521 2363 28.

512 2456 562 2521 De
582 2457 833 2538 fideicommissis.

256 2572 284 2635 3.
304 2570 343 2634 D.
354 2572 406 2654 29,
422 2573 451 2654 l,
467 2572 517 2637 18.
547 2570 659 2636 Celsus
674 2573 758 2636 libro
773 2571 949 2637 vicensimo
964 2573 1169 2659 Digestorum.

167 2695 209 2704 —
234 2657 384 2724 Plotiana
418 2658 513 2725 Celso
547 2682 605 2725 suo
639 2661 787 2725 salutem.
840 2659 959 2726 Lucius
993 2662 1101 2729 Titius
1130 2660 1169 2726 his

166 2747 275 2811 verbis
298 2749 347 2812 ita
370 2749 470 2813 cavit:
494 2748 534 2812 ‘si
558 2749 635 2834 quid
654 2748 774 2814 tabulis
794 2749 897 2813 aliove
921 2772 987 2834 quo
1008 2773 1123 2836 genere
1140 2748 1170 2813 ed

164 2836 227 2900 hoe
250 2840 482 2901 testamentum
504 2839 669 2920 pertinens
693 2838 861 2921 reliquero,
884 2839 931 2902 ita
955 2842 1064 2906 valere
1086 2836 1169 2905 volo’.

167 2946 298 3078 quatemd
319 2947 362 3077 pn
386 2925 536 3079 epdicitlli,
561 2928 617 3010 qui
641 2932 716 2991 ante
736 2927 797 2991 hoe
816 2931 1053 2994 testamentum
1074 2925 1168 3011 scripti

166 3034 227 3077 sun
301 3035 401 3079 eean
440 3038 505 3078 rai
528 3038 607 3080 esse.

247 3064 422 3167 'Iuventius
442 3103 557 3168 Oelsus
575 3104 746 3169 Plotianae
770 3104 918 3170 salutem.
958 3104 1051 3171 Haec
1074 3106 1167 3170 verbe:

166 3190 206 3253 ‘si
225 3191 303 3275 quid
323 3191 363 3254 ad
382 3191 444 3256 hoc
458 3196 688 3258 testamentum
703 3193 870 3278 pertinens
884 3193 1059 3279 reliquero,
1077 3195 1166 3259 valere

164 3278 273 3363 volo'‚'
290 3281 387 3344 etiam
416 3302 454 3343 ea
483 3303 564 3364 quae
594 3286 668 3346 ante
696 3285 928 3346 testamentum
953 3285 1077 3368 scripte
1098 3282 1166 3356 sunt,

164 3368 446 3452 comprehendere.

128 3480 131 3487 ’
254 3465 284 3529 4.
308 3464 346 3529 D.
368 3466 420 3546 36,
437 3468 464 3549 1,
479 3467 531 3531 33.
578 3467 692 3532 Celsus
720 3469 805 3532 libro
834 3467 1011 3536 vicensimo
1034 3470 1162 3553 Digesto

164 3575 246 3619 rum.
268 3553 471 3619 —Ballista
494 3555 598 3620 filium
622 3557 764 3622 familias
787 3557 938 3622 heredem
960 3559 1100 3624 instituit
1116 3557 1159 3618 ite:
