2430 3944
371 183 395 235 6.
418 177 626 234 IAVOLENUS
644 177 794 234 PRISOUS
1020 178 1086 244 487

69 341 107 404 id
130 339 244 422 fecisti,
274 343 356 423 quod
380 343 415 406 in
441 342 638 423 stipulatione
665 347 854 424 convenerat,
881 342 917 406 id
941 347 985 407 est
1010 362 1088 424 opus

68 429 131 494 alii
155 449 219 494 non
242 429 358 511 locasti,
382 431 502 495 tamem
517 435 625 512 postca
648 430 761 496 locasti.
807 451 843 494 ea
865 431 947 494 enim
971 430 1088 511 locatio,

69 539 167 599 quam
188 523 307 583 secutus
329 539 373 600 cs,
396 520 522 600 perinde
543 524 596 600 est,
618 520 705 584 acsi
727 520 907 600 interposita
929 540 991 584 non
1014 524 1088 586 esset

67 608 151 672 etsi
172 608 279 672 statim
301 611 335 671 tu
358 628 433 689 opus
453 607 555 688 facere
576 609 728 690 coepisses.

434 782 485 850 De
506 786 729 850 donationibus.

162 898 215 963 66.
234 896 275 964 D.
285 901 337 977 24,
354 901 382 982 1,
396 900 448 965 20.
483 899 656 965 Iavolenus
671 900 755 965 libro
769 899 938 965 undecimo
953 899 1085 984 Epistu-

70 987 187 1051 larum.
213 1024 250 1033 —
278 986 315 1053 Si
337 989 366 1053 is
387 1008 499 1072 servus,
522 990 577 1070 εει
598 991 691 1054 acori
712 991 820 1054 mortis
841 1010 936 1055 cansa
953 990 1088 1054 donatus

67 1081 128 1158 est,
150 1077 243 1158 prius
266 1098 360 1159 qnam
382 1079 432 1142 oio
453 1079 602 1143 noaret
622 1079 787 1160 stipulatas
809 1083 865 1162 est,
887 1079 923 1143 in
940 1078 1087 1160 pendenti

63 1169 145 1246 puto
163 1184 225 1230 esse
242 1185 370 1230 oausam
388 1166 588 1249 minationis,
610 1168 703 1233 donec
720 1168 770 1232 nir
787 1172 844 1231 ont
859 1169 1012 1232 moriatur
1030 1171 1087 1232 ant

67 1253 241 1335 suspicione
258 1255 375 1337 mortis,
392 1261 630 1337 propterquam
650 1257 785 1336 donauit,
807 1256 957 1321 toleretur.
998 1257 1086 1338 puid-

67 1343 148 1424 quid
163 1347 266 1407 εειεεε
284 1363 388 1408 eorum
406 1345 554 1426 inciderit,
572 1346 654 1426 qnod
669 1346 864 1410 donationem
877 1350 934 1409 out
945 1348 1087 1426 peremat

67 1436 128 1495 out
153 1432 322 1512 confirmet,
350 1433 386 1497 id
410 1453 526 1514 quoque
552 1453 679 1498 cansam
703 1434 914 1515 stipulationis
936 1438 992 1498 aut
1013 1454 1084 1498 con

60 1519 212 1602 'firmabit
233 1525 289 1584 ont
310 1521 441 1586 resolvet.

572 1607 590 1673 ‘l

161 1723 213 1788 67.
246 1723 284 1787 D.
303 1723 357 1807 50,
375 1724 426 1806 17,
444 1725 518 1790 202.
572 1724 662 1788 Idem
695 1723 753 1810 (so.
780 1724 967 1810 Iavolenus)
999 1726 1083 1790 libro

68 1810 241 1876 undecimo
260 1812 356 1964 Epist
359 1815 552 1878 uturum-
579 1813 688 1879 Omnis
705 1815 825 1895 defient
812 1835 842 1878 oo
860 1816 895 1878 in
913 1817 982 1879 inre
998 1814 1086 1879 civili

62 1901 241 1983 periculosa
263 1907 321 1979 εει,·
349 1923 458 1966 rarum
466 1903 543 1967 ¹est
563 1903 658 1981 enim,
680 1907 716 1967 nt
737 1923 799 1967 non
822 1903 955 1967 subaert'
931 1908 955 1966 to
970 1907 1081 1984 posset.

479 2139 587 2198 Liber
610 2137 677 2197 XII.

367 2229 369 2234 ’
448 2257 499 2322 De
521 2258 713 2322 mannos.

161 2370 213 2435 68.
236 2369 273 2436 D.
288 2373 341 2455 28,
355 2371 384 2455 5,
399 2372 451 2437 66.
493 2371 582 2436 Idem
605 2368 663 2459 (sc.
686 2366 875 2456 Iavolenus)
897 2371 983 2435 libro
1007 2370 1083 2434 duo

67 2459 195 2523 decimo
214 2458 447 2544 Epistularum.
473 2496 511 2507 -
536 2461 702 2525 Hereditas
720 2462 763 2526 ad
779 2459 919 2525 Statium
937 2458 1083 2524 Primum

65 2547 156 2612 nullo
185 2549 253 2613 inre
274 2551 419 2630 pertinet,
447 2570 516 2614 enm
543 2551 703 2614 institutus
729 2549 813 2614 teres
839 2569 902 2614 non
930 2549 979 2614 sit.
1029 2569 1084 2613 nec

66 2638 233 2719 quicquam
255 2639 284 2702 ei
299 2639 433 2720 prodest,
455 2639 536 2721 qnod
556 2639 594 2703 al
616 2659 649 2703 eo
672 2639 794 2720 aliquid
816 2638 948 2721 lepatnm
965 2642 1009 2703 cst
1027 2643 1084 2703 ont

55 2725 194 2790 'latentur
216 2726 245 2789 ei
266 2726 402 2807 defuncti
425 2732 600 2792 testamento
622 2728 849 2792 commendatus
871 2732 922 2792 cst.
962 2747 999 2791 ee
1021 2747 1081 2809 quo

64 2814 99 2879 si
121 2816 330 2880 manumissus
351 2836 414 2880 non
436 2821 491 2894 est,
514 2837 618 2881 secans
640 2820 690 2880 est.

302 2991 351 3056 De
373 2995 559 3075 adquirendo
581 3013 686 3056 rorum
708 2994 853 3059 dominio.

160 3106 212 3171 69.
231 3106 268 3171 D.
280 3109 331 3188 44,
343 3110 370 3187 7,
380 3108 432 3174 55.
463 3108 634 3173 Iavolenus
648 3109 732 3173 libro
748 3109 936 3174 duodecimo
951 3107 1082 3192 Epistu-
1118 3094 1134 3124 ”

67 3195 183 3260 larum.
211 3233 254 3244 -
281 3196 320 3261 In
348 3198 497 3262 omnibus
525 3197 632 3275 rebus,
660 3220 742 3282 quoe
768 3198 946 3263 dominium
973 3200 1081 3260 trans·

67 3284 190 3365 ferunt,
222 3289 393 3350 concurrat
424 3290 553 3370 oportet
585 3287 717 3351 affectus
752 3309 790 3351 ex
822 3291 956 3369 utraque
986 3287 1080 3368 parte

67 3373 340 3458 contrahentium
363 3397 440 3438 nam
463 3375 529 3439 sivo
552 3396 591 3438 ea
614 3375 756 3440 venditio
776 3376 842 3440 sive
862 3374 993 3438 donatio
1012 3372 1081 3437 sive

147 3554 160 3601 1
182 3547 230 3602 Fl.
248 3563 346 3617 parum
366 3550 465 3605 emend.
485 3549 655 3605 Holornder.
