2430 3944
153 176 196 240 32
224 176 271 232 ΙΙΙ.
286 175 362 230 GAII
376 174 523 230 CLAUDII
536 173 671 229 NERON.
685 174 829 229 GALBAE
840 174 947 231 ΤΕΜΡ.
958 174 1054 229 IURIS
1065 173 1167 231 CONS.
1203 151 1209 278 ἱ1

153 365 181 420 p.
197 337 291 423 401),
320 364 386 403 cum
411 343 543 403 16661661
572 344 666 402 111666
689 363 725 402 ex
749 342 852 402 Cassio
875 344 971 403 166166
995 343 1168 404 adhibuisse
1206 345 1209 416 ξ

154 434 228 492 66116
251 433 383 511 (1666661,
407 431 504 492 Cassii
522 432 585 490 illis
609 433 695 491 libris
717 451 777 491 666
799 433 897 508 magis
920 451 992 492 usus
1012 433 1059 492 661
1078 451 1169 509 quam
1197 425 1209 545 ,³¹

153 522 291 599 Masurii3
313 522 448 582 Iauoleni
466 522 545 581 solos
563 521 595 579 in
613 523 770 580 anctorum
787 522 883 580 indice
901 521 1037 581 nominat
1056 513 1168 602 (Ἱ666-
1199 556 1203 561 ·

152 612 225 670 lenu
248 631 283 670 ex
306 610 409 670 Cassio
432 610 532 688 βιβλία
555 601 751 691 δεκαπέντε).
1202 550 1209 687 l

242 700 458 776 Praeterquam
490 700 570 776 quod
600 698 738 758 Cassium
769 700 872 774 plures
904 717 995 775 quam
1023 698 1168 759 Sabinum

151 790 245 850 libros
268 789 423 865 scripsisse
446 788 518 847 inde
540 791 680 865 apparet,
704 788 784 865 quod
805 788 950 846 laudatur
972 787 1050 846 liber
1071 787 1109 867 X,
1132 789 1167 848 (16

152 898 276 939 numero
299 878 375 936 nihil
398 879 528 952 constat3
552 877 693 936 Karlowa
711 877 727 936 I
744 897 774 953 p.
790 878 853 936 692
874 875 968 935 066611
990 875 1085 936 libros
1108 895 1168 937 666

152 968 308 1043 pauciores
332 986 422 1042 quam
439 966 585 1042 16661661,
608 970 641 1025 61
658 966 798 1044 Krueger
820 986 847 1040 p.
866 967 929 1026 154
947 965 1044 1024 multo
1064 967 1167 1042 plures
1202 960 1209 1115 Ι

152 1057 244 1115 161666
268 1055 428 1114 existimat.
1205 1118 1209 1133 ¹

241 1144 285 1202 De
317 1163 416 1202 rerum
450 1143 553 1202 ordine
586 1164 604 1203 a
632 1142 736 1203 Cassio
769 1145 885 1201 statuto
917 1143 991 1202 haec
1019 1143 1168 1204 monenda
1204 1144 1209 1226 l

152 1237 229 1293 sunt.
281 1252 349 1292 cum
378 1231 506 1291 secundo
534 1233 612 1292 libro
640 1234 677 1291 (16
704 1231 871 1291 hereditate
897 1226 984 1290 16666
1009 1232 1123 1291 1616616
1150 1251 1168 1292 6
1206 1233 1209 1279 i

150 1323 267 1399 pupillo
299 1321 447 1381 cernenda
479 1321 618 1381 videatur
651 1321 760 1380 dixisse
794 1315 843 1400 (D.
863 1320 919 1392 29,
945 1322 978 1396 2,
998 1322 1053 1396 25,
1073 1323 1104 1380 4.
1124 1315 1167 1401 5),
1201 1351 1209 1398 ·f

151 1411 229 1470 libro
253 1410 309 1486 VI,
333 1411 359 1469 si
382 1410 504 1487 quidem
526 1428 669 1469 numerus
692 1410 810 1486 integer
833 1411 892 1481 est,
915 1408 951 1467 (16
974 1411 1077 1469 161666
1100 1410 1167 1470 1166
1206 1460 1209 1478 ,

152 1519 170 1559 a
191 1500 308 1577 pupillo
330 1501 439 1575 petito,
468 1499 640 1576 quodcum
664 1502 764 1558 tutore
788 1516 841 1556 suo
865 1498 932 1573 lege
956 1500 1009 1557 661
1031 1497 1167 1576 legitimo
1205 1538 1209 1551 ι

150 1589 260 1647 iudicio
284 1607 373 1666 agere
395 1589 464 1647 6611
487 1580 538 1668 (D.
554 1590 605 1663 26,
622 1591 650 1663 1,
665 1590 695 1663 3,
710 1578 754 1668 2),
780 1586 858 1645 11166
877 1585 936 1644 VH
959 1585 994 1645 de
1017 1587 1168 1647 bonorum
1198 1643 1201 1647 .

150 1677 339 1753 possessione
354 1676 391 1734 ab
407 1676 602 1751 emancipatis
615 1677 711 1752 petita
726 1667 777 1756 (D.
789 1678 840 1752 37,
853 1677 881 1752 6,
892 1678 921 1750 2,
935 1667 978 1754 5),
997 1674 1082 1735 111616
1092 1676 1168 1736 VIII

152 1769 183 1824 61
209 1767 237 1824 X
269 1766 304 1824 de
337 1765 498 1824 usufructu
531 1766 646 1843 legato,
679 1765 751 1841 quin
780 1764 878 1839 primo
906 1763 983 1823 libro
1012 1763 1047 1823 de
1075 1767 1167 1824 testa·

151 1855 269 1930 mentis,
291 1873 369 1913 6666
394 1858 495 1912 autem
517 1854 591 1913 item
614 1854 650 1912 (16
674 1853 834 1912 usufructu
856 1853 957 1930 legato
981 1852 1167 1932 disseruerit

151 1943 286 2002 dubitari
307 1943 420 2020 nequit.

239 2033 362 2092 Decimo
382 2032 458 2090 libro
474 2050 548 2107 opus
566 2051 628 2091 non
643 2031 817 2090 absolutum
831 2030 923 2089 fuisse
938 2029 1011 2089 66116
1026 2034 1167 2110 apparet,

149 2121 359 2199 imperfectum
383 2122 484 2179 autem
508 2138 583 2195 opus
608 2119 754 2179 aOassio·
770 2118 911 2178 relictum
934 2137 1008 2194 esse,
1030 2119 1063 2177 id
1086 2121 1168 2195 quod

152 2211 219 2288 quis
242 2210 413 2282 coniecerit,
439 2209 628 2284 improbatur
650 2209 736 2267 libris
760 2227 796 2266 ex
820 2206 1090 2286 06661616661661,
1115 2209 1168 2286 qui

151 2302 231 2358 certe
262 2299 295 2356 in
327 2299 373 2357 bis
406 2298 492 2356 libris
524 2317 584 2357 non
615 2297 704 2356 modo
737 2297 773 2355 de
805 2296 1009 2373 testamentis,
1046 2297 1167 2374 legatis,

150 2388 297 2446 bonorum
320 2387 515 2462 possessione,
538 2386 591 2444 sed
614 2386 706 2444 etiam
729 2385 764 2444 de
785 2385 914 2462 dotibus,
937 2385 1051 2462 tutelis,
1075 2387 1167 2462 adop·

149 2475 295 2551 tionibus,
319 2475 467 2549 emptione
490 2474 661 2534 venditione
685 2478 715 2533 61
737 2474 929 2549 usucapione,
952 2474 988 2533 de
1012 2475 1166 2536 666611611-

150 2564 215 2639 bus,
228 2564 406 2639 interdictis,
421 2563 546 2639 delictis,
561 2563 709 2622 bonorum
723 2562 893 2623 venditione
909 2561 992 2621 dixit.
1019 2564 1166 2623 accedunt

150 2671 210 2710 non
232 2653 319 2710 nulla
341 2653 511 2730 fragmenta
533 2653 583 2712 661
605 2652 717 2730 integri
739 2652 822 2728 libri,
850 2650 960 2728 quibus
989 2651 1063 2727 qnid
1086 2657 1163 2712 trac-

150 2743 250 2799 tatum
274 2741 322 2816 sit,
346 2741 442 2800 adhuc
465 2760 525 2800 non
548 2742 622 2800 satis
646 2742 798 2818 cognitum
823 2744 876 2799 est.

238 2829 344 2903 bonel,
372 2831 423 2905 qui
452 2832 550 2888 multa
576 2830 607 2887 in
629 2829 763 2889 16661661
789 2829 837 2887 his
864 2828 950 2886 libris
979 2828 1010 2886 in
1038 2829 1165 2890 obscuro

149 2936 303 2977 remanere
331 2919 388 2994 611,
416 2918 550 2977 (16111661
571 2937 658 2994 posse
682 2918 847 2993 existimat,
879 2911 930 2975 ‘an
953 2937 1049 2975 unum
1072 2919 1166 2978 fuerit

114 3024 119 3034 ·
150 3005 246 3065 Cassii
278 3026 353 3084 opus
386 3008 465 3084 quod
496 3008 655 3067 Iavolenus
688 3000 895 3083 66666666611’;
927 3000 970 3064 ‘et
1003 3001 1165 3086 equidem',

148 3095 247 3172 inquit
273 3097 321 3156 616
344 3095 549 3172 (166116616666,
573 3091 705 3155 ‘facilius
727 3095 865 3171 inducor,
894 3098 929 3153 ut
953 3095 1074 3154 credam
1097 3099 1166 3170 post

149 3185 242 3244 libros
279 3185 315 3244 de
352 3186 417 3245 iure
450 3184 532 3245 civili
564 3185 656 3243 etiam
689 3185 855 3262 singulares
889 3184 1035 3260 quosdam
1068 3183 1166 3244 Cassii

149 3272 242 3332 libros
270 3273 302 3332 in
329 3275 584 3349 banc.epltomen
612 3292 676 3333 esse
701 3267 858 3332 redactcs'.
906 3275 1058 3349 6166666
1082 3274 1165 3348 quic·

149 3382 239 3438 quam
274 3362 377 3422 indicii
392 3411 395 3418 .
409 3366 467 3440 est,
504 3362 651 3421 eiusmodi
683 3363 776 3421 libros
809 3363 976 3439 singulares
1009 3381 1027 3420 a
1060 3361 1164 3422 Cassio

149 3451 272 3510 emissos
305 3470 369 3510 esse
400 3472 495 3529 neque
527 3452 594 3527 ipsa
625 3451 752 3510 materia
777 3450 912 3511 16661661
942 3450 1089 3510 1116666666
1117 3471 1165 3510 ex·

148 3541 314 3599 tremorum
337 3541 435 3617 qualis
458 3541 577 3618 quidem
602 3539 799 3616 cognoscitur,
822 3540 876 3598 illa
899 3539 1071 3599 coniectura
1090 3540 1164 3600 satis
