2430 3944
501 183 527 234 8.
545 175 721 233 VIVIANUS
1052 178 1117 243 241

97 346 258 406 Proculum
278 340 480 423 respondisse'
494 346 530 406 D.
541 348 571 422 4,
583 349 612 424 6,
623 347 675 422 35,
686 348 715 421 9,
729 340 822 405 ‘idem
840 345 897 405 ait:
915 346 1121 426 interrogatus

96 435 244 496 Proculus
263 436 300 494 de
319 453 353 494 oo
373 436 425 512 qui
439 483 446 496 .
459 481 465 494 .
477 481 483 494 .
497 429 553 495 ait'
568 435 605 494 D.
616 436 668 510 21,
679 438 707 508 1,
719 438 771 508 17,
781 437 812 512 4,
826 427 962 512 ‘quidam
974 436 1119 510 referunt,

96 528 247 602 quantum
270 527 385 603 repeto,
407 523 490 600 apud
510 523 675 584 Vivianum
699 523 804 583 Sabini
827 526 859 582 et
877 521 975 584 Cassii
998 528 1029 584 ot
1048 525 1119 585 Pro·

95 614 158 673 ouli
175 613 343 690 expositam
361 631 426 672 esee
445 615 477 672 in
491 613 666 689 quaestione
683 611 858 672 huiusmodi
871 607 1119 673 controversiam'

96 702 134 762 D.
146 703 240 779 29,1,
254 704 356 777 14pr.,
373 701 462 760 illum
480 701 615 778 priorum
634 702 709 760 iuris
728 701 935 761 consultorum
954 704 1119 762 sententias

95 794 129 854 u
150 809 296 867 responsa
319 791 504 868 congessisse
528 793 663 868 apparet.

185 879 371 956 Fragmenta
396 880 508 955 partim
536 878 575 938 ad
598 879 732 938 edictum
754 879 920 957 praetoris,
945 879 1057 955 partim
1082 881 1120 938 ad

95 968 231 1028 odiotum
254 967 399 1027 aedilium
422 969 574 1028 curulium
596 967 740 1028 ridentur
762 967 922 1043 pertinere.

355 1202 383 1259 1.
415 1199 468 1258 Ad
492 1198 650 1259 edietum
670 1199 863 1275 praetoris.

186 1322 310 1383 Viviani
333 1341 408 1399 opus
431 1324 565 1399 amplum
587 1323 710 1384 ridetur
732 1322 834 1397 fuisse,
861 1341 928 1382 oum
952 1322 989 1382 de
1012 1324 1120 1384 iisdem

94 1412 188 1472 rebus
207 1412 329 1488 saepius
344 1412 459 1471 dietum
474 1413 577 1472 fuerit.
611 1414 693 1471 certe
707 1410 856 1489 Ulpianus
870 1411 1116 1491 11.43,24,13,1

95 1503 153 1561 ait:
176 1495 236 1560 ‘est
254 1499 335 1577 apud
354 1501 517 1583 Vitianum
536 1501 748 1576 saepissime
767 1500 899 1560 relatum
917 1502 1020 1562 herodi
1038 1520 1118 1563 oom-

94 1593 201 1668 potere
226 1590 282 1651 hoo
305 1584 519 1650 interdictum'.
564 1590 645 1650 idem
667 1590 817 1666 Ulpianus
839 1589 947 1650 iisdem
970 1591 1056 1651 libris
1080 1592 1119 1651 ad

95 1680 232 1739 edictum
250 1677 324 1739 0011.
337 1681 389 1756 12,
400 1680 459 1756 ’1,8
482 1679 589 1738 tradit:
613 1673 703 1738 ‘libro
722 1679 766 1737 VI
788 1698 823 1738 ex
841 1678 970 1739 Viriano
988 1682 1119 1740 relatum

95 1761 165 1845 ost',
192 1767 238 1827 ita
266 1773 301 1827 ut
324 1767 459 1827 dubitari
480 1768 590 1846 possit,
612 1770 716 1826 utrum
740 1767 777 1826 de
800 1768 864 1826 eius
888 1769 941 1844 qui
963 1770 1120 1829 rettulerit

95 1876 137 1915 an
169 1855 207 1915 de
235 1856 357 1916 Viviani
389 1857 467 1916 libro
496 1857 608 1916 diotum
636 1857 685 1916 sit.
735 1855 812 1915 illud
840 1855 977 1935 Krueger
1004 1878 1033 1934 p.
1055 1860 1118 1919 158

94 1946 194 2023 magis
226 1945 336 2020 probat
367 1936 472 2027 (hauh
498 1945 648 2024 Analogia
681 1946 734 2004 der
762 1944 881 2004 thulioh
908 1945 1119 2006 bezeichneten

93 2033 211 2093 Werke
234 2033 324 2111 ginge
349 2028 414 2108 sie',
438 2053 477 2094 eo.
495 2027 555 2094 ‘die
573 2034 756 2112 Anfdhrung
774 2029 924 2111 Ulpians',
949 2029 1017 2093 ‘auf
1032 2035 1118 2094 einen

94 2123 295 2182 Kommentar
325 2142 363 2181 zu
390 2123 537 2183 Vivianus
569 2122 642 2185 oder
673 2123 722 2182 oin
753 2122 833 2182 naoh
859 2122 972 2181 seinem
1000 2123 1119 2200 System

93 2211 298 2290 gearbeitetes
325 2211 432 2286 Werk,
460 2212 567 2271 deseon
595 2212 754 2272 Verfasser
782 2215 861 2271 etwa
887 2212 982 2271 durch
1008 2212 1119 2272 Fehler

94 2301 149 2359 der
168 2286 401 2377 Uberlieferung
424 2301 508 2360 nioht
535 2304 670 2379 genennt
692 2293 858 2380 worden')‚
886 2319 942 2379 ogo
960 2301 1063 2376 potius
1081 2301 1118 2360 de

92 2389 191 2465 ipsius
224 2388 346 2448 Viviani
380 2408 469 2464 opere
502 2389 666 2466 Ulpianum
698 2389 811 2449 referre
842 2408 911 2448 oum
944 2389 1010 2448 aliis
1044 2390 1118 2451 viris

93 2479 193 2538 dootis
207 2480 385 2552 putaverim.
415 2478 452 2538 of.
462 2478 604 2538 Karlowa
616 2479 641 2555 I,
652 2480 725 2538 102.
758 2479 852 2537 Lenel
866 2479 898 2537 P.
909 2479 940 2537 11
954 2479 1117 2540 0011225.

340 2633 429 2713 Quod
450 2638 548 2697 metus
569 2652 665 2698 causa
687 2637 791 2697 aetum
813 2634 880 2697 erit.

189 2740 217 2804 1.
253 2737 293 2803 D.
311 2740 342 2820 4,
361 2741 391 2818 2,
412 2739 464 2822 14,
482 2739 512 2804 5.
568 2737 727 2823 Ulpianus
758 2738 841 2803 libro
874 2738 1044 2803 undecimo
1077 2738 1118 2802 ad

94 2828 237 2893 edietum
270 2824 321 2913 (P.
341 2826 431 2913 377).
460 2865 503 2874 -
533 2828 716 2912 Aliquando
740 2875 774 2892 ..
798 2833 832 2892 et
864 2827 893 2890 si
927 2831 1032 2891 metus
1066 2827 1118 2891 ad·

94 2917 220 2981 hibitus
261 2921 476 3001 proponatur,
518 2916 689 2981 arbitrium
726 2917 965 2980 absolutionem
1002 2916 1116 2980 adfert.

96 3005 174 3090 quid
205 3005 291 3069 enim
322 3005 349 3068 si
376 3010 498 3070 metum
523 3004 651 3089 quidem
674 3004 779 3069 Titius
804 3005 953 3069 adhibuit
976 3026 1027 3068 me
1050 3026 1118 3069 non

93 3094 242 3175 conscio,
269 3116 320 3158 res
345 3099 453 3159 autem
478 3095 518 3158 ad
541 3117 592 3158 me
616 3094 778 3178 pervenit,
802 3093 938 3158 ethaeo
960 3093 996 3157 in
1020 3094 1117 3158 rebus

92 3182 248 3247 humanis
271 3202 339 3245 non
363 3189 412 3247 est
436 3184 504 3248 sine
529 3183 603 3248 dolo
627 3183 715 3248 malo
740 3184 835 3250 meo‘l
870 3203 977 3247 nonne
1000 3182 1115 3247 iudicis

95 3271 206 3336 offioio
230 3270 405 3336 absolvar?
443 3276 499 3336 aut
523 3272 552 3336 ei
576 3294 686 3337 servus
711 3272 746 3335 in
769 3271 848 3356 fuga
872 3276 931 3354 est,
956 3293 1066 3355 seque,
1090 3271 1117 3334 si

97 3381 214 3425 cavero
238 3360 354 3425 iudiois
378 3361 486 3426 officio
510 3383 572 3444 mo,
595 3361 624 3425 si
647 3362 680 3426 in
704 3383 809 3425 meam
828 3364 1027 3444 potestatem
1047 3380 1116 3441 per·

95 3451 235 3533 uenerit,
267 3451 507 3533 restitut-urum,
540 3450 667 3516 absolvi
695 3449 828 3514 debebo.
873 3448 957 3513 unde
987 3447 1117 3531 quidam

98 3542 217 3620 putant
250 3538 336 3603 bona
367 3539 429 3603 fide
463 3543 639 3625 emptorem
673 3539 715 3603 ab
749 3561 786 3603 eo
820 3539 875 3622 qui
908 3538 973 3601 vim
1004 3536 1120 3600 intulit

149 3652 249 3700 Iurlspr.
265 3653 379 3692 antobadr.
393 3655 443 3694 roll.
458 3654 492 3694 od.
507 3654 607 3696 Bremar.
634 3655 696 3710 ΙΙ,2.
934 3647 972 3697 lb
