2430 3944
136 184 203 251 232
226 185 273 241 IV.
288 185 506 242 VESPASIANI
520 185 593 240 ΤΙΤΙ
605 185 803 241 DOMITIANI
816 186 924 241 ΤΕΜΡ.
939 185 1037 242 IURIS
1053 186 1158 243 CONS.

139 351 254 418 emerit
278 353 311 414 et
333 351 361 414 is
380 350 522 435 quinque
542 351 594 432 sit,
617 350 758 434 quinque
776 349 915 434 petenda
934 346 1158 436 (retinendat)

139 460 210 504 esse
238 438 323 523 apud
347 438 514 504 Plautium
541 438 678 523 placuit,
706 438 991 523 quemadmodum,
1019 439 1048 504 si
1075 461 1159 504 mor-

139 534 215 593 tuus
239 532 303 612 est,
328 527 411 592 nihil
434 531 597 611 peteretur
620 525 880 614 (retineretnr?);
910 525 1037 592 sivero
1063 528 1159 612 quin-

139 618 242 682 decim
270 616 389 698 dignus
418 619 475 700 sit,
503 638 570 681 non
596 617 670 700 plus
699 638 797 701 qnam
824 616 933 681 decem
956 621 1068 700 potest
1090 618 1158 702 peti

139 702 336 792 (retinerit),
359 706 513 790 quoniam
537 708 670 770 eatenus
695 705 833 770 donator
855 705 1029 789 pauperior
1049 705 1158 771 factus

140 798 234 860 esset.

505 900 555 966 Dc
576 921 654 966 curo
673 900 798 982 furiosi.

231 1010 284 1076 34.
303 1007 342 1074 D.
351 1008 405 1089 40,
417 1009 446 1091 l,
457 1008 507 1074 13.
543 1006 742 1091 Pomponius
756 1008 841 1073 libro
854 1009 960 1092 primo
975 1029 1015 1072 ex
1028 1007 1159 1072 Plautio

141 1095 192 1183 (P.
207 1094 298 1182 327).
325 1132 361 1144 -
389 1094 506 1162 Servus
525 1095 639 1162 furiosi
658 1097 700 1161 ab
719 1096 860 1181 adgnato
879 1101 1029 1162 curatore
1047 1119 1159 1162 manu-

140 1187 231 1251 mitti
259 1208 324 1250 non
352 1188 477 1269 potest,
505 1186 581 1270 quia
603 1185 638 1250 in
661 1184 945 1250 administratione
967 1185 1160 1268 patrimonii

141 1274 356 1340 manumissio
380 1296 445 1339 non
466 1277 525 1339 est.
566 1273 595 1337 si
615 1276 723 1338 autem
743 1296 782 1339 ex
798 1273 1042 1339 fideicommissi
1062 1295 1161 1339 causa

141 1365 273 1429 deberet
286 1363 474 1428 libertatem
488 1362 640 1446 furiosus,
655 1362 869 1427 dubitationis
883 1362 1048 1428 tollendae
1060 1384 1161 1428 causa

141 1453 183 1518 ab
203 1452 345 1536 adgnato
363 1448 629 1534 eroaricipandum1
648 1473 786 1533 servum,
804 1456 841 1515 ut
864 1452 904 1516 ab
925 1473 963 1516 eo
978 1452 1030 1516 cui
1043 1452 1162 1518 manci·

136 1538 255 1627 patum
278 1544 364 1605 esset
388 1540 650 1621 manumittatur,
674 1538 857 1606 Octauenus
881 1541 935 1605 ait.

231 1628 297 1695 35?
329 1627 369 1695 D.
392 1628 445 1711 46,
469 1630 500 1712 3,
524 1628 580 1695 65.
633 1628 833 1712 Pomponius
864 1629 949 1693 libro
980 1626 1089 1712 primo
1124 1651 1163 1693 ex

140 1717 271 1783 Plautio
296 1716 345 1804 (P.
365 1714 456 1805 328).
482 1753 520 1764 —
547 1715 582 1783 si
609 1717 678 1782 filia
704 1717 821 1782 furiosi
844 1740 864 1783 a
886 1718 957 1782 viro
980 1716 1162 1798 divorterit,

142 1808 265 1873 dietum
298 1811 347 1872 est
379 1807 430 1871 vel
462 1810 583 1892 agnato
617 1806 760 1872 curatori
791 1807 960 1872 voluntate
991 1805 1082 1871 filiee
1109 1806 1162 1871 rel

142 1895 229 1961 filiae
252 1895 475 1961 consentiente
498 1898 621 1981 agnato
645 1895 729 1961 solvi
753 1894 871 1960 dotem.

553 2071 604 2138 Dc
625 2074 750 2138 delictis.

233 2179 284 2246 36.
321 2178 363 2245 D.
386 2181 439 2262 47,
463 2181 493 2262 2,
516 2180 569 2260 67,
595 2183 622 2246 1.
675 2178 797 2243 Paulus
829 2178 913 2244 libro
947 2179 1089 2263 septimo
1123 2181 1164 2245 ad

143 2267 308 2334 Plautium
332 2267 381 2353 (Ρ.
396 2264 507 2354 1141).
526 2305 569 2314 -
593 2265 628 2333 Si
646 2267 675 2331 is
694 2268 745 2332 cui
764 2289 816 2331 res
835 2268 990 2352 subrepto
1009 2269 1063 2353 sit,
1088 2268 1165 2334 dum

146 2357 232 2442 apud
246 2358 349 2421 furem
365 2357 417 2436 sit,
430 2357 599 2440 legaverat
612 2379 683 2420 eam
699 2355 780 2420 mihi
793 2355 872 2441 <per
881 2356 1164 2442 vindicationem),

145 2469 186 2600 21
189 2497 197 2530 ’
207 2445 572 2599 :11213115133210
574 2444 991 2599 ”sutrinum
1003 2445 1165 2600 {iffi}

145 2623 226 2687 furti
250 2623 349 2706 actio,
378 2645 451 2689 curn
473 2623 567 2687 heres
592 2644 649 2687 suo
672 2623 803 2687 nomine
826 2644 894 2687 non
916 2622 1051 2706 habeat,
1077 2559 1165 2708 duic,

146 2733 347 2798 quacumque
377 2712 504 2776 ratione
537 2708 717 2776 dominium
747 2715 908 2776 mutatum
940 2712 998 2797 sit,
1030 2713 1164 2778 domino

145 2803 327 2884 competere
350 2799 430 2865 furti
453 2801 616 2865 actionem
640 2804 777 2866 constat.

236 2890 289 2955 37.
311 2888 351 2955 D.
364 2887 443 2954 ibid.
457 2891 477 2970 ἓ
492 2890 522 2953 2.
543 2925 582 2936 -
605 2887 690 2954 Eum
710 2889 765 2973 qui
784 2887 962 2955 mulionem
981 2889 1056 2954 dolo
1076 2891 1164 2953 malo

146 2979 181 3045 in
199 2977 250 3043 ius
269 2982 428 3061 vocasset,
450 2979 480 3042 si
498 2979 625 3042 interea
643 2978 750 3042 mulae
769 2978 938 3062 perissent,
962 2977 1041 3042 furti
1060 2979 1164 3042 teneri

146 3070 270 3133 veteres
293 3066 539 3151 responderunt.

237 3156 289 3222 38.
309 3154 349 3222 D.
361 3156 415 3239 48,
431 3156 482 3234 19,
491 3155 544 3221 20.
580 3154 702 3220 Paulus
716 3153 800 3220 libro
815 3158 929 3220 octavo
945 3154 985 3219 ad
999 3153 1165 3221 Pleutium

146 3242 195 3331 (P.
216 3241 327 3330 1246).
351 3279 394 3290 -
418 3242 453 3309 Si
475 3264 582 3328 poena
606 3244 701 3308 elicui
723 3241 897 3328 irrogatur,
923 3247 1091 3329 receptum
1115 3249 1165 3309 est

146 3334 374 3399 commenticio
398 3333 480 3412 iure,
504 3353 543 3396 ne
568 3331 607 3396 ad
631 3332 764 3397 heredes
788 3335 943 3397 transeat.

220 3497 234 3543 1
256 3489 332 3545 Tuo.
351 3486 528 3542 tradendum.

219 3567 235 3614 2
256 3561 332 3617 Trib.
351 3557 484 3614 traditus.
