2430 3944
338 203 365 253 4.
384 195 413 252 6.
428 195 573 253 ursulus
592 196 779 254 LONGINUS
1026 199 1069 263 43

339 401 388 459 De
409 401 549 461 bonorum
565 406 654 476 purte
677 403 778 476 leculo.

139 517 189 583 26.
226 516 268 582 Ι).
289 519 347 602 30,
365 520 422 602 26,
441 520 471 584 2.
527 519 724 603 Pomponius
762 520 847 585 libro
880 521 994 605 quinto
1028 523 1068 586 ad

69 603 204 671 Sabinum
240 604 292 693 (P.
315 604 406 692 448).
438 644 481 655 —
515 606 596 673 Cum
633 609 793 674 bonorum
830 614 923 692 parte
961 611 1070 696 legata

68 694 182 759 dubium
200 695 254 779 sit,
272 700 385 760 utrum
399 717 509 760 rerum
521 701 631 780 partes
647 719 690 761 au
704 697 890 762 aestimatio
906 697 1070 785 debeatur,

69 781 191 848 Sabinus
211 832 237 848 ..
256 789 290 848 et
305 782 436 849 Cassius
452 786 724 870 aestimationem,
741 785 898 851 Proculus
913 790 946 850 et
960 785 1070 852 Nerva

67 892 159 937 rerum
181 875 293 957 partes
317 893 388 938 esse
410 874 539 959 legatas
563 875 839 940 existimaverunt.

244 1082 292 1140 De
313 1085 352 1141 ile
374 1099 448 1155 quae
469 1083 523 1142 sul>
546 1083 711 1142 condicione
732 1084 872 1158 loquutur.

137 1199 203 1265 262
237 1198 279 1264 D.
297 1199 354 1280 35,
376 1202 409 1286 1,
427 1202 479 1268 68.
533 1202 706 1266 Iavolenus
737 1201 822 1266 libro
856 1203 996 1267 secundo
1030 1225 1069 1268 ex

66 1283 173 1352 Cassio.
209 1325 247 1336 —
283 1287 319 1354 Si
351 1290 399 1353 ita
429 1291 575 1375 legatum
607 1293 694 1354 esset
725 1289 811 1355 ‘cum
838 1290 1007 1372 nubserit',
1041 1292 1070 1356 si

64 1379 152 1459 nupta
163 1375 264 1441 fuerit
276 1382 309 1440 et
318 1378 380 1442 hoc
389 1382 529 1445 testator
539 1378 661 1462 scisset,
675 1378 815 1443 alterum
824 1378 1069 1444 matrimonium

62 1465 372 1549 uacexspeetandum
382 1467 528 1551 nihilque
538 1468 695 1551 interesse,
706 1471 814 1531 utrum
825 1467 901 1532 vivo
910 1472 1069 1532 testatore

64 1574 98 1616 an
117 1558 192 1636 post
214 1557 356 1619 mortem
379 1577 418 1619 ea
440 1556 558 1620 iterum
580 1555 736 1640 nupserit.

140 1674 339 1735 Tribonianus
377 1675 510 1752 scripsit:
552 1669 788 1736 ‘matrimonium
825 1675 898 1736 erit
933 1676 1068 1754 nihilque

64 1757 226 1824 intererit?
621 1758 624 1763 ‘
804 1795 805 1800 .

140 1873 190 1939 27.
214 1871 284 1938 Gai.
295 1875 326 1957 3,
335 1875 387 1940 98.
410 1909 456 1921 -
479 1924 506 1939 ..
529 1875 675 1959 legatum
700 1875 760 1939 snb
782 1873 970 1960 inpossibili
995 1896 1068 1940 con-

65 1958 175 2026 dicione
211 1963 361 2028 relictum
397 1963 501 2028 nostri
532 1967 758 2046 praeceptores
791 1962 926 2046 proinde
959 1963 1067 2027 deberi

63 2053 180 2134 putant,
203 2073 241 2115 ac
265 2051 293 2114 si
316 2052 385 2116 sine
409 2051 596 2117 condicione
619 2053 767 2116 relictum
792 2056 886 2116 essct.

410 2261 458 2320 Dc
480 2263 538 2336 lcpc
560 2262 707 2320 Falcidia.

138 2379 191 2444 28.
214 2377 397 2462 D.35,2‚1,
410 2380 459 2444 14.
496 2378 615 2443 Paulus
634 2379 718 2444 libro
733 2379 892 2464 singulari
907 2379 947 2443 ad
961 2379 1068 2464 legem

61 2462 228 2531 Falcidiam
255 2465 306 2552 (P.
323 2467 427 2553 921⁰).
456 2505 497 2514 -
527 2465 562 2532 si
594 2466 760 2532 coheredis
789 2468 852 2531 mei
880 2469 987 2551 portio
1015 2490 1068 2533 ex·

60 2551 167 2620 hausta
197 2559 253 2639 sit,
280 2578 352 2620 mea
379 2557 519 2641 integra,
551 2560 585 2620 et
606 2557 698 2621 illam
726 2555 931 2622 vindicavero
955 2557 1014 2642 (sc.
1032 2562 1069 2621 ut

60 2641 228 2730 caducam),
248 2641 380 2710 Cassius
400 2644 640 2709 confundendas
665 2666 735 2708 esse
758 2649 868 2728 partes
892 2645 1068 2709 existimat.

378 2856 429 2922 Dc
451 2857 616 2938 usufructu
638 2858 742 2940 deputo.

325 2986 373 3044 De
394 2988 550 3059 usufructu
572 2989 659 3046 ucore'
681 2987 787 3046 relicto.

136 3103 190 3168 29.
214 3102 253 3168 D.
264 3104 316 3188 10,
327 3106 357 3184 2,
366 3104 420 3186 44,
431 3105 461 3169 7.
496 3102 619 3169 Paulus
637 3105 721 3169 libro
741 3108 831 3169 sexto
852 3103 893 3168 ad
911 3102 1068 3168 Sabinum

54 3187 97 3278 (P.
117 3188 231 3279 1740).
259 3228 304 3240 —
330 3192 402 3258 Usu
428 3191 536 3257 fructu
563 3193 656 3257 uxori
683 3193 793 3279 legato
823 3193 925 3258 donec
953 3193 982 3256 ei
1010 3193 1068 3256 dos

54 3281 211 3359 solvatur,
244 3302 303 3364 per
335 3280 494 3347 arbitrum
522 3281 666 3346 familiae
695 3281 900 3347 erciscundae
928 3285 997 3346 tam
1025 3279 1069 3360 id,

54 3369 135 3453 qnod
173 3369 343 3435 coheredis
375 3369 506 3435 nomine
539 3392 578 3435 ex
612 3370 687 3434 dote
719 3371 863 3435 solutum
895 3369 953 3452 sit,
989 3367 1069 3431 reci-

53 3459 160 3611 perari
190 3459 343 3543 [potest],
376 3481 474 3543 quam
502 3462 539 3523 ut
566 3458 697 3524 coheres
726 3460 832 3524 solvat
860 3457 944 3522 effici
972 3475 1068 3539 posse

77 3548 181 3613 assius
208 3547 265 3612 ait
