2430 3944
341 181 365 229 6.
388 172 600 231 IAVOLENUS
619 174 769 232 Pfflsoos
997 177 1065 242 413
1199 142 1200 147 ¹

60 336 150 403 tiebat
185 338 279 402 eliam
311 338 448 420 prelium
481 338 576 419 fumli
607 339 680 404 dari
711 339 824 418 debere,
860 339 972 423 Ofilius
1003 341 1061 406 im-

60 445 158 491 ensae
179 426 267 491 uerbo
289 431 381 510 neeot
394 430 531 510 prelium
553 428 734 512 sionifieori,
756 429 811 493 seol
831 449 880 494 eos
897 431 1063 496 dumlonat

60 519 201 599 emptus,
232 534 309 596 quos
338 516 374 580 in
405 536 475 580 eum
497 521 700 598 posteaquam
733 521 850 598 emptus
876 523 952 583 esset
979 518 1060 598 feeit.

60 605 130 669 dem
150 601 253 669 Oinna
270 603 377 669 scribit
393 605 509 669 alieno
527 624 568 686 eo,
587 605 669 686 quod
684 625 748 670 non
761 606 897 671 deductis
908 606 1061 687 fructibus

60 713 260 776 inpensarum
279 694 359 758 rollo
377 693 483 758 baberi
500 693 612 771 debent,
631 698 660 758 el
675 693 730 758 boo
745 695 846 776 mauis
858 715 965 760 oerum
974 701 1060 777 puto.

137 781 189 846 38.
213 780 251 847 D.
263 782 317 866 32,
326 782 378 866 30,
387 783 417 846 4.
454 780 563 847 Labeo
583 782 666 846 libro
686 783 825 848 seeundo
845 783 1060 866 posteriorum

60 901 65 934 l
99 869 254 934 Iauoleno
288 873 549 954 epitomatorem.
576 906 619 918 —
651 869 714 951 Qui
741 873 877 954 fundum
908 874 1062 938 mandatu

60 980 114 1024 neo
137 960 173 1023 in
194 960 333 1024 societate
354 960 432 1024 milei
454 965 482 1024 et
503 960 564 1025 sibi
586 965 708 1038 emerat,
730 962 837 1025 dende
859 981 928 1026 enm
945 962 1062 1044 finibus

60 1049 199 1129 liuiserol
222 1053 251 1113 el
272 1050 460 1132 priusquam
486 1049 565 1113 mibi
595 1049 754 1131 mancipio
784 1048 896 1132 darell,
923 1051 969 1115 ila
991 1071 1061 1115 eum

60 1138 105 1202 ibi
131 1137 285 1220 leoooerot
312 1137 459 1219 ‘fundum
485 1159 587 1203 meum
614 1138 664 1203 illi
686 1137 745 1203 olo'.
789 1139 898 1221 monol
924 1138 1061 1221 amplius

60 1230 167 1290 iorum
188 1225 295 1308 deberi,
318 1229 394 1307 quia
415 1227 580 1292 uerisimile
601 1246 664 1291 non
686 1232 761 1292 esset
776 1229 822 1291 lta
840 1231 981 1292 testatum
999 1249 1061 1295 esse

60 1320 169 1382 ›alrem
189 1315 341 1395 familias,
363 1320 400 1379 ut
420 1316 562 1380 mandati
584 1315 669 1381 beros
690 1317 757 1381 elus
778 1317 988 1382 damnaretur.

138 1404 191 1471 39.
219 1404 257 1469 Ι).
268 1405 319 1487 33,
330 1406 359 1487 7,
369 1407 397 1468 4.
428 1404 600 1469 Iavolenus
615 1405 700 1468 libro
716 1405 854 1470 seeundo
869 1427 908 1469 ex
921 1406 1060 1489 posteri-

60 1493 159 1558 ›ribus
188 1493 358 1558 Labeonis.
382 1529 422 1538 -
447 1491 526 1558 &em
548 1493 676 1574 qnidam
699 1494 774 1558 oluos
798 1494 914 1574 [iendos
941 1496 1061 1576 innotos

60 1582 170 1646 aberet
191 1587 219 1647 el
239 1601 277 1647 en
294 1583 390 1647 altero
407 1581 501 1665 boves,
524 1602 593 1646 enm
612 1601 687 1664 opus
702 1582 852 1666 fecissent,
874 1584 910 1648 in
928 1584 1061 1648 alterum

60 1675 279 1754 eonterentur,
306 1676 469 1752 utrumque
495 1670 631 1751 fundum
657 1691 726 1734 oum
753 1672 957 1737 instrumento
980 1672 1060 1755 leoe-

60 1765 140 1824 erae
184 1760 286 1825 Labeo
311 1759 472 1825 Trebatius
490 1760 584 1832 ,bones
610 1761 639 1824 ei
663 1759 762 1840 fundo
784 1779 919 1826 oessnros
936 1765 1060 1846 putam,

60 1849 102 1913 lbi
116 1868 191 1930 opus
202 1848 351 1931 fecissem,
368 1868 431 1913 nou
445 1849 498 1914 nbi
511 1869 636 1913 monem
648 1850 876 1934 consuevissent,
895 1848 1061 1915 Ooseellins

60 1941 163 2002 eontra.
209 1937 362 2003 Labeonis
383 1938 565 2002 sententiam
582 1936 688 2019 probo.

136 2025 191 2090 40.
216 2026 253 2090 D.
267 2027 320 2105 35,
337 2029 364 2107 1,
378 2027 430 2106 40,
444 2027 475 2090 4.
511 2024 600 2089 Idem
625 2022 683 2112 (se.
702 2021 888 2111 Iavolenus)
908 2025 991 2089 libro
1013 2047 1059 2090 se·

60 2114 153 2179 eundo
177 2137 216 2178 ex
239 2115 473 2199 posterioribus
492 2113 661 2178 Labeonis.
688 2149 726 2160 -
751 2114 812 2194 Qui
835 2114 966 2178 domium
986 2114 1060 2193 fun·

60 2205 123 2269 lum
140 2204 263 2268 nullum
275 2202 410 2284 babebat,
430 2205 476 2268 ito
489 2203 654 2286 bannum:
673 2202 818 2284 ‘fundnm
832 2202 1060 2282 Cornelianum,

60 2313 138 2374 mem
160 2293 217 2357 illa
239 2292 318 2356 mibi
340 2294 404 2357 eloti
425 2293 516 2374 dedit,
538 2293 567 2356 ei
588 2292 673 2357 beros
690 2290 781 2357 olato'.
824 2291 926 2356 Labeo
949 2289 1061 2371 Ofilius

60 2381 212 2446 trebatius
242 2383 463 2464 responderunt
491 2380 627 2462 fundum
656 2380 755 2445 nibilo
787 2381 892 2445 minus
928 2380 1061 2462 leuatum

60 2490 124 2552 sse,
146 2471 234 2552 quio,
257 2490 325 2534 oum
342 2471 461 2550 fundus
481 2468 685 2534 Cornelianus
702 2471 738 2532 in
754 2490 859 2533 rerrem
877 2472 993 2534 notura
1010 2469 1060 2550 sit,

60 2559 268 2624 lemonslrolio
288 2559 374 2639 falso
397 2560 531 2641 leuatum
554 2579 617 2623 non
632 2558 771 2640 peremit.

310 2742 358 2801 De
379 2743 467 2815 fundi
488 2712 676 2801 instrumento
699 2741 799 2814 leeolo.
897 2803 900 2807 ,

140 2860 193 2925 41.
220 2860 258 2925 D.
279 2861 332 2946 33,
351 2862 380 2943 7,
399 2860 493 2944 25pr.
542 2858 713 2925 Iavolenus
741 2859 825 2924 libro
854 2861 994 2926 secundo
1022 2884 1061 2927 ex
1195 2822 1200 2834 ι

60 2947 284 3015 ›osterioribus
304 2949 472 3014 Labeonis.
494 2985 532 2997 -
554 2947 662 3013 Fundi
683 2949 886 3013 instrumento
909 2951 1006 3033 leonto
1027 2953 1063 3017 iol

60 3059 139 3104 >mus
169 3039 268 3103 oedere
289 3039 423 3121 putabat
451 3039 581 3115 Tubero,
612 3038 693 3119 quod
719 3038 746 3102 is
771 3036 890 3118 fundus
911 3040 1062 3105 substinere

60 3128 212 3210 noluisset,
238 3128 339 3193 Labeo
361 3132 476 3192 contro.
517 3127 594 3207 quid
615 3127 696 3190 enim
717 3127 778 3210 fiel,
800 3127 909 3210 inquit,
932 3129 968 3207 si,
991 3149 1061 3192 eum

60 3216 134 3281 uelle
162 3236 229 3281 ooes
252 3216 372 3298 fundus
399 3217 548 3281 sustinere
568 3216 731 3297 potuisset,
758 3216 818 3280 oluo
845 3215 937 3280 milm
958 3218 1061 3281 ouium

60 3309 83 3370 n
112 3325 146 3370 eo
171 3304 270 3386 funolo
294 3305 435 3388 fuerint?
476 3324 554 3386 oreos
581 3324 647 3369 oves
663 3304 862 3386 potissimum
885 3304 981 3387 leuato
1003 3325 1061 3370 ees·

60 3414 141 3460 uras
168 3394 433 3459 existimabimus?
469 3413 523 3458 neo
544 3395 751 3475 quaerendum
775 3413 850 3478 esse,
877 3395 953 3475 quial
974 3393 1061 3459 olebu·

123 3556 137 3604 1
159 3550 234 3607 Trib.
252 3551 384 3606 traderet.
