2430 3944
143 184 211 248 576
518 176 793 233 nunrvnnnrvrn

146 370 166 412 a
186 347 347 430 plerisque
366 344 570 427 improbatae
590 346 666 406 sunt
684 339 819 405 ‘Titium
837 340 988 405 heredem
1008 338 1167 418 instituo',

145 436 227 500 item
251 433 414 497 ‘heredem
438 430 544 497 facio'.

237 524 265 587 6.
299 521 337 586 D.
361 521 414 606 28,
437 520 468 604 5,
491 520 543 604 31,
568 519 596 584 1.
632 518 731 583 Gaius
760 517 846 583 libro
875 519 1015 602 septimo
1044 517 1167 582 decimo

145 611 189 677 ad
212 611 353 676 edictum
376 608 582 695 provinciale.
609 643 648 655 -
674 606 916 672 Hereditarium
940 629 1072 672 servum
1097 613 1166 671 ante

145 700 268 765 aditam
285 699 558 763 hereditatem...
572 697 697 780 placuit
713 695 864 760 heredem
878 697 1006 761 institui
1021 717 1165 778 posse...

239 790 268 852 7.
291 785 362 853 Gai.
381 787 411 870 2,
436 787 509 850 132.
531 823 568 833 -
590 784 785 867 <Masculini
877 807 970 849 sexus
990 785 1165 869 perso>nas

37 860 39 864 i
147 876 270 960 placuit
298 897 364 940 non
392 875 487 939 aliter
514 878 599 939 recte
628 871 851 956 ex<heredari‚
879 873 943 938 nisi
971 873 1165 938 nominatim

146 965 385 1030 exheredantur
408 1015 415 1028 .
431 1015 437 1028 .
453 964 480 1044 .>

239 1055 268 1118 8.
301 1050 372 1117 Gai.
398 1054 429 1135 1,
453 1051 504 1116 25.
524 1088 566 1098 -
585 1049 630 1115 Hi
654 1102 684 1118 ..
708 1051 763 1135 qui
787 1050 1013 1116 dediticiorum
1037 1071 1164 1116 numero

148 1145 233 1225 sunt,
264 1141 354 1206 nullo
383 1140 479 1205 modo
510 1161 548 1204 ex
578 1143 773 1206 testamento
798 1161 910 1224 capere
933 1143 1082 1224 possunt,
1104 1160 1163 1203 non

149 1233 255 1313 magis
279 1251 377 1314 quam
396 1229 532 1312 quilibet
549 1229 749 1313 peregrinus,
775 1250 834 1293 nec
852 1228 916 1312 ipsi
934 1232 1163 1293 testamentum

148 1318 255 1384 facere
278 1322 414 1403 possunt
437 1318 613 1382 secundum
636 1317 669 1381 id
692 1316 778 1401 quod
797 1318 904 1402 magis
928 1318 1062 1401 placuit.

461 1492 510 1559 De
534 1495 677 1578 lepitc'mis
698 1494 864 1560 heredibus.

241 1619 271 1682 9.
294 1616 365 1682 Gai.
380 1618 410 1703 3,
425 1620 454 1683 8.
474 1655 516 1665 -
537 1668 567 1684 ..
585 1619 739 1704 placebat
756 1622 891 1703 nepotes
910 1626 1074 1703 neptesve,
1091 1619 1160 1682 item

149 1710 345 1791 pronepotes
363 1712 578 1792 proneptesve
593 1709 628 1772 in
641 1709 785 1792 parentis
804 1707 853 1772 sui
872 1707 978 1772 locum
993 1707 1160 1773 succedere.

241 1796 291 1861 10.
328 1794 397 1861 Gai.
420 1798 451 1879 3,
477 1798 526 1863 16.
559 1833 604 1844 -
637 1798 724 1862 ..si
751 1795 894 1861 defuncti
926 1796 1039 1861 nullus
1069 1796 1163 1861 frater

148 1888 252 1967 extet,
284 1884 383 1969 (sed)
414 1886 479 1949 sint
510 1886 605 1950 liberi
636 1885 788 1970 fratrum,
821 1885 860 1949 ad
894 1905 1008 1950 omnes
1042 1884 1162 1970 quidem

151 1973 313 2038 hereditas
337 1975 484 2058 pertinet.
513 1975 569 2040 sed
594 1975 776 2058 quaesitum
800 1977 858 2057 est,
887 1974 915 2038 si
938 1974 1065 2058 dispari
1087 1974 1163 2039 forte

151 2085 285 2128 numero
318 2066 384 2126 sint
410 2064 491 2147 nati,
523 2069 561 2128 ut
592 2085 630 2127 ex
662 2085 700 2128 eo
728 2085 793 2128 uno
826 2085 909 2127 unus
942 2063 994 2128 vel
1028 2063 1100 2146 duo,
1130 2083 1162 2126 er

150 2153 255 2216 altero
284 2155 351 2216 tres
379 2152 430 2216 vel
461 2157 628 2236 quattuor,
659 2156 768 2216 utrum
795 2152 828 2215 in
857 2151 974 2235 stirpes
999 2151 1163 2218 dividenda

151 2241 196 2305 sit
227 2240 398 2323 hereditas,
431 2240 515 2306 sicut
546 2242 631 2306 inter
663 2262 739 2305 suos
767 2239 900 2304 heredes
926 2240 1008 2304 iuris
1043 2246 1102 2326 est,
1127 2260 1162 2304 an

151 2330 260 2412 potius
284 2330 319 2393 in
342 2328 459 2413 capita.
491 2335 555 2393 iam
580 2330 699 2393 dudum
724 2334 831 2394 tamen
850 2329 983 2415 placuit,
1007 2330 1043 2393 in
1066 2331 1163 2413 capita

150 2417 357 2481 dividendam
382 2439 451 2482 esse
474 2418 697 2482 hereditatem.

244 2507 293 2570 11.
331 2505 401 2572 Gai,
425 2507 456 2590 3,
481 2508 529 2571 14.
560 2542 602 2553 -
633 2506 726 2583 Quod
754 2506 795 2570 ad
822 2506 961 2571 feminas
985 2558 991 2570 .
1013 2557 1020 2570 .
1045 2507 1163 2586 attinet,

150 2594 187 2655 in
224 2594 286 2657 hoc
318 2595 386 2658 iure
427 2593 484 2680 (sc.
514 2601 599 2680 quod
637 2596 677 2659 ad
710 2597 939 2660 intestatorum
971 2594 1163 2660 hereditates

152 2679 286 2766 attinet)
302 2682 390 2747 aliud
404 2689 436 2747 in
452 2685 596 2768 ipsarum
610 2684 845 2749 hereditatibus
860 2684 1025 2767 capiendis
1041 2686 1164 2770 placuit,

151 2770 239 2833 aliud
264 2773 296 2834 in
319 2775 497 2836 ceterorum
521 2772 616 2837 honis
644 2775 684 2837 ab
713 2773 766 2837 his
786 2772 958 2857 capiendis.
982 2796 1061 2837 nam
1080 2774 1164 2839 femi-

152 2881 267 2922 narum
290 2858 487 2925 hereditates
512 2862 643 2945 proinde
668 2861 708 2925 ad
726 2883 787 2927 nos
807 2862 993 2945 agnationis
1013 2861 1085 2926 iure
1103 2861 1163 2926 red-

150 2956 231 3012 eunt
258 2952 354 3032 atque
378 2949 611 3034 masculorum,
640 2955 771 3015 nostrae
801 2972 876 3015 vero
907 2949 1106 3016 hereditates
1129 2948 1162 3014 ad

152 3036 291 3101 feminas
315 3036 402 3100 ultra
421 3041 733 3124 consanguineorum
753 3039 889 3123 gradum
913 3061 979 3103 non
997 3040 1162 3122 pertinent.

568 3215 619 3281 De
642 3217 758 3299 tepolis.

411 3335 458 3394 Dc
481 3337 581 3410 leporis
597 3355 655 3411 por
677 3338 908 3398 ctadicattoam

246 3444 294 3508 12.
328 3443 396 3510 Gai.
420 3446 455 3527 2,
481 3446 552 3511 196.
577 3483 620 3493 -
643 3446 710 3511 Eae
734 3500 761 3512 ..
792 3448 877 3512 solae
905 3468 956 3512 res
985 3469 1044 3532 per
1067 3445 1160 3512 vindi-

152 3531 315 3596 cationem
329 3534 480 3618 legantur
499 3539 592 3620 recte,
617 3559 697 3620 quae
722 3559 760 3601 ex
783 3537 852 3600 iure
871 3535 1048 3612 Quiritium
1066 3536 1159 3620 ipsius
