2430 3944
100 175 165 244 130
181 175 228 230 III.
238 173 316 230 (ssu
325 172 472 230 CLAUDII
480 171 617 230 usbon.
628 170 772 227 GALBAE
782 169 892 226 TEMP.
900 167 1000 225 lorus
1010 124 1125 226 cotis.-

98 340 192 405 heres
215 336 284 403 sit’:
309 336 419 403 Labeo
442 359 509 402 non
528 335 631 400 videri
648 307 748 400 filiam
767 331 934 417 contineri,
955 331 1110 399 Proculus

96 431 238 581 miris.
261 513 414 600 1115,
430 515 480 580 11.
516 514 688 579 ramanus
710 513 795 577 mro
820 508 1111 595 1111111111·-

97 607 211 670 larum.
240 641 279 651 -
307 604 431 669 ‘Attius
459 603 552 667 fundi
580 600 767 667 Corneliani
793 601 889 665 heres
916 602 989 666 esto
1017 598 1109 685 mibi,

97 694 160 759 duo
179 693 258 759 Titii
280 693 368 757 illius
391 693 517 757 insulae
540 691 673 756 heredes
698 687 816 756 sunto'.
857 686 1026 753 habebunt
1047 687 1108 753 duo

97 783 174 848 Titii
198 781 376 865 semissem,
396 781 509 846 Attius
534 781 699 846 semissem
721 778 818 864 idque
833 777 973 843 Proculo
997 777 1107 861 placet

353 1017 407 1077 HI.
436 1018 551 1077 Notae
575 1016 618 1076 ad
639 1015 852 1076 Labeonem.

185 1143 347 1203 Proculum
370 1141 408 1201 ad
425 1141 597 1202 Labeonem
619 1143 707 1200 notas
731 1139 886 1216 scripsisse
909 1163 979 1204 cum
1002 1145 1107 1207 (1111111

96 1233 223 1293 tradunt
246 1235 277 1291 et
300 1230 393 1290 Gaius
417 1222 468 1313 (D.
484 1231 535 1306 35,
552 1233 580 1308 1,
596 1232 636 1290 68
661 1224 755 1305 ‘apud
776 1229 947 1294 Labeonem
965 1233 1108 1295 Proculus

95 1315 209 1400 notat')
230 1324 261 1380 et
276 1319 426 1396 Ulpianus
445 1318 610 1379 secundum
624 1318 745 1378 Celsum
759 1310 810 1398 (D.
825 1319 853 1391 3,
870 1324 900 1400 5,
916 1325 945 1397 9,
961 1325 979 1382 1
1001 1316 1108 1383 ‘nabo

96 1409 214 1486 probat.
256 1409 309 1468 sod
332 1411 363 1467 11
382 1406 486 1468 Celsus
509 1409 610 1482 refert,
633 1407 779 1467 Proculus
802 1410 884 1483 apud
907 1430 978 1470 enm
998 1403 1108 1495 notat')

95 1502 216 1558 tumeo
236 1497 456 1575 comprobatur,
478 1496 559 1573 quod
576 1495 715 1573 pluribus
734 1495 902 1579 Pomponii,
924 1499 992 1577 Gai,
1014 1498 1109 1578 Penii,

95 1587 219 1662 Ulpiani
245 1586 320 1645 locis
342 1585 442 1646 Labeo
467 1591 498 1644 et
519 1585 664 1645 Proculus
686 1585 766 1644 inter
789 1602 821 1645 so
843 1593 1050 1666 opponuntur,
1078 1589 1108 1648 in

95 1675 200 1752 primis
227 1674 288 1733 his:
315 1674 352 1733 D.
373 1676 425 1752 12,
440 1676 471 1751 4,
486 1677 527 1735 15
551 1675 655 1751 Pomp.
684 1667 796 1733 ‘Labeo
824 1676 869 1736 cit
961 1676 1014 1737 sed
1040 1677 1107 1737 Pro·

96 1764 182 1823 culus
273 1756 336 1822 ait'.
388 1763 422 1821 D.
442 1764 495 1841 41,
516 1766 544 1840 1,
565 1765 606 1823 28
635 1762 740 1838 Pomp.
773 1756 885 1824 ‘Labeo
918 1768 949 1824 et
982 1765 1109 1826 Sabinus

96 1849 196 1928 aiunt,
224 1850 276 1912 sed
297 1845 464 1910 Proculus'.
511 1850 624 1928 (1113,
647 1852 711 1911 140
736 1845 850 1912 ‘Labeo
872 1855 998 1932 negavit
1011 1900 1019 1914 .
1033 1897 1041 1914 .
1054 1899 1062 1914 .
1076 1857 1108 1914 at

97 1940 225 2001 Ofilius.
241 1988 247 2000 .
262 1985 283 2017 .,
312 1940 398 1999 cuius
422 1940 591 2016 opinionem
614 1939 760 1999 Proculus
783 1944 904 2002 secutus
928 1937 997 2003 est'.
1043 1942 1109 2004 Vct

96 2032 131 2090 fr.
149 2037 165 2089 1
190 2029 276 2090 Paul.
301 2023 412 2088 ‘Labeo
430 2029 557 2105 ,quidem
579 2029 729 2104 putabat.
746 2029 913 2090 ‚Proculus
936 2035 967 2091 et
985 2024 1110 2092 Oelsus'.

95 2119 166 2179 Vct.
185 2119 222 2178 fr.
243 2122 282 2179 71
311 2118 381 2193 Ulp.
419 2111 474 2159 ‘—
506 2117 587 2194 apud
618 2115 789 2177 Labeonem
821 2120 920 2196 cgitct
950 2121 1111 2199 pertinere,

97 2208 234 2286 quamvis
256 2207 403 2267 Proculus
425 2225 486 2266 non
510 2199 572 2265 -'.

185 2296 364 2355 Laudentur
387 2298 489 2355 autem
512 2295 623 2354 diserte
640 2312 856 2370 nonnunquam
873 2296 1023 2357 Labeonis
1040 2296 1110 2356 libri

96 2385 293 2463 posteriores,
321 2383 359 2442 ad
388 2402 461 2460 quos
484 2383 632 2443 Proculus
659 2389 747 2443 notas
774 2383 931 2444 adiecerit:
960 2386 996 2445 D.
1013 2388 1065 2464 17,
1081 2389 1112 2464 2,

98 2476 183 2549 65,5
207 2472 293 2532 Paul.
320 2466 433 2533 ‘Labeo
452 2517 483 2532 ..
500 2473 701 2549 posteriorum
724 2472 811 2531 libris
834 2474 976 2549 scripsit.
992 2517 1000 2533 .
1015 2522 1022 2534 .
1038 2475 1111 2535 Pro·

97 2563 184 2622 culus
215 2563 272 2620 hoc
303 2560 348 2620 111
373 2580 479 2622 rerum
506 2579 570 2621 esse
599 2561 655 2638 ait,
688 2554 733 2622 si'.
783 2561 819 2622 D.
841 2565 869 2635 7,
889 2564 918 2640 8,
939 2565 967 2639 2,
989 2565 1019 2622 1.
1038 2565 1113 2642 4pr.

96 2650 166 2727 Ulp.
185 2643 277 2726 ‘apud
295 2649 467 2710 Labeonem
484 2650 606 2709 memini
623 2652 787 2709 tractatum
806 2650 883 2710 libro
901 2652 1114 2726 posteriorum,

97 2743 128 2800 11
151 2739 195 2798 111
212 2739 313 2798 Labeo
332 2783 338 2796 .
354 2786 360 2797 .
376 2783 383 2798 .
401 2738 546 2798 Proculus
566 2741 666 2798 autem
686 2784 737 2799 ...
756 2733 863 2798 notct'.
905 2740 942 2800 D.
957 2742 1010 2818 29,
1026 2743 1055 2817 2,
1071 2743 1115 2802 60

96 2828 256 2889 Iavolenus
284 2846 321 2886 ex
342 2830 421 2904 post.
442 2827 599 2887 Labeonis.
646 2821 757 2886 ‘Labeo
782 2828 825 2886 sit
922 2828 1051 2889 Paulus:
1083 2833 1114 2888 et

96 2917 242 2976 Proculus
265 2914 415 2977 Labeonis
441 2916 621 2976 sententiam
647 2910 819 2992 improbct'.
864 2916 900 2976 D.
921 2919 972 2992 33,
992 2920 1022 2994 9,
1043 2919 1072 2995 3,
1093 2920 1114 2976 2

97 3004 168 3081 Ulp.
195 2998 307 3064 ‘Labeo
336 3004 413 3064 libro
441 3024 519 3064 nono
546 3006 747 3080 posteriorum
771 3004 946 3067 scribit...
966 3006 1019 3066 sod
1042 3007 1114 3067 Pro·

98 3093 184 3152 culus
275 3088 400 3153 scribit'.
455 3093 570 3153 aceedit
602 3093 682 3170 quod
713 3093 749 3153 D.
769 3096 821 3171 33,
841 3097 869 3171 6,
891 3096 942 3172 15,
965 3097 1005 3155 16
1040 3096 1116 3156 baec

96 3184 252 3260 leguntur:
285 3174 443 3242 ‘Proculus
470 3182 548 3242 libro
576 3182 706 3242 secundo
734 3176 965 3258 Epistularum'.
1017 3177 1115 3244 ‘Idem

97 3271 174 3331 libro
202 3271 294 3330 tertio
323 3290 359 3329 ex
385 3271 603 3348 posterioribus
630 3264 802 3349 Labeonis',
833 3273 878 3331 111
903 3275 939 3332 11
965 3271 1117 3333 Proculus

97 3378 191 3436 aeque
209 3361 300 3436 atque
318 3359 477 3420 Iavolenus
495 3359 642 3419 Labeonis
665 3358 759 3420 libros
780 3359 878 3420 videri
899 3361 999 3437 possit
1018 3362 1113 3439 epito-

97 3467 205 3508 masse.
238 3447 360 3508 atinde
385 3468 419 3508 ex
439 3447 554 3508 Ouiacii
577 3451 677 3508 aetate
700 3448 758 3509 viri
777 3447 857 3508 docti
881 3442 989 3509 ‘Idem'
1008 3469 1109 3518 errore

99 3558 154 3613 pro
170 3530 353 3597 ‘Iavolenus'
372 3538 516 3613 scriptum
528 3556 593 3596 esse
607 3539 758 3596 statuunt:
778 3531 843 3598 ‘des
858 3538 937 3617 folgt
945 3539 1035 3600 nicht
1048 3541 1117 3600 blos
