<?xml version="1.0" encoding="UTF-8"?>
<!DOCTYPE html PUBLIC "-//W3C//DTD XHTML 1.0 Transitional//EN"
    "http://www.w3.org/TR/xhtml1/DTD/xhtml1-transitional.dtd">
<html xmlns="http://www.w3.org/1999/xhtml" xml:lang="en" lang="en">
 <head>
  <title>
</title>
<meta http-equiv="Content-Type" content="text/html;charset=utf-8" />
  <meta name='ocr-system' content='tesseract 3.04.00' />
  <meta name='ocr-capabilities' content='ocr_page ocr_carea ocr_par ocr_line ocrx_word'/>
</head>
<body>
  <div class='ocr_page' id='page_1' title='image "./iurisprudentiae02bremgoog_0448.png"; bbox 0 0 2430 3944; ppageno 0'>
   <div class='ocr_carea' id='block_1_1' title="bbox 394 180 1110 248">
    <p class='ocr_par' dir='ltr' id='par_1_1' title="bbox 394 180 1110 248">
     <span class='ocr_line' id='line_1_1' title="bbox 394 180 1110 248; baseline 0.013 -11"><span class='ocrx_word' id='word_1_1' title='bbox 394 187 418 237; x_wconf 90' lang='grc'><strong>6.</strong></span> <span class='ocrx_word' id='word_1_2' title='bbox 442 180 650 237; x_wconf 74' lang='lat' dir='ltr'><strong>luvouunus</strong></span> <span class='ocrx_word' id='word_1_3' title='bbox 668 180 815 237; x_wconf 83' lang='lat' dir='ltr'>PRISCUS</span> <span class='ocrx_word' id='word_1_4' title='bbox 1041 181 1110 248; x_wconf 82' lang='grc'><strong>415</strong></span> 
     </span>
    </p>
   </div>
   <div class='ocr_carea' id='block_1_2' title="bbox 471 358 739 431">
    <p class='ocr_par' dir='ltr' id='par_1_2' title="bbox 471 358 739 431">
     <span class='ocr_line' id='line_1_2' title="bbox 471 358 739 431; baseline -0.007 -14"><span class='ocrx_word' id='word_1_5' title='bbox 471 358 519 418; x_wconf 90' lang='lat' dir='ltr'><strong>De</strong></span> <span class='ocrx_word' id='word_1_6' title='bbox 540 376 615 418; x_wconf 89' lang='lat' dir='ltr'><strong>naue</strong></span> <span class='ocrx_word' id='word_1_7' title='bbox 637 360 739 431; x_wconf 73' lang='lat' dir='ltr'><strong>leuata.</strong></span> 
     </span>
    </p>
   </div>
   <div class='ocr_carea' id='block_1_3' title="bbox 94 469 1116 1086">
    <p class='ocr_par' dir='ltr' id='par_1_3' title="bbox 94 469 1116 980">
     <span class='ocr_line' id='line_1_3' title="bbox 187 469 1115 552; baseline 0.003 -19"><span class='ocrx_word' id='word_1_8' title='bbox 187 470 241 535; x_wconf 89' lang='grc'><strong>48.</strong></span> <span class='ocrx_word' id='word_1_9' title='bbox 270 469 307 535; x_wconf 89' lang='lat' dir='ltr'><strong>D.</strong></span> <span class='ocrx_word' id='word_1_10' title='bbox 324 469 377 552; x_wconf 82' lang='lat'><strong>50,</strong></span> <span class='ocrx_word' id='word_1_11' title='bbox 393 469 443 551; x_wconf 87' lang='grc'><strong>16,</strong></span> <span class='ocrx_word' id='word_1_12' title='bbox 462 470 528 534; x_wconf 84' lang='grc'><strong>242</strong></span> <span class='ocrx_word' id='word_1_13' title='bbox 542 491 590 552; x_wconf 92' lang='lat' dir='ltr'><strong>pr.</strong></span> <span class='ocrx_word' id='word_1_14' title='bbox 615 505 656 514; x_wconf 98' lang='lat'><em>-</em></span> <span class='ocrx_word' id='word_1_15' title='bbox 680 469 851 534; x_wconf 85' lang='lat' dir='ltr'><strong>Iavolenus</strong></span> <span class='ocrx_word' id='word_1_16' title='bbox 870 470 954 534; x_wconf 94' lang='lat' dir='ltr'><strong>libro</strong></span> <span class='ocrx_word' id='word_1_17' title='bbox 976 471 1115 536; x_wconf 87' lang='lat' dir='ltr'><strong>seeundo</strong></span> 
     </span>
     <span class='ocr_line' id='line_1_4' title="bbox 95 556 1114 644; baseline 0.001 -21"><span class='ocrx_word' id='word_1_18' title='bbox 95 580 134 623; x_wconf 88' lang='lat' dir='ltr'><strong>ex</strong></span> <span class='ocrx_word' id='word_1_19' title='bbox 155 558 390 642; x_wconf 78' lang='lat' dir='ltr'><strong>posterioribus</strong></span> <span class='ocrx_word' id='word_1_20' title='bbox 409 556 580 622; x_wconf 84' lang='lat' dir='ltr'><strong>Labeonis.</strong></span> <span class='ocrx_word' id='word_1_21' title='bbox 596 593 638 605; x_wconf 92' lang='lat'>-</span> <span class='ocrx_word' id='word_1_22' title='bbox 654 556 782 622; x_wconf 87' lang='lat' dir='ltr'><strong>Malum</strong></span> <span class='ocrx_word' id='word_1_23' title='bbox 799 560 890 623; x_wconf 83' lang='lat' dir='ltr'><strong>nauis</strong></span> <span class='ocrx_word' id='word_1_24' title='bbox 908 578 970 624; x_wconf 84' lang='lat' dir='ltr'><strong>esse</strong></span> <span class='ocrx_word' id='word_1_25' title='bbox 984 565 1114 644; x_wconf 85' lang='lat' dir='ltr'><strong>partem,</strong></span> 
     </span>
     <span class='ocr_line' id='line_1_5' title="bbox 94 646 1115 731; baseline 0.001 -18"><span class='ocrx_word' id='word_1_26' title='bbox 94 653 286 713; x_wconf 77' lang='lat' dir='ltr'><strong>artemonem</strong></span> <span class='ocrx_word' id='word_1_27' title='bbox 317 651 420 711; x_wconf 83' lang='lat' dir='ltr'><strong>autern</strong></span> <span class='ocrx_word' id='word_1_28' title='bbox 452 667 516 712; x_wconf 87' lang='lat' dir='ltr'><strong>nan</strong></span> <span class='ocrx_word' id='word_1_29' title='bbox 548 666 611 711; x_wconf 87' lang='lat' dir='ltr'><strong>esse</strong></span> <span class='ocrx_word' id='word_1_30' title='bbox 637 646 739 711; x_wconf 80' lang='lat' dir='ltr'><em>Labeo</em></span> <span class='ocrx_word' id='word_1_31' title='bbox 766 647 824 731; x_wconf 89' lang='lat' dir='ltr'><strong>ait,</strong></span> <span class='ocrx_word' id='word_1_32' title='bbox 854 648 930 729; x_wconf 79' lang='lat' dir='ltr'><strong>quia</strong></span> <span class='ocrx_word' id='word_1_33' title='bbox 950 648 1115 730; x_wconf 75' lang='lat' dir='ltr'><strong><em>pleraeque</em></strong></span> 
     </span>
     <span class='ocr_line' id='line_1_6' title="bbox 94 736 1116 818; baseline 0 -16"><span class='ocrx_word' id='word_1_34' title='bbox 94 755 192 802; x_wconf 84' lang='lat' dir='ltr'><strong>naues</strong></span> <span class='ocrx_word' id='word_1_35' title='bbox 229 736 296 801; x_wconf 87' lang='lat' dir='ltr'><strong>siue</strong></span> <span class='ocrx_word' id='word_1_36' title='bbox 331 736 414 801; x_wconf 86' lang='lat' dir='ltr'><strong>malo</strong></span> <span class='ocrx_word' id='word_1_37' title='bbox 447 736 573 801; x_wconf 77' lang='lat' dir='ltr'><strong>inutiles</strong></span> <span class='ocrx_word' id='word_1_38' title='bbox 608 739 717 817; x_wconf 88' lang='lat' dir='ltr'><strong>essent,</strong></span> <span class='ocrx_word' id='word_1_39' title='bbox 755 736 879 818; x_wconf 75' lang='lat' dir='ltr'><strong>ideaque</strong></span> <span class='ocrx_word' id='word_1_40' title='bbox 914 757 991 818; x_wconf 84' lang='lat' dir='ltr'><strong>pars</strong></span> <span class='ocrx_word' id='word_1_41' title='bbox 1024 738 1116 802; x_wconf 85' lang='lat' dir='ltr'><strong>nauis</strong></span> 
     </span>
     <span class='ocr_line' id='line_1_7' title="bbox 94 824 1115 908; baseline 0 -17"><span class='ocrx_word' id='word_1_42' title='bbox 94 826 240 903; x_wconf 50' lang='lat' dir='ltr'><strong>lebetum·</strong></span> <span class='ocrx_word' id='word_1_43' title='bbox 269 829 385 889; x_wconf 81' lang='lat' dir='ltr'><strong>artemo</strong></span> <span class='ocrx_word' id='word_1_44' title='bbox 414 829 517 890; x_wconf 84' lang='lat' dir='ltr'><strong>autern</strong></span> <span class='ocrx_word' id='word_1_45' title='bbox 544 824 645 907; x_wconf 73' lang='lat' dir='ltr'><strong>alapis</strong></span> <span class='ocrx_word' id='word_1_46' title='bbox 671 825 889 889; x_wconf 67' lang='lat' dir='ltr'><strong>aduewmeua</strong></span> <span class='ocrx_word' id='word_1_47' title='bbox 916 846 1010 907; x_wconf 79' lang='lat' dir='ltr'><strong>quam</strong></span> <span class='ocrx_word' id='word_1_48' title='bbox 1034 846 1115 908; x_wconf 84' lang='lat' dir='ltr'><strong>pars</strong></span> 
     </span>
     <span class='ocr_line' id='line_1_8' title="bbox 95 915 261 980; baseline -0.006 0"><span class='ocrx_word' id='word_1_49' title='bbox 95 915 189 980; x_wconf 83' lang='lat' dir='ltr'><strong>nauis</strong></span> <span class='ocrx_word' id='word_1_50' title='bbox 211 918 261 979; x_wconf 82' lang='lat' dir='ltr'><strong>est.</strong></span> 
     </span>
    </p>

    <p class='ocr_par' dir='ltr' id='par_1_4' title="bbox 361 1007 851 1086">
     <span class='ocr_line' id='line_1_9' title="bbox 361 1007 851 1086; baseline 0.002 -21"><span class='ocrx_word' id='word_1_51' title='bbox 361 1007 408 1066; x_wconf 90' lang='lat' dir='ltr'><strong>De</strong></span> <span class='ocrx_word' id='word_1_52' title='bbox 430 1009 503 1086; x_wconf 83' lang='lat' dir='ltr'><strong>aleo,</strong></span> <span class='ocrx_word' id='word_1_53' title='bbox 525 1009 631 1074; x_wconf 84' lang='lat' dir='ltr'><strong>tritico,</strong></span> <span class='ocrx_word' id='word_1_54' title='bbox 654 1009 720 1066; x_wconf 86' lang='lat' dir='ltr'><strong>nino</strong></span> <span class='ocrx_word' id='word_1_55' title='bbox 743 1008 851 1081; x_wconf 71' lang='lat' dir='ltr'><strong>leuatis</strong></span> 
     </span>
    </p>
   </div>
   <div class='ocr_carea' id='block_1_4' title="bbox 91 1114 1118 2797">
    <p class='ocr_par' dir='ltr' id='par_1_5' title="bbox 91 1114 1117 1911">
     <span class='ocr_line' id='line_1_10' title="bbox 187 1114 1115 1200; baseline 0.002 -20"><span class='ocrx_word' id='word_1_56' title='bbox 187 1117 240 1182; x_wconf 88' lang='grc'><strong>49.</strong></span> <span class='ocrx_word' id='word_1_57' title='bbox 275 1116 314 1180; x_wconf 98' lang='lat' dir='ltr'><strong>D.</strong></span> <span class='ocrx_word' id='word_1_58' title='bbox 333 1117 386 1200; x_wconf 82' lang='lat'><strong>33,</strong></span> <span class='ocrx_word' id='word_1_59' title='bbox 405 1117 435 1199; x_wconf 82' lang='lat'><strong>6,</strong></span> <span class='ocrx_word' id='word_1_60' title='bbox 455 1118 483 1183; x_wconf 81' lang='lat'><strong>7.</strong></span> <span class='ocrx_word' id='word_1_61' title='bbox 514 1152 548 1162; x_wconf 97' lang='lat'>—</span> <span class='ocrx_word' id='word_1_62' title='bbox 581 1114 752 1181; x_wconf 85' lang='lat' dir='ltr'><strong>Iavolenus</strong></span> <span class='ocrx_word' id='word_1_63' title='bbox 785 1117 870 1182; x_wconf 87' lang='lat' dir='ltr'><strong>libro</strong></span> <span class='ocrx_word' id='word_1_64' title='bbox 904 1117 1042 1182; x_wconf 84' lang='lat' dir='ltr'><strong>secunda</strong></span> <span class='ocrx_word' id='word_1_65' title='bbox 1076 1140 1115 1183; x_wconf 89' lang='lat' dir='ltr'><strong>ex</strong></span> 
     </span>
     <span class='ocr_line' id='line_1_11' title="bbox 96 1204 1115 1291; baseline 0.002 -21"><span class='ocrx_word' id='word_1_66' title='bbox 96 1205 336 1291; x_wconf 82' lang='lat' dir='ltr'><strong>posterioribus</strong></span> <span class='ocrx_word' id='word_1_67' title='bbox 353 1204 522 1270; x_wconf 83' lang='lat' dir='ltr'><strong>Labeonis.</strong></span> <span class='ocrx_word' id='word_1_68' title='bbox 541 1242 583 1250; x_wconf 99' lang='lat'><em>-</em></span> <span class='ocrx_word' id='word_1_69' title='bbox 605 1205 738 1286; x_wconf 75' lang='lat' dir='ltr'><strong>Quidam</strong></span> <span class='ocrx_word' id='word_1_70' title='bbox 756 1206 892 1271; x_wconf 78' lang='lat' dir='ltr'><strong>heredem</strong></span> <span class='ocrx_word' id='word_1_71' title='bbox 911 1208 1115 1272; x_wconf 60' lang='lat' dir='ltr'><strong>wmnauerat</strong></span> 
     </span>
     <span class='ocr_line' id='line_1_12' title="bbox 96 1294 1115 1375; baseline 0.001 -15"><span class='ocrx_word' id='word_1_72' title='bbox 96 1297 174 1361; x_wconf 84' lang='lat' dir='ltr'><strong>dare</strong></span> <span class='ocrx_word' id='word_1_73' title='bbox 201 1295 294 1359; x_wconf 86' lang='lat' dir='ltr'><strong>anari</strong></span> <span class='ocrx_word' id='word_1_74' title='bbox 320 1314 395 1359; x_wconf 86' lang='lat' dir='ltr'><strong>suae</strong></span> <span class='ocrx_word' id='word_1_75' title='bbox 417 1295 524 1358; x_wconf 87' lang='lat' dir='ltr'><strong>uiuum</strong></span> <span class='ocrx_word' id='word_1_76' title='bbox 546 1295 645 1358; x_wconf 87' lang='lat' dir='ltr'><strong>oleurn</strong></span> <span class='ocrx_word' id='word_1_77' title='bbox 666 1294 858 1375; x_wconf 76' lang='lat' dir='ltr'><strong>frumarium</strong></span> <span class='ocrx_word' id='word_1_78' title='bbox 880 1301 1000 1361; x_wconf 85' lang='lat' dir='ltr'><strong>aaelurn</strong></span> <span class='ocrx_word' id='word_1_79' title='bbox 1022 1296 1115 1361; x_wconf 86' lang='lat' dir='ltr'><strong>mella</strong></span> 
     </span>
     <span class='ocr_line' id='line_1_13' title="bbox 96 1382 1113 1467; baseline -0.001 -17"><span class='ocrx_word' id='word_1_80' title='bbox 96 1385 294 1450; x_wconf 86' lang='lat' dir='ltr'><strong>salsamenta.</strong></span> <span class='ocrx_word' id='word_1_81' title='bbox 351 1382 512 1448; x_wconf 78' lang='lat' dir='ltr'><strong>Trebatius</strong></span> <span class='ocrx_word' id='word_1_82' title='bbox 548 1382 652 1447; x_wconf 89' lang='lat' dir='ltr'><strong>aiebat</strong></span> <span class='ocrx_word' id='word_1_83' title='bbox 686 1404 723 1447; x_wconf 86' lang='lat' dir='ltr'><strong>en</strong></span> <span class='ocrx_word' id='word_1_84' title='bbox 757 1385 890 1467; x_wconf 78' lang='lat' dir='ltr'><strong>siupulis</strong></span> <span class='ocrx_word' id='word_1_85' title='bbox 925 1384 1014 1450; x_wconf 87' lang='lat' dir='ltr'><strong>rebus</strong></span> <span class='ocrx_word' id='word_1_86' title='bbox 1050 1406 1113 1450; x_wconf 90' lang='lat' dir='ltr'><strong>nan</strong></span> 
     </span>
     <span class='ocr_line' id='line_1_14' title="bbox 97 1471 1113 1554; baseline 0 -16"><span class='ocrx_word' id='word_1_87' title='bbox 97 1474 236 1554; x_wconf 85' lang='lat' dir='ltr'><strong>amplius</strong></span> <span class='ocrx_word' id='word_1_88' title='bbox 257 1472 370 1553; x_wconf 83' lang='lat' dir='ltr'><strong>deberi,</strong></span> <span class='ocrx_word' id='word_1_89' title='bbox 393 1493 487 1553; x_wconf 80' lang='lat' dir='ltr'><strong>quarn</strong></span> <span class='ocrx_word' id='word_1_90' title='bbox 509 1478 660 1553; x_wconf 73' lang='lat' dir='ltr'><strong>astantum</strong></span> <span class='ocrx_word' id='word_1_91' title='bbox 682 1471 766 1537; x_wconf 80' lang='lat' dir='ltr'><strong>leues</strong></span> <span class='ocrx_word' id='word_1_92' title='bbox 788 1474 913 1538; x_wconf 87' lang='lat' dir='ltr'><strong>mulieri</strong></span> <span class='ocrx_word' id='word_1_93' title='bbox 934 1475 1009 1538; x_wconf 80' lang='lat' dir='ltr'><strong>clare</strong></span> <span class='ocrx_word' id='word_1_94' title='bbox 1030 1475 1113 1539; x_wconf 88' lang='lat' dir='ltr'><strong>aolu-</strong></span> 
     </span>
     <span class='ocr_line' id='line_1_15' title="bbox 96 1561 1115 1645; baseline 0 -18"><span class='ocrx_word' id='word_1_95' title='bbox 96 1563 184 1644; x_wconf 83' lang='lat' dir='ltr'><strong>isset,</strong></span> <span class='ocrx_word' id='word_1_96' title='bbox 211 1562 359 1642; x_wconf 84' lang='lat' dir='ltr'><strong>quoniam</strong></span> <span class='ocrx_word' id='word_1_97' title='bbox 386 1581 448 1624; x_wconf 91' lang='lat' dir='ltr'><strong>nan</strong></span> <span class='ocrx_word' id='word_1_98' title='bbox 475 1561 626 1625; x_wconf 84' lang='lat' dir='ltr'><strong>aalieaturn</strong></span> <span class='ocrx_word' id='word_1_99' title='bbox 648 1567 735 1643; x_wconf 88' lang='lat' dir='ltr'><strong>esset,</strong></span> <span class='ocrx_word' id='word_1_100' title='bbox 762 1567 912 1643; x_wconf 78' lang='lat' dir='ltr'><strong>quantum</strong></span> <span class='ocrx_word' id='word_1_101' title='bbox 935 1583 972 1627; x_wconf 82' lang='lat' dir='ltr'><strong>en</strong></span> <span class='ocrx_word' id='word_1_102' title='bbox 994 1583 1115 1645; x_wconf 63' lang='lat' dir='ltr'><strong>qnwue</strong></span> 
     </span>
     <span class='ocr_line' id='line_1_16' title="bbox 96 1648 1113 1735; baseline 0.002 -21"><span class='ocrx_word' id='word_1_103' title='bbox 96 1671 131 1715; x_wconf 91' lang='lat' dir='ltr'><strong>re</strong></span> <span class='ocrx_word' id='word_1_104' title='bbox 162 1651 297 1715; x_wconf 79' lang='lat' dir='ltr'><strong>claretur.</strong></span> <span class='ocrx_word' id='word_1_105' title='bbox 349 1648 460 1732; x_wconf 73' lang='lat' dir='ltr'><strong>Ofilius</strong></span> <span class='ocrx_word' id='word_1_106' title='bbox 488 1648 653 1714; x_wconf 76' lang='lat' dir='ltr'><strong>Cascellius</strong></span> <span class='ocrx_word' id='word_1_107' title='bbox 682 1650 799 1719; x_wconf 79' lang='lat' dir='ltr'><strong>Tubero</strong></span> <span class='ocrx_word' id='word_1_108' title='bbox 829 1672 930 1735; x_wconf 84' lang='lat' dir='ltr'><strong>arnne,</strong></span> <span class='ocrx_word' id='word_1_109' title='bbox 961 1657 1113 1733; x_wconf 79' lang='lat' dir='ltr'><strong>quantum</strong></span> 
     </span>
     <span class='ocr_line' id='line_1_17' title="bbox 91 1737 1117 1822; baseline 0 -18"><span class='ocrx_word' id='word_1_110' title='bbox 91 1743 187 1822; x_wconf 84' lang='lat' dir='ltr'><strong>pater</strong></span> <span class='ocrx_word' id='word_1_111' title='bbox 220 1738 365 1820; x_wconf 76' lang='lat' dir='ltr'><strong>familias</strong></span> <span class='ocrx_word' id='word_1_112' title='bbox 398 1739 583 1822; x_wconf 77' lang='lat' dir='ltr'><strong>reliquisset,</strong></span> <span class='ocrx_word' id='word_1_113' title='bbox 619 1737 749 1820; x_wconf 72' lang='lat' dir='ltr'><strong>lepatuarn</strong></span> <span class='ocrx_word' id='word_1_114' title='bbox 776 1743 900 1822; x_wconf 81' lang='lat' dir='ltr'><strong>putant.</strong></span> <span class='ocrx_word' id='word_1_115' title='bbox 947 1739 1049 1806; x_wconf 84' lang='lat' dir='ltr'><strong>Labeo</strong></span> <span class='ocrx_word' id='word_1_116' title='bbox 1081 1741 1117 1805; x_wconf 78' lang='lat' dir='ltr'><strong>iel</strong></span> 
     </span>
     <span class='ocr_line' id='line_1_18' title="bbox 93 1828 521 1911; baseline -0.007 -18"><span class='ocrx_word' id='word_1_117' title='bbox 93 1828 209 1911; x_wconf 86' lang='lat' dir='ltr'><strong>probat</strong></span> <span class='ocrx_word' id='word_1_118' title='bbox 230 1828 320 1909; x_wconf 74' lang='lat' dir='ltr'><strong>uque</strong></span> <span class='ocrx_word' id='word_1_119' title='bbox 341 1848 447 1891; x_wconf 86' lang='lat' dir='ltr'><strong>aerurn</strong></span> <span class='ocrx_word' id='word_1_120' title='bbox 469 1832 521 1891; x_wconf 88' lang='lat' dir='ltr'><strong>est.</strong></span> 
     </span>
    </p>

    <p class='ocr_par' dir='ltr' id='par_1_6' title="bbox 99 1913 1116 2264">
     <span class='ocr_line' id='line_1_19' title="bbox 189 1913 1115 2001; baseline 0 -21"><span class='ocrx_word' id='word_1_121' title='bbox 189 1913 242 1982; x_wconf 85' lang='lat'><strong>50.</strong></span> <span class='ocrx_word' id='word_1_122' title='bbox 257 1915 296 1980; x_wconf 92' lang='lat' dir='ltr'><strong>D.</strong></span> <span class='ocrx_word' id='word_1_123' title='bbox 307 1915 412 1996; x_wconf 64' lang='lat' dir='ltr'><strong>iuius</strong></span> <span class='ocrx_word' id='word_1_124' title='bbox 424 1917 451 1980; x_wconf 89' lang='lat'><strong>1.</strong></span> <span class='ocrx_word' id='word_1_125' title='bbox 465 1952 510 1962; x_wconf 90' lang='lat'>—</span> <span class='ocrx_word' id='word_1_126' title='bbox 524 1913 633 1979; x_wconf 73' lang='lat' dir='ltr'><strong>‘Lucia</strong></span> <span class='ocrx_word' id='word_1_127' title='bbox 650 1914 732 1980; x_wconf 79' lang='lat' dir='ltr'><strong>Titia</strong></span> <span class='ocrx_word' id='word_1_128' title='bbox 747 1917 842 1981; x_wconf 83' lang='lat' dir='ltr'><strong>tritici</strong></span> <span class='ocrx_word' id='word_1_129' title='bbox 854 1917 972 1981; x_wconf 82' lang='lat' dir='ltr'><strong>modias</strong></span> <span class='ocrx_word' id='word_1_130' title='bbox 986 1923 1115 2001; x_wconf 86' lang='lat' dir='ltr'><strong>eentum,</strong></span> 
     </span>
     <span class='ocr_line' id='line_1_20' title="bbox 100 2003 1116 2088; baseline 0.001 -19"><span class='ocrx_word' id='word_1_131' title='bbox 100 2005 157 2087; x_wconf 82' lang='lat' dir='ltr'><strong>qui</strong></span> <span class='ocrx_word' id='word_1_132' title='bbox 176 2005 294 2087; x_wconf 74' lang='lat' dir='ltr'><strong>sinquli</strong></span> <span class='ocrx_word' id='word_1_133' title='bbox 310 2007 415 2086; x_wconf 83' lang='lat' dir='ltr'><strong>panda</strong></span> <span class='ocrx_word' id='word_1_134' title='bbox 438 2009 557 2069; x_wconf 81' lang='lat' dir='ltr'><strong>centurn</strong></span> <span class='ocrx_word' id='word_1_135' title='bbox 575 2005 738 2087; x_wconf 78' lang='lat' dir='ltr'><strong>pendeant,</strong></span> <span class='ocrx_word' id='word_1_136' title='bbox 760 2005 845 2070; x_wconf 78' lang='lat' dir='ltr'><strong>beree</strong></span> <span class='ocrx_word' id='word_1_137' title='bbox 867 2003 959 2070; x_wconf 70' lang='lat' dir='ltr'><strong>elata?</strong></span> <span class='ocrx_word' id='word_1_138' title='bbox 1003 2004 1116 2088; x_wconf 72' lang='lat' dir='ltr'><strong>Ofilius</strong></span> 
     </span>
     <span class='ocr_line' id='line_1_21' title="bbox 99 2092 1116 2176; baseline 0 -18"><span class='ocrx_word' id='word_1_139' title='bbox 99 2093 181 2159; x_wconf 78' lang='lat' dir='ltr'><strong>nebel</strong></span> <span class='ocrx_word' id='word_1_140' title='bbox 195 2095 327 2176; x_wconf 69' lang='lat' dir='ltr'><strong>leuatum</strong></span> <span class='ocrx_word' id='word_1_141' title='bbox 341 2113 411 2176; x_wconf 84' lang='lat' dir='ltr'><strong>esse,</strong></span> <span class='ocrx_word' id='word_1_142' title='bbox 425 2095 506 2175; x_wconf 75' lang='lat' dir='ltr'><strong>arrad</strong></span> <span class='ocrx_word' id='word_1_143' title='bbox 518 2098 546 2158; x_wconf 90' lang='lat' dir='ltr'><strong>et</strong></span> <span class='ocrx_word' id='word_1_144' title='bbox 560 2092 659 2158; x_wconf 86' lang='lat' dir='ltr'><strong>Labeo</strong></span> <span class='ocrx_word' id='word_1_145' title='bbox 669 2093 790 2176; x_wconf 86' lang='lat' dir='ltr'><strong>probat,</strong></span> <span class='ocrx_word' id='word_1_146' title='bbox 803 2094 953 2175; x_wconf 81' lang='lat' dir='ltr'><strong>quoniam</strong></span> <span class='ocrx_word' id='word_1_147' title='bbox 965 2094 1116 2159; x_wconf 77' lang='lat' dir='ltr'><strong>eiusrnorli</strong></span> 
     </span>
     <span class='ocr_line' id='line_1_22' title="bbox 99 2184 1115 2264; baseline -0.002 -16"><span class='ocrx_word' id='word_1_148' title='bbox 99 2184 236 2248; x_wconf 74' lang='lat' dir='ltr'><strong>bilinien</strong></span> <span class='ocrx_word' id='word_1_149' title='bbox 263 2184 298 2247; x_wconf 86' lang='lat' dir='ltr'><strong>ln</strong></span> <span class='ocrx_word' id='word_1_150' title='bbox 325 2203 430 2247; x_wconf 87' lang='lat' dir='ltr'><strong>rerum</strong></span> <span class='ocrx_word' id='word_1_151' title='bbox 456 2187 574 2246; x_wconf 88' lang='lat' dir='ltr'><strong>natura</strong></span> <span class='ocrx_word' id='word_1_152' title='bbox 595 2202 658 2246; x_wconf 92' lang='lat' dir='ltr'><strong>non</strong></span> <span class='ocrx_word' id='word_1_153' title='bbox 680 2186 760 2248; x_wconf 88' lang='lat' dir='ltr'><strong>esset.</strong></span> <span class='ocrx_word' id='word_1_154' title='bbox 805 2184 887 2263; x_wconf 79' lang='lat' dir='ltr'><strong>quael</strong></span> <span class='ocrx_word' id='word_1_155' title='bbox 906 2203 1011 2247; x_wconf 81' lang='lat' dir='ltr'><strong>auum</strong></span> <span class='ocrx_word' id='word_1_156' title='bbox 1030 2187 1115 2264; x_wconf 87' lang='lat' dir='ltr'><strong>puta.</strong></span> 
     </span>
    </p>

    <p class='ocr_par' dir='ltr' id='par_1_7' title="bbox 96 2269 1118 2797">
     <span class='ocr_line' id='line_1_23' title="bbox 191 2269 1115 2355; baseline -0.002 -19"><span class='ocrx_word' id='word_1_157' title='bbox 191 2273 243 2337; x_wconf 81' lang='lat'><strong>51.</strong></span> <span class='ocrx_word' id='word_1_158' title='bbox 270 2270 379 2355; x_wconf 84' lang='lat' dir='ltr'><strong>D.33,</strong></span> <span class='ocrx_word' id='word_1_159' title='bbox 399 2272 494 2352; x_wconf 79' lang='lat'>1,17‚</span> <span class='ocrx_word' id='word_1_160' title='bbox 512 2274 539 2335; x_wconf 93' lang='lat'><strong>1.</strong></span> <span class='ocrx_word' id='word_1_161' title='bbox 576 2269 684 2335; x_wconf 85' lang='lat' dir='ltr'><strong>Labeo</strong></span> <span class='ocrx_word' id='word_1_162' title='bbox 708 2271 792 2334; x_wconf 88' lang='lat' dir='ltr'><strong>libro</strong></span> <span class='ocrx_word' id='word_1_163' title='bbox 816 2270 956 2336; x_wconf 87' lang='lat' dir='ltr'><strong>seeundo</strong></span> <span class='ocrx_word' id='word_1_164' title='bbox 980 2271 1115 2354; x_wconf 84' lang='lat' dir='ltr'><strong>posteri-</strong></span> 
     </span>
     <span class='ocr_line' id='line_1_24' title="bbox 98 2358 1118 2443; baseline -0.001 -18"><span class='ocrx_word' id='word_1_165' title='bbox 98 2382 195 2426; x_wconf 87' lang='lat' dir='ltr'><strong>orum</strong></span> <span class='ocrx_word' id='word_1_166' title='bbox 219 2381 239 2423; x_wconf 84' lang='lat' dir='ltr'><strong>a</strong></span> <span class='ocrx_word' id='word_1_167' title='bbox 258 2359 410 2425; x_wconf 84' lang='lat' dir='ltr'><strong>Iavoleuo</strong></span> <span class='ocrx_word' id='word_1_168' title='bbox 433 2360 693 2443; x_wconf 77' lang='lat' dir='ltr'><strong>epitomatorem.</strong></span> <span class='ocrx_word' id='word_1_169' title='bbox 712 2397 757 2407; x_wconf 93' lang='lat'>-</span> <span class='ocrx_word' id='word_1_170' title='bbox 775 2358 868 2426; x_wconf 83' lang='lat' dir='ltr'><strong>‘Vini</strong></span> <span class='ocrx_word' id='word_1_171' title='bbox 885 2360 1018 2425; x_wconf 88' lang='lat' dir='ltr'><strong>Falerni</strong></span> <span class='ocrx_word' id='word_1_172' title='bbox 1035 2361 1118 2442; x_wconf 84' lang='lat' dir='ltr'><strong>quael</strong></span> 
     </span>
     <span class='ocr_line' id='line_1_25' title="bbox 98 2449 1117 2532; baseline -0.004 -16"><span class='ocrx_word' id='word_1_173' title='bbox 98 2450 185 2516; x_wconf 83' lang='lat' dir='ltr'><strong>dorni</strong></span> <span class='ocrx_word' id='word_1_174' title='bbox 221 2454 410 2532; x_wconf 79' lang='lat' dir='ltr'><strong>nasceretur,</strong></span> <span class='ocrx_word' id='word_1_175' title='bbox 444 2450 611 2530; x_wconf 77' lang='lat' dir='ltr'><strong>quotannis</strong></span> <span class='ocrx_word' id='word_1_176' title='bbox 646 2449 681 2513; x_wconf 89' lang='lat' dir='ltr'><strong>in</strong></span> <span class='ocrx_word' id='word_1_177' title='bbox 717 2469 817 2514; x_wconf 87' lang='lat' dir='ltr'><strong>annos</strong></span> <span class='ocrx_word' id='word_1_178' title='bbox 852 2449 989 2531; x_wconf 73' lang='lat' dir='ltr'><strong>sinpulos</strong></span> <span class='ocrx_word' id='word_1_179' title='bbox 1030 2449 1117 2513; x_wconf 87' lang='lat' dir='ltr'><strong>binas</strong></span> 
     </span>
     <span class='ocr_line' id='line_1_26' title="bbox 99 2536 1115 2620; baseline -0.003 -16"><span class='ocrx_word' id='word_1_180' title='bbox 99 2539 203 2605; x_wconf 83' lang='lat' dir='ltr'><strong>auleas</strong></span> <span class='ocrx_word' id='word_1_181' title='bbox 224 2538 309 2603; x_wconf 70' lang='lat' dir='ltr'><strong>lieres</strong></span> <span class='ocrx_word' id='word_1_182' title='bbox 332 2558 417 2603; x_wconf 85' lang='lat' dir='ltr'><strong>rneus</strong></span> <span class='ocrx_word' id='word_1_183' title='bbox 439 2537 528 2602; x_wconf 83' lang='lat' dir='ltr'><strong>Attia</strong></span> <span class='ocrx_word' id='word_1_184' title='bbox 551 2536 642 2602; x_wconf 72' lang='lat' dir='ltr'><strong>data?</strong></span> <span class='ocrx_word' id='word_1_185' title='bbox 689 2539 784 2603; x_wconf 84' lang='lat' dir='ltr'><strong>etiarn</strong></span> <span class='ocrx_word' id='word_1_186' title='bbox 804 2558 862 2620; x_wconf 86' lang='lat' dir='ltr'><strong>pra</strong></span> <span class='ocrx_word' id='word_1_187' title='bbox 885 2558 918 2602; x_wconf 91' lang='lat' dir='ltr'><strong>ea</strong></span> <span class='ocrx_word' id='word_1_188' title='bbox 936 2558 1034 2619; x_wconf 81' lang='lat' dir='ltr'><strong>anna,</strong></span> <span class='ocrx_word' id='word_1_189' title='bbox 1056 2558 1115 2620; x_wconf 79' lang='lat' dir='ltr'><strong>qua</strong></span> 
     </span>
     <span class='ocr_line' id='line_1_27' title="bbox 96 2625 1116 2707; baseline -0.001 -15"><span class='ocrx_word' id='word_1_190' title='bbox 96 2627 182 2692; x_wconf 84' lang='lat' dir='ltr'><strong>nibil</strong></span> <span class='ocrx_word' id='word_1_191' title='bbox 211 2628 278 2692; x_wconf 86' lang='lat' dir='ltr'><strong>uini</strong></span> <span class='ocrx_word' id='word_1_192' title='bbox 304 2632 415 2691; x_wconf 86' lang='lat' dir='ltr'><strong>naturn</strong></span> <span class='ocrx_word' id='word_1_193' title='bbox 442 2631 498 2707; x_wconf 89' lang='lat' dir='ltr'><strong>est,</strong></span> <span class='ocrx_word' id='word_1_194' title='bbox 534 2625 633 2691; x_wconf 85' lang='lat' dir='ltr'><strong>aleberi</strong></span> <span class='ocrx_word' id='word_1_195' title='bbox 660 2628 737 2691; x_wconf 77' lang='lat' dir='ltr'><strong>eluas</strong></span> <span class='ocrx_word' id='word_1_196' title='bbox 763 2627 875 2704; x_wconf 70' lang='lat' dir='ltr'><strong>euleu,</strong></span> <span class='ocrx_word' id='word_1_197' title='bbox 906 2627 936 2691; x_wconf 89' lang='lat' dir='ltr'><strong>si</strong></span> <span class='ocrx_word' id='word_1_198' title='bbox 962 2628 1050 2692; x_wconf 80' lang='lat' dir='ltr'><strong>marla</strong></span> <span class='ocrx_word' id='word_1_199' title='bbox 1078 2646 1116 2691; x_wconf 83' lang='lat' dir='ltr'><strong>eu</strong></span> 
     </span>
     <span class='ocr_line' id='line_1_28' title="bbox 96 2716 843 2797; baseline -0.001 -15"><span class='ocrx_word' id='word_1_200' title='bbox 96 2717 259 2782; x_wconf 82' lang='lat' dir='ltr'><strong>vindemia</strong></span> <span class='ocrx_word' id='word_1_201' title='bbox 280 2720 447 2781; x_wconf 77' lang='lat' dir='ltr'><strong>ceterorum</strong></span> <span class='ocrx_word' id='word_1_202' title='bbox 469 2735 624 2779; x_wconf 86' lang='lat' dir='ltr'><strong>annorum</strong></span> <span class='ocrx_word' id='word_1_203' title='bbox 646 2716 720 2780; x_wconf 83' lang='lat' dir='ltr'><strong>olari</strong></span> <span class='ocrx_word' id='word_1_204' title='bbox 737 2716 843 2797; x_wconf 84' lang='lat' dir='ltr'><strong>possit.</strong></span> 
     </span>
    </p>
   </div>
   <div class='ocr_carea' id='block_1_5' title="bbox 382 2899 836 2973">
    <p class='ocr_par' dir='ltr' id='par_1_8' title="bbox 382 2899 836 2973">
     <span class='ocr_line' id='line_1_29' title="bbox 382 2899 836 2973; baseline 0 -16"><span class='ocrx_word' id='word_1_205' title='bbox 382 2899 430 2958; x_wconf 90' lang='lat' dir='ltr'><strong>De</strong></span> <span class='ocrx_word' id='word_1_206' title='bbox 451 2900 558 2958; x_wconf 82' lang='lat' dir='ltr'><strong>munla</strong></span> <span class='ocrx_word' id='word_1_207' title='bbox 580 2899 714 2958; x_wconf 88' lang='lat' dir='ltr'><strong>rnuliebri</strong></span> <span class='ocrx_word' id='word_1_208' title='bbox 737 2899 836 2973; x_wconf 72' lang='lat' dir='ltr'><strong>lenna</strong></span> 
     </span>
    </p>
   </div>
   <div class='ocr_carea' id='block_1_6' title="bbox 97 3007 1119 3445">
    <p class='ocr_par' dir='ltr' id='par_1_9' title="bbox 97 3007 1119 3445">
     <span class='ocr_line' id='line_1_30' title="bbox 192 3007 1116 3093; baseline -0.002 -20"><span class='ocrx_word' id='word_1_209' title='bbox 192 3007 245 3073; x_wconf 78' lang='lat'><strong>52.</strong></span> <span class='ocrx_word' id='word_1_210' title='bbox 275 3009 314 3074; x_wconf 89' lang='grc' dir='ltr'><strong>Ι).</strong></span> <span class='ocrx_word' id='word_1_211' title='bbox 333 3009 386 3091; x_wconf 80' lang='grc'><strong>34,</strong></span> <span class='ocrx_word' id='word_1_212' title='bbox 400 3009 430 3091; x_wconf 80' lang='lat'><strong>2,</strong></span> <span class='ocrx_word' id='word_1_213' title='bbox 449 3009 491 3073; x_wconf 88' lang='grc'><strong>39</strong></span> <span class='ocrx_word' id='word_1_214' title='bbox 506 3031 553 3093; x_wconf 91' lang='lat' dir='ltr'><strong>pr.</strong></span> <span class='ocrx_word' id='word_1_215' title='bbox 598 3007 770 3072; x_wconf 87' lang='lat' dir='ltr'><strong>Iavolenus</strong></span> <span class='ocrx_word' id='word_1_216' title='bbox 800 3007 884 3073; x_wconf 87' lang='lat' dir='ltr'><strong>libro</strong></span> <span class='ocrx_word' id='word_1_217' title='bbox 913 3009 1053 3073; x_wconf 86' lang='lat' dir='ltr'><strong>seeundo</strong></span> <span class='ocrx_word' id='word_1_218' title='bbox 1077 3030 1116 3072; x_wconf 86' lang='lat' dir='ltr'><strong>ex</strong></span> 
     </span>
     <span class='ocr_line' id='line_1_31' title="bbox 99 3095 1118 3183; baseline -0.001 -21"><span class='ocrx_word' id='word_1_219' title='bbox 99 3097 338 3183; x_wconf 76' lang='lat' dir='ltr'><strong>posterioribus</strong></span> <span class='ocrx_word' id='word_1_220' title='bbox 362 3097 531 3162; x_wconf 89' lang='lat' dir='ltr'><strong>Labeonis.</strong></span> <span class='ocrx_word' id='word_1_221' title='bbox 555 3095 654 3162; x_wconf 82' lang='lat' dir='ltr'><strong>—Si</strong></span> <span class='ocrx_word' id='word_1_222' title='bbox 679 3097 771 3161; x_wconf 86' lang='lat' dir='ltr'><strong>unari</strong></span> <span class='ocrx_word' id='word_1_223' title='bbox 797 3098 931 3162; x_wconf 84' lang='lat' dir='ltr'><strong>muudus</strong></span> <span class='ocrx_word' id='word_1_224' title='bbox 958 3097 1118 3161; x_wconf 84' lang='lat' dir='ltr'><strong>muliebris</strong></span> 
     </span>
     <span class='ocr_line' id='line_1_32' title="bbox 100 3184 1115 3271; baseline -0.004 -19"><span class='ocrx_word' id='word_1_225' title='bbox 100 3189 221 3271; x_wconf 68' lang='lat' dir='ltr'><strong>leuatus</strong></span> <span class='ocrx_word' id='word_1_226' title='bbox 250 3192 336 3266; x_wconf 84' lang='lat' dir='ltr'><strong>esset,</strong></span> <span class='ocrx_word' id='word_1_227' title='bbox 363 3208 400 3251; x_wconf 92' lang='lat' dir='ltr'><strong>ea</strong></span> <span class='ocrx_word' id='word_1_228' title='bbox 427 3192 548 3251; x_wconf 82' lang='lat' dir='ltr'><strong>tanturn</strong></span> <span class='ocrx_word' id='word_1_229' title='bbox 576 3188 664 3250; x_wconf 76' lang='lat' dir='ltr'><strong>inodo</strong></span> <span class='ocrx_word' id='word_1_230' title='bbox 686 3184 787 3250; x_wconf 85' lang='lat' dir='ltr'><strong>deberi</strong></span> <span class='ocrx_word' id='word_1_231' title='bbox 811 3185 922 3268; x_wconf 72' lang='lat' dir='ltr'><strong>Ofilius</strong></span> <span class='ocrx_word' id='word_1_232' title='bbox 944 3186 1046 3250; x_wconf 78' lang='lat' dir='ltr'><strong>labeo</strong></span> <span class='ocrx_word' id='word_1_233' title='bbox 1068 3205 1115 3249; x_wconf 91' lang='lat' dir='ltr'><strong>re-</strong></span> 
     </span>
     <span class='ocr_line' id='line_1_33' title="bbox 97 3275 1118 3359; baseline -0.004 -18"><span class='ocrx_word' id='word_1_234' title='bbox 97 3277 306 3359; x_wconf 80' lang='lat' dir='ltr'><strong>sponderunt,</strong></span> <span class='ocrx_word' id='word_1_235' title='bbox 332 3296 411 3358; x_wconf 82' lang='lat' dir='ltr'><strong>quae</strong></span> <span class='ocrx_word' id='word_1_236' title='bbox 437 3297 475 3340; x_wconf 82' lang='lat' dir='ltr'><strong>ea</strong></span> <span class='ocrx_word' id='word_1_237' title='bbox 501 3275 551 3340; x_wconf 85' lang='lat' dir='ltr'><strong>bis</strong></span> <span class='ocrx_word' id='word_1_238' title='bbox 578 3276 695 3340; x_wconf 82' lang='lat' dir='ltr'><strong>tradita</strong></span> <span class='ocrx_word' id='word_1_239' title='bbox 721 3276 827 3340; x_wconf 82' lang='lat' dir='ltr'><strong>utendi</strong></span> <span class='ocrx_word' id='word_1_240' title='bbox 853 3294 949 3339; x_wconf 88' lang='lat' dir='ltr'><strong>causa</strong></span> <span class='ocrx_word' id='word_1_241' title='bbox 975 3276 1068 3339; x_wconf 84' lang='lat' dir='ltr'><strong>anari</strong></span> <span class='ocrx_word' id='word_1_242' title='bbox 1096 3293 1118 3337; x_wconf 92' lang='lat' dir='ltr'><strong>a</strong></span> 
     </span>
     <span class='ocr_line' id='line_1_34' title="bbox 99 3362 1119 3445; baseline -0.004 -15"><span class='ocrx_word' id='word_1_243' title='bbox 99 3366 169 3430; x_wconf 83' lang='lat' dir='ltr'><strong>rn&#39;ro</strong></span> <span class='ocrx_word' id='word_1_244' title='bbox 195 3364 343 3445; x_wconf 85' lang='lat' dir='ltr'><strong>fuissent;</strong></span> <span class='ocrx_word' id='word_1_245' title='bbox 371 3365 463 3430; x_wconf 86' lang='lat' dir='ltr'><strong>aliter</strong></span> <span class='ocrx_word' id='word_1_246' title='bbox 484 3365 567 3428; x_wconf 82' lang='lat' dir='ltr'><strong>enirn</strong></span> <span class='ocrx_word' id='word_1_247' title='bbox 584 3364 853 3445; x_wconf 75' lang='lat' dir='ltr'><strong>interpretantibus</strong></span> <span class='ocrx_word' id='word_1_248' title='bbox 874 3382 1030 3428; x_wconf 77' lang='lat' dir='ltr'><strong>armenam</strong></span> <span class='ocrx_word' id='word_1_249' title='bbox 1050 3362 1119 3442; x_wconf 88' lang='lat' dir='ltr'><strong>fare</strong></span> 
     </span>
    </p>
   </div>
   <div class='ocr_carea' id='block_1_7' title="bbox 100 3452 1118 3627">
    <p class='ocr_par' dir='ltr' id='par_1_10' title="bbox 100 3452 1118 3627">
     <span class='ocr_line' id='line_1_35' title="bbox 100 3452 1118 3627; baseline -0.003 -110"><span class='ocrx_word' id='word_1_250' title='bbox 100 3454 282 3627; x_wconf 44' lang='lat' dir='ltr'><strong>elgaqptiorpern,</strong></span> <span class='ocrx_word' id='word_1_251' title='bbox 304 3455 333 3519; x_wconf 87' lang='lat' dir='ltr'><strong>si</strong></span> <span class='ocrx_word' id='word_1_252' title='bbox 354 3454 548 3520; x_wconf 82' lang='lat' dir='ltr'><strong>vaseularius</strong></span> <span class='ocrx_word' id='word_1_253' title='bbox 569 3459 626 3517; x_wconf 89' lang='lat' dir='ltr'><strong>aut</strong></span> <span class='ocrx_word' id='word_1_254' title='bbox 641 3453 729 3534; x_wconf 76' lang='lat' dir='ltr'><strong>faber</strong></span> <span class='ocrx_word' id='word_1_255' title='bbox 748 3453 945 3534; x_wconf 70' lang='lat' dir='ltr'><strong>arpentarius</strong></span> <span class='ocrx_word' id='word_1_256' title='bbox 961 3452 1053 3516; x_wconf 84' lang='lat' dir='ltr'><strong>unori</strong></span> <span class='ocrx_word' id='word_1_257' title='bbox 1070 3452 1118 3514; x_wconf 89' lang='lat' dir='ltr'><strong>ita</strong></span> 
     </span>
     <span class='ocr_line' id='line_1_36' title="bbox 147 3563 236 3608; baseline -0.022 0"><span class='ocrx_word' id='word_1_258' title='bbox 147 3563 216 3608; x_wconf 86' lang='lat' dir='ltr'><strong>asse</strong></span> <span class='ocrx_word' id='word_1_259' title='bbox 229 3590 236 3606; x_wconf 92' lang='lat'><strong>.</strong></span> 
     </span>
    </p>
   </div>
   <div class='ocr_carea' id='block_1_8' title="bbox 0 0 1223 3944">
    <p class='ocr_par' dir='ltr' id='par_1_11' title="bbox 0 0 1223 3944">
     <span class='ocr_line' id='line_1_37' title="bbox 0 0 1223 3944; baseline 0 0"><span class='ocrx_word' id='word_1_260' title='bbox 0 0 1223 3944; x_wconf 95' lang='lat' dir='ltr'><strong> </strong></span> 
     </span>
    </p>
   </div>
  </div>
 </body>
</html>
