2430 3944
372 187 397 235 4.
418 179 448 236 0.
462 179 608 236 cnssws
626 179 812 236 LONGINUS
1059 182 1103 246 37

176 347 219 407 De
242 347 348 407 Sebini
373 349 523 408 sententia
545 369 572 408 v.
591 348 623 407 H
649 350 665 407 1
690 369 719 424 p.
734 351 813 421 422,
841 367 918 427 quae
942 351 1041 411 nescio
1065 370 1104 409 an

102 437 189 512 potius
222 437 315 512 capiti
347 438 383 497 de
411 437 596 514 adquirenda
622 437 790 496 hereditate
819 429 853 518 (l.
869 457 892 497 c.
907 458 934 513 p.
949 431 1030 520 427)
1058 439 1103 499 in-

104 525 213 585 serenda
234 526 337 585 fuerit.

177 637 205 700 7.
228 633 268 701 D.
279 637 333 720 29,
341 637 372 718 2,
382 637 434 718 25,
443 635 474 700 4.
510 635 602 700 Idem
621 634 679 722 (sc.
689 633 865 722 Ulpianus)
883 637 969 701 libro
988 642 1101 703 octavo

103 723 135 788 ad
151 722 304 789 Sabinum
322 721 373 808 (P.
382 723 494 810 2491).
515 761 554 772 -
575 725 704 789 Iussum
724 725 793 789 eius
814 725 869 808 qui
887 725 922 789 in
940 729 1103 809 potestate

102 812 188 877 babet
215 835 283 878 non
311 816 362 878 est
389 813 494 878 simile
523 813 640 879 tutoris
668 814 870 896 auctoritati,
897 835 979 898 quae
1005 815 1103 878 inter-

101 902 220 984 ponitur
251 902 395 985 perfecto
427 903 574 987 negotio,
611 903 667 966 sed
698 902 889 986 praecedere
922 902 1032 986 debet,
1067 907 1104 967 ut

102 988 189 1055 Gaius
218 988 352 1055 Cassius
379 991 465 1055 libro
494 991 635 1056 secundo
662 991 742 1055 iuris
772 991 875 1056 civilis
905 991 1026 1057 scribit.
1073 996 1106 1056 et

100 1083 183 1162 putat
200 1080 253 1143 rel
268 1101 326 1163 per
339 1080 574 1144 iutemuntium
588 1080 660 1143 fieri
674 1101 769 1164 posse
784 1081 835 1144 vel
849 1102 908 1163 per
922 1080 1104 1163 epistulam.

179 1169 208 1234 8.
235 1167 276 1231 D.
294 1168 372 1232 ibid.
391 1170 411 1249 ξ
431 1166 461 1231 5.
488 1205 526 1215 -
557 1166 620 1234 Sed
643 1173 752 1232 utrum
777 1170 972 1253 generaliter
996 1169 1105 1253 ‘quae-

88 1275 225 1341 cumque
257 1256 320 1321 tibi
349 1257 512 1321 hereditas
540 1257 639 1322 fuerit
667 1257 796 1341 delata’,
830 1279 872 1321 an
901 1257 1103 1341 specialiter?

100 1351 128 1409 et
147 1346 249 1430 magis
271 1346 394 1429 placet,
421 1350 458 1410 ut
481 1344 582 1410 Gaius
607 1343 739 1411 Cassius
763 1347 892 1430 scribit,
920 1346 1104 1431 specialiter

100 1433 205 1500 debere
228 1434 391 1498 mandere.

179 1547 216 1606 cf.
231 1544 296 1607 Gai.
312 1548 346 1624 2,
362 1548 412 1606 87.
429 1548 491 1606 187
503 1564 565 1622 sqq.
611 1546 733 1606 Pernice
756 1547 772 1605 I
794 1568 823 1624 p.
840 1548 913 1606 504.

400 1707 448 1766 De
467 1709 593 1780 caecae
609 1725 668 1780 pro
690 1707 798 1766 herede.

180 1816 209 1880 9.
230 1813 460 1898 Ι).29,2,21,3.
496 1814 586 1880 Idem
601 1812 659 1904 (sc.
672 1813 848 1902 Ulpianus)
862 1815 947 1881 libro
963 1816 1102 1900 septimo

102 1904 136 1968 ad
159 1901 313 1968 Sabinum
338 1901 387 1990 (P.
402 1903 514 1990 2482).
539 1940 578 1952 -
604 1905 638 1970 Si
666 1903 736 1990 quis
760 1910 886 1988 partem
910 1926 1035 1988 exque
1059 1906 1106 1968 in·

101 1993 225 2057 stitutus
251 1996 301 2056 cst
324 1995 499 2079 ignorarit,
523 1992 669 2058 Iulianus
693 1993 808 2059 scribit
830 1993 911 2056 nihil
930 1994 960 2056 ei
979 2015 1105 2075 nocere,

101 2083 263 2165 quominus
282 2103 342 2164 pro
361 2082 478 2146 herede
498 2087 632 2166 gereret.
673 2082 758 2166 quod
779 2085 811 2146 et
830 2082 960 2145 (lessius
980 2082 1107 2164 probat,

100 2172 124 2233 si
155 2171 390 2253 condicionem,
427 2171 486 2235 sub
520 2193 582 2255 qua
614 2171 708 2236 heres
742 2169 911 2234 institutus
946 2177 1009 2254 est,
1040 2191 1108 2234 non

99 2258 221 2342 ignorat
259 2259 302 2339 [si
338 2264 449 2324 tamen
487 2260 612 2324 exstitit
648 2259 806 2342 condici0,
846 2259 906 2323 sub
939 2280 1002 2342 qua
1036 2258 1108 2322 sub-

98 2348 225 2412 stitutus
250 2349 322 2428 est}

443 2496 550 2554 Liber
572 2495 604 2554 Π
625 2496 683 2555 vel
705 2493 762 2555 III.

416 2613 467 2679 De
488 2620 577 2696 rupto
601 2619 784 2679 testament.

183 2739 235 2803 10.
267 2735 300 2802 O.
316 2738 346 2819 6,
361 2738 415 2819 29,
429 2738 460 2802 3.
511 2737 594 2822 Imp.
616 2737 818 2802 Iustinianus
842 2738 880 2801 A.
904 2736 1033 2801 Iuliano
1056 2758 1108 2819 pp.

99 2822 138 2910 (a.
155 2824 246 2912 530).
274 2863 316 2872 —
347 2876 380 2891 ..
409 2848 482 2891 cum
511 2875 545 2892 ..
573 2829 601 2891 is
630 2826 685 2910 qui
713 2827 748 2890 in
775 2832 888 2891 ventre
917 2825 1109 2909 portabatur

98 2919 291 2997 praeteritus
319 2915 441 2999 fuerat,
469 2917 524 2999 qui
552 2915 580 2979 si
607 2916 648 2980 ad
676 2914 780 2980 lucem
808 2915 925 2979 fuisset
950 2913 1110 2995 redactus,

99 3024 169 3068 snus
189 3003 284 3068 heres
303 3005 392 3087 patri
410 3005 572 3087 existeret,
591 3006 619 3069 si
638 3025 704 3068 uon
720 3004 803 3069 alius
818 3026 892 3068 eum
907 3003 1110 3067 antecederet

98 3096 127 3155 et
143 3092 308 3158 nascendo
327 3096 461 3175 ruptum
480 3096 711 3157 testamcutum
727 3092 878 3175 faciebat,
896 3092 924 3156 si
938 3094 1108 3175 postumus

95 3180 128 3244 in
151 3182 238 3246 hunc
263 3182 391 3265 quidem
416 3182 513 3246 orbus
538 3181 707 3246 devolutus
732 3184 791 3266 est,
813 3203 892 3246 voce
916 3183 1024 3244 autem
1043 3200 1109 3242 non

96 3271 212 3335 emissa
237 3270 278 3334 ab
302 3271 363 3334 hac
387 3271 458 3334 luce
482 3270 665 3336 subtractus
691 3273 754 3351 est,
783 3268 1006 3350 dubitabatur,
1030 3267 1108 3330 siis

95 3364 263 3441 postumus
273 3363 405 3443 ruptum
415 3358 522 3423 facere
532 3362 764 3423 testamentum
774 3355 1109 3441 potest...Sabiuiani

96 3447 334 3527 existimabant,
354 3448 381 3511 si
395 3448 488 3512 vivus
502 3451 599 3512 natus
614 3450 671 3529 est,
695 3448 756 3512 etsi
777 3468 889 3512 vocem
909 3467 975 3510 non
994 3442 1110 3522 emisit,

95 3540 225 3621 ruptum
248 3539 480 3601 testamentum
504 3586 555 3602 ...
