2438 3930
151 175 218 241 574
404 131 408 138 ’
520 173 799 229 Auulununuun

522 355 633 420 Loculi
654 355 801 420 condocti.

247 481 298 545 36.
328 478 398 544 Gai.
427 481 457 557 3,
488 479 560 544 143.
586 515 624 524 —
651 528 681 543 ..
707 479 734 542 si
758 478 864 558 alieno
889 479 1033 545 arbitrio
1063 501 1173 545 merces

153 569 317 654 permissa
340 568 392 652 sit,
415 568 503 632 velut
528 567 640 651 quanti
664 566 770 631 Titius
798 565 1035 653 aestimaverit,
1060 568 1172 653 quaeri·

153 665 226 743 tur,
263 679 305 722 an
341 656 460 721 locatio
494 659 527 721 et
560 656 728 726 conductio
766 655 989 721 contrahatur.
1041 680 1104 742 qua
1141 658 1171 720 de

154 768 255 811 causa
270 746 297 810 si
309 744 424 810 lulloni
434 744 587 830 polienda
598 744 787 822 curandam,
802 745 997 810 sarciuatori
1013 746 1170 811 sarcienda

154 834 351 898 vestimenta
379 833 529 916 dederim,
557 834 646 897 nulla
670 833 781 898 statim
809 833 957 898 mercede
987 836 1168 912 constituta,

154 927 272 1008 postea
299 925 429 986 tantum
456 922 590 987 daturus
619 922 734 1006 quanti
765 921 850 985 inter
881 943 944 986 nos
979 924 1167 1004 convenerit

66 1020 69 1027 '
155 1012 323 1096 quaeritur
346 1033 396 1077 an.
411 1011 530 1075 locatio
556 1015 588 1074 et
606 1010 776 1076 conductio
794 1010 1019 1077 contrahatur.

245 1119 295 1184 37.
325 1116 396 1183 Gai.
424 1117 454 1200 3,
485 1117 557 1182 144.
585 1153 628 1163 -
656 1115 740 1180 Item
774 1119 802 1180 si
834 1137 901 1180 rem
930 1117 994 1182 tibi
1024 1119 1166 1184 utendam

156 1207 299 1272 dederim
337 1211 370 1270 et
405 1205 543 1270 invicem
575 1205 674 1270 aliam
706 1226 774 1269 ram
806 1205 960 1270 utendam
990 1207 1166 1292 acceperim,

155 1294 321 1379 quaeritur
344 1317 386 1358 an
409 1293 527 1359 locatio
552 1298 585 1358 et
604 1293 773 1359 conductio
793 1293 1018 1362 contrahatur.

244 1402 297 1467 38.
325 1399 395 1465 Gai.
411 1401 453 1478 3,
482 1400 554 1466 145.
583 1437 619 1448 -
650 1399 741 1465 Adeo
766 1451 795 1467 ..
820 1401 941 1483 emptio
975 1406 1009 1466 et
1035 1401 1165 1467 venditio

155 1495 188 1554 et
216 1489 334 1554 locatio
363 1489 532 1554 conducIIo
560 1489 816 1580 familiaritatem
849 1489 995 1573 aliquam
1024 1493 1110 1556 inter
1138 1511 1164 1552 se

154 1578 274 1642 habere
293 1578 449 1656 videntur,
474 1581 509 1641 ut
532 1577 567 1641 in
587 1578 780 1662 quibusdam
800 1577 905 1642 causis
925 1581 1042 1662 quaeri
1065 1580 1164 1658 soleat

39 1730 44 1741 ,
155 1671 263 1731 utrum
299 1666 420 1751 emptio
452 1671 486 1731 et
513 1666 657 1732 venditio
687 1666 898 1732 contrahatur
928 1689 973 1731 an
995 1668 1118 1734 locatio
1140 1671 1166 1729 et

156 1754 335 1820 conducti0.
381 1755 480 1820 veluti
504 1756 532 1818 si
554 1778 619 1839 qua
641 1776 692 1820 res
716 1755 966 1840 inperpetuum
990 1757 1103 1822 locata
1123 1755 1166 1832 sit,

156 1844 242 1929 quod
256 1845 363 1909 evenit
385 1842 418 1908 in
437 1843 578 1928 praediis
598 1843 798 1928 municipum
813 1864 895 1928 quae
915 1865 954 1908 ea
973 1845 1052 1929 lege
1070 1848 1165 1913 locau-

156 1938 220 2017 tur,
247 1938 280 1998 et
307 1933 461 2016 quamdiu
490 1933 629 2017 vectigal
656 1937 846 2017 praestetur,
868 1953 974 2015 neque
1003 1936 1072 2020 ipsi
1103 1954 1166 1999 con·

137 2023 283 2100 ,ductori
306 2043 408 2105 neque
432 2021 543 2086 heredi
567 2023 635 2086 eius
658 2021 826 2105 praedium
850 2021 1028 2087 auferatur.

245 2129 297 2193 39.
322 2127 392 2192 Gai.
406 2129 436 2212 3,
453 2129 525 2193 146.
540 2165 582 2174 -
597 2127 679 2192 Item
701 2128 903 2212 [quaeritur],
927 2127 955 2191 si
975 2130 1165 2213 gladiatores

108 2214 111 2224 '
156 2240 194 2281 ea
221 2217 294 2303 lege
322 2216 383 2281 tibi
410 2215 612 2299 tradiderim,
647 2221 685 2280 ut
716 2217 750 2280 in
780 2217 925 2302 singulos
960 2219 1017 2302 qui
1057 2217 1166 2304 integri

156 2306 306 2387 exierint,
336 2328 396 2389 pro
429 2305 545 2369 sudore
575 2306 708 2369 denario
738 2304 801 2370 XX
832 2305 911 2369 mihi
941 2304 1111 2392 darentur,
1138 2309 1166 2369 iu

135 2415 212 2458 eos
245 2416 321 2458 vero
350 2394 505 2479 singulos,
536 2395 592 2478 qui
622 2394 718 2459 occisi
757 2398 813 2459 aut
850 2393 1014 2459 debilitati
1045 2396 1166 2469 fuerint

156 2483 280 2546 denarii
304 2482 406 2567 mille,
434 2483 600 2566 quaeritur
622 2487 730 2547 utrum
755 2483 876 2567 emptio
904 2486 937 2547 et
965 2485 1111 2552 venditio
1133 2504 1165 2548 au

55 2617 74 2636 ·.
156 2571 277 2635 locatio
301 2576 334 2634 et
357 2571 527 2637 conductio
550 2571 770 2637 contrahatur.

245 2677 298 2741 40.
327 2675 396 2742 Gai.
420 2678 449 2760 3,
475 2677 547 2743 147.
573 2714 612 2725 —
637 2677 719 2742 Item
744 2679 917 2762 quaeritur,
941 2679 970 2742 si
995 2701 1070 2744 cum
1094 2678 1166 2745 auri·

158 2765 217 2828 fiee
245 2765 324 2828 mihi
358 2767 559 2851 convenerit,
590 2771 627 2830 ut
655 2768 683 2830 is
718 2788 756 2830 ex
788 2789 866 2831 auro
895 2787 953 2831 suo
983 2769 1067 2834 certi
1094 2789 1165 2854 pou·

158 2852 242 2916 deris
285 2858 455 2938 certaeque
500 2855 624 2920 formae
671 2856 785 2920 anulos
831 2855 912 2920 mihi
957 2855 1096 2940 faceret,
1139 2860 1165 2919 et

159 2941 320 3026 acceperit
347 2944 437 3007 verbi
461 2945 568 3027 gratia
591 2943 740 3008 denarios
766 2941 829 3027 00,
858 2949 967 3008 utrum
994 2948 1117 3030 emptio
1139 2946 1165 3007 et

159 3031 302 3096 venditio
327 3053 368 3095 an
392 3031 510 3098 locatio
533 3040 567 3097 et
590 3033 761 3098 conductio
785 3034 1007 3099 contrahatur.

228 3143 283 3202 'of.
306 3163 334 3218 p.
362 3144 411 3203 75.

556 3336 769 3348 *Q—
