2430 3944
516 125 540 176 t.
565 120 706 177 SEXTUS
724 119 853 176 PEDIUS
1150 125 1187 188 9]

178 282 296 350 decimo
325 284 456 369 scribit,
485 305 555 350 cum
581 285 617 348 ia
643 283 711 367 boc,
740 282 861 368 inquit,
886 289 983 350 totum
1009 305 1047 351 ec
1073 288 1194 353 domini

177 373 387 438 comtibdionc
404 375 546 456 pendeat.

261 462 315 526 29.
339 461 381 527 D.
397 462 448 543 15,
465 464 493 538 1,
507 463 538 544 9,
551 461 582 526 4.
620 460 778 545 Ulpianus
801 461 885 527 libro
910 461 1084 527 vicensimo
1104 486 1191 529 nono

10 542 95 602 ’Cim
184 549 217 613 ed
236 549 379 615 edictum
402 547 453 638 (P.
472 548 576 636 852⁰).
603 586 641 597 —
667 551 747 615 ..id
772 551 870 614 etiam
894 551 1077 633 deducetur,
1104 553 1192 637 quod

10 625 51 686 ud
70 642 101 681 ¹²⁸
185 634 228 702 bis
255 638 405 723 personis
437 640 584 721 debetur,
617 660 700 723 quae
732 642 809 703 sunt
841 639 874 702 in
902 638 1006 704 tutela
1034 641 1085 703 vel
1114 662 1191 706 cura

10 732 33 770 1³
53 728 108 804 ⁰⁰?
187 722 295 791 domini
326 729 379 793 vel
410 727 513 812 patris
544 727 596 793 vel
624 749 761 813 quorum
789 727 921 811 negotia
950 727 1188 815 administrant,

10 815 14 827 '
38 800 115 854 aem
189 813 345 883 dnmmodo
369 817 446 882 dolo
470 822 611 900 careant,
636 817 789 902 quoniam
812 822 846 881 et
868 817 896 881 si
918 838 977 900 per
1000 816 1109 882 dolum
1133 839 1188 901 pe-

10 897 123 969 Psm'*
192 902 292 969 cubum
315 905 369 969 vel
393 905 573 970 ademerint
596 906 647 969 vel
667 905 851 989 minuerint,
874 910 1038 988 tenentur3
1064 907 1190 971 namsi

10 968 128 1102 ¹3¹²?ss
193 1012 299 1076 semper
320 995 510 1076 praevenire
534 994 684 1059 dominus
708 998 741 1058 et
764 1015 860 1080 agere
884 995 1018 1076 videtur,
1044 1017 1101 1059 cur
1122 1016 1189 1060 non

10 1056 134 1194 suff
195 1079 298 1146 dicatur
329 1082 431 1147 etiam
463 1083 525 1147 boc
556 1084 687 1147 nomine
720 1104 794 1147 eum
828 1104 936 1147 secum
968 1084 1087 1168 egisse,
1124 1107 1187 1169 quo

10 1149 82 1192 '⁰¹²
95 1146 138 1232 m
196 1169 300 1234 nomine
323 1172 376 1236 vel
398 1171 522 1236 tutelae
545 1172 597 1236 vel
620 1171 1015 1257 negotiorumgestorum
1039 1173 1091 1236 vel
1114 1173 1188 1237 utili

36 1236 139 1286 ⁰⁰¹²t¹¹
195 1257 297 1323 actione
327 1259 513 1324 tenebitur?
563 1281 641 1325 nam
673 1264 709 1323 ut
728 1310 735 1324 .
755 1309 762 1324 .
781 1258 900 1324 Pedius
932 1261 990 1339 ait,
1021 1261 1094 1326 ideo
1125 1260 1187 1326 hoc

197 1345 277 1410 nnus
299 1346 334 1411 in
357 1349 484 1432 peculio
508 1352 569 1432 est,
591 1348 677 1432 quod
701 1348 832 1414 domino
856 1349 907 1413 vel
931 1350 1018 1433 patri
1043 1349 1187 1434 debetur,

196 1435 322 1516 qnoniam
359 1459 424 1502 non
461 1441 511 1502 cst
541 1437 715 1502 verisimile
748 1437 914 1501 dominum
946 1437 979 1501 id
1013 1440 1186 1504 concedere

197 1542 265 1589 servo
287 1525 321 1588 in
343 1525 506 1608 peculium
529 1525 663 1611 habere,
685 1525 771 1611 quod
795 1525 858 1590 sibi
882 1525 1024 1591 debetur.
1084 1535 1087 1540 ’

10 1694 27 1735 0
49 1700 133 1753 non.
563 1664 663 1736 unere
679 1665 792 1721 emate.

10 1763 52 1828 ;10
91 1798 132 1841 a„
257 1763 310 1830 30.
347 1762 386 1828 D.
413 1764 463 1848 19,
485 1765 517 1843 4,
543 1768 570 1848 l,
588 1766 619 1831 2.
638 1765 668 1830 3.
722 1764 843 1830 Paulus
875 1764 960 1829 libro
992 1766 1184 1850 trigensimo

10 1859 130 1929 rator&
191 1852 306 1917 scindo
326 1852 367 1917 ad
386 1853 529 1918 edictum
547 1853 598 1940 (P.
612 1849 718 1940 502b).
736 1889 779 1901 -
799 1855 965 1936 ..emptio
986 1876 1024 1918 ac
1039 1855 1183 1921 venditio

10 1935 128 2016 Pedio,
190 1938 256 2004 nuda
273 1941 544 2006 consentientium
564 1943 732 2007 voluntate
751 1942 964 2020 contrahitur,
986 1941 1183 2026 permutatio

10 2029 125 2103 tion&
190 2031 278 2092 antem
301 2050 341 2094 ex
364 2050 399 2093 re
422 2030 545 2095 tradita
563 2032 693 2095 initium
712 2031 906 2115 obligationi
925 2031 1067 2114 praebet.
1105 2032 1182 2096 alio-

187 2116 246 2196 quin
272 2119 299 2182 si
328 2139 381 2183 res
408 2119 551 2183 nondum
579 2120 700 2184 tradita
727 2120 783 2203 sit,
810 2119 896 2184 nudo
925 2140 1084 2183 consensu
1108 2141 1182 2183 con·

185 2203 259 2270 atitui
290 2205 526 2291 obligationem
558 2209 714 2292 dicemus,
746 2209 832 2292 quod
864 2208 899 2270 in
930 2206 982 2270 his
1012 2208 1182 2272 dumtaxat

11 2284 110 2362 buere
182 2298 328 2377 receptum
348 2301 406 2379 est,
425 2317 507 2378 qnae
525 2318 642 2362 nomen
659 2318 753 2360 suum
767 2296 898 2375 habent,
916 2299 953 2359 ut
968 2295 1001 2359 in
1017 2299 1181 2379 emptione

39 2458 47 2467 .
99 2388 104 2401 '
179 2383 358 2467 venditione,
381 2384 603 2472 conductione,
626 2386 787 2450 mandato.
833 2385 968 2468 ideoque
991 2383 1109 2450 Pedius
1134 2387 1182 2450 ait

87 2507 92 2515 ·
176 2468 304 2536 alienam
323 2493 392 2536 rem
407 2471 539 2538 dantem
553 2475 678 2539 nullam
693 2474 883 2538 contrahere
898 2474 1180 2557 permutationem.

306 2610 403 2666 Soluto
420 2613 595 2667 matrimonio
612 2613 661 2667 doe
678 2613 903 2682 quemadmodum
919 2618 1038 2680 petatur.

252 2711 304 2776 31.
330 2710 370 2777 D.
383 2711 436 2789 24,
452 2714 481 2793 1,
496 2713 538 2777 36
546 2735 594 2796 pr.
630 2712 750 2777 Paulus
771 2713 855 2777 libro
874 2713 1063 2797 trigensimo
1088 2720 1178 2780 sexto

10 2826 47 2879 'es
170 2797 207 2861 ad
228 2799 367 2864 edictum
390 2797 440 2886 (P.
454 2795 545 2888 541).
563 2837 607 2848 -
626 2799 661 2865 Si
685 2803 823 2867 donatae
847 2824 897 2866 res
917 2806 1056 2886 exstant,
1080 2804 1179 2867 etiam

10 2898 35 2965 is
168 2886 318 2952 vindicari
337 2893 504 2974 poterunt,
523 2889 579 2954 sed
597 2891 673 2974 quia
692 2912 823 2956 causam
841 2890 1029 2974 possidendi
1044 2892 1178 2956 donatio

164 2975 339 3059 praestitit,
370 2976 433 3042 nisi
461 2978 613 3042 reddatur
640 3001 705 3063 res,
739 2978 923 3044 aestimatio
952 2979 1100 3044 facienda
1129 2987 1179 3046 est

164 3063 245 3129 iusto
259 3065 381 3149 'pretio
405 3067 577 3150 caverique
600 3068 779 3150 possidenti
802 3068 934 3133 debebit
956 3069 995 3132 de
1020 3070 1177 3134 evictione

161 3152 284 3238 simpli,
313 3155 426 3238 quanti
455 3175 494 3220 ea
515 3177 567 3219 rea
591 3157 647 3239 sit,
674 3156 771 3240 idque
794 3158 892 3222 etiam
916 3157 1015 3222 Pedio
1039 3158 1176 3225 videtur.

537 3293 582 3349 De
598 3295 678 3350 reboo
696 3297 802 3351 amotis.

250 3383 303 3451 32.
330 3383 369 3448 D.
384 3383 437 3468 25,
451 3385 481 3464 2,
496 3386 548 3471 21,
564 3387 591 3450 1.
635 3386 754 3451 Paulus
782 3387 865 3451 libro
891 3389 1081 3472 trigensimo
1106 3410 1175 3472 sep-

160 3471 241 3537 timo
266 3471 306 3536 ad
330 3472 471 3538 edictum
494 3472 543 3558 (P.
559 3473 648 3560 552).
670 3511 708 3522 —
731 3476 765 3540 Si
790 3497 901 3540 servus
920 3476 1065 3541 mulieris
1085 3476 1176 3541 iussu
