2430 3944
100 166 170 231 480
204 166 238 223 V.
256 161 405 221 NERVAE
423 161 471 214 ΕΓ
489 159 642 214 TRAIANI
659 157 765 215 ΤΕΜΡ.
784 157 881 214 IURlS
900 157 1085 214 GONSULTI

95 330 253 412 pulionem
279 327 358 391 adiit
382 324 466 388 iteres
491 323 593 406 pitius
618 323 698 404 petit
722 341 805 386 uiuus
828 323 996 403 pecuniam
1019 327 1111 406 puter

98 438 137 482 eu
157 416 353 498 stipulatione
373 432 471 494 supra
492 411 600 476 reluta.

187 504 369 586 Ruspondit:
385 521 448 565 non
456 505 534 582 putu
549 504 665 581 turpem
680 519 741 564 esse
753 519 882 564 causum
890 499 1111 582 stipulationis,

97 598 199 676 utpote
223 612 292 658 oum
318 591 415 667 utitur⁹
433 590 536 671 pilium
558 588 808 669 emancipationis
831 608 894 652 uou
914 587 1022 668 fuerit.
1060 609 1112 654 uec

93 687 193 767 potest
212 680 309 745 uideri
330 679 449 742 iuiustu
471 698 566 742 uuusu
588 677 804 759 stipulationis,
827 677 857 741 si
874 677 1000 758 uii'quid
1017 678 1109 760 adop

99 773 178 836 tivus
202 773 293 852 puter
324 767 431 831 tubere
459 767 599 849 uoluerit,
627 771 753 848 propter
784 766 866 847 quud
896 786 918 829 a
948 766 1017 848 sitio
1040 771 1110 849 post

97 857 369 940 emancipationem
391 856 490 938 mupis
513 859 683 920 curaretur.

513 1090 621 1149 Liber
643 1089 694 1150 IX.

420 1200 470 1265 De
491 1201 578 1266 bouis
599 1200 790 1292 iuuantibus.

186 1318 239 1381 47.
267 1315 305 1380 D.
319 1317 372 1397 49,
393 1317 443 1396 14,
464 1317 514 1380 11.
559 1314 731 1379 Iavolenus
754 1315 839 1379 libro
862 1337 952 1380 nono
977 1315 1109 1400 Epistu-

99 1408 211 1472 larum.
242 1440 280 1451 -
310 1409 385 1469 Nou
408 1409 540 1485 possunt
564 1404 631 1469 uita
654 1404 733 1468 bonu
754 1405 799 1468 ud
817 1405 928 1486 fiscum
948 1407 1109 1487 pertinere,

96 1496 160 1560 uisi
177 1515 254 1575 quae
271 1494 468 1558 oreditoribus
485 1492 684 1575 superstituta
700 1497 789 1570 sunt;
808 1494 844 1558 id
860 1494 944 1557 euim
962 1493 1109 1560 bonorum

96 1585 243 1665 cuiusque
265 1603 327 1646 esse
348 1582 544 1667 instituitur,
567 1582 649 1663 quod
669 1583 736 1647 aeri
757 1582 858 1646 alieno
880 1587 1028 1664 superest.

186 1694 221 1752 ut.
241 1693 311 1753 Tau.
329 1712 396 1752 ann.
416 1695 445 1771 2,
459 1695 510 1754 48.
557 1693 594 1753 uf.
616 1691 790 1752 Hirschfeld
815 1691 870 1769 Vg.
894 1713 923 1768 p.
945 1696 997 1755 57.

509 1865 558 1930 De
582 1866 697 1948 leuatis.

185 1981 238 2045 48.
261 1981 299 2044 D.
314 1982 366 2057 33,
381 1981 410 2060 3,
424 1981 454 2045 4.
491 1980 660 2044 Iavolenus
676 1979 758 2044 libro
773 2001 858 2045 nono
874 1979 1108 2064 Epistularum.

100 2106 138 2116 -
160 2068 198 2134 Si
219 2072 248 2134 is
270 2072 324 2152 qui
346 2071 425 2134 ciuus
448 2071 535 2133 aedes
556 2069 691 2148 iubebat,
713 2070 794 2133 uuas
812 2069 898 2153 mitti,
921 2070 1040 2136 atteras
1058 2070 1108 2135 tibi

96 2160 209 2242 iepauit
235 2163 263 2222 et
288 2160 406 2222 medius
427 2159 546 2241 purius,
574 2159 628 2238 qui
651 2162 796 2239 utiusque
818 2159 907 2223 aedes
928 2160 1107 2242 distiupuut,

97 2249 270 2329 interuenit,
297 2267 329 2311 eo
356 2248 424 2310 iure
450 2268 519 2310 eum
548 2267 736 2311 coiumuueui
765 2247 853 2311 uobis
874 2267 938 2313 esse
961 2249 1108 2331 epistimi,

95 2357 167 2418 quo,
200 2337 229 2401 si
253 2337 361 2418 paries
394 2340 515 2400 tautum
545 2335 660 2400 duobus
690 2335 778 2399 uobis
806 2337 1009 2401 communiter
1038 2341 1107 2402 esset

98 2426 226 2507 lupatis,
253 2426 377 2505 ideoque
403 2445 498 2505 usque
520 2445 567 2488 uie
588 2445 683 2505 neque
705 2428 732 2488 te
754 2445 841 2506 apere
859 2445 949 2508 posse
975 2427 1027 2490 ius
1049 2445 1107 2490 uon

96 2533 158 2576 esse
193 2514 283 2576 atteri
318 2515 364 2577 itu
399 2514 556 2577 immissus
588 2512 730 2597 <trabes>
762 2513 884 2589 tuber&
920 2534 999 2579 naui
1031 2514 1108 2597 quod

96 2603 296 2666 cummuniter
318 2602 416 2666 sotius
438 2601 533 2680 iubet,
556 2601 634 2664 item
655 2603 723 2666 iure
746 2621 796 2666 uie
818 2601 946 2666 hubere¹
965 2604 1106 2668 constitit.

96 2691 199 2772 itaque
220 2691 256 2754 cte
278 2711 314 2754 eu
335 2711 368 2754 re
386 2691 500 2755 arbiter
518 2691 672 2754 communi
689 2691 856 2755 diuidundo
873 2693 1042 2757 sumendus
1058 2696 1106 2757 est.

455 2867 505 2933 De
528 2869 588 2950 leue
610 2867 751 2950 Aquilia.

186 2982 239 3047 49.
269 2980 308 3044 D.
323 2983 353 3065 9,
366 2983 396 3066 2,
411 2983 463 3047 38.
508 2981 598 3047 Idem
622 2980 678 3068 (sc.
701 2981 889 3068 Iavolenus)
912 2982 998 3048 libro
1022 3004 1103 3048 nono

97 3070 329 3154 Epistularum.
360 3108 398 3118 —
429 3069 467 3136 St
492 3092 525 3136 eo
553 3077 694 3153 tempore,
721 3093 781 3155 quo
808 3072 864 3136 tibi
890 3093 977 3138 meus
1005 3090 1103 3138 servus

95 3181 186 3241 quem
213 3160 292 3224 bonu
317 3162 378 3244 fide
404 3161 504 3224 emisti
529 3161 688 3240 seruiebat,
715 3162 779 3247 ipse
806 3182 828 3226 a
854 3181 940 3226 seruo
969 3166 1020 3226 tuo
1043 3160 1101 3226 uui·

95 3253 222 3314 uerutus
255 3253 309 3329 est,
342 3250 463 3332 ptucuit
497 3251 582 3314 omui
614 3251 701 3316 modo
733 3271 780 3315 uie
811 3255 908 3315 tecum
939 3256 1017 3316 recti
1048 3250 1102 3332 lupe

97 3338 229 3420 Aquilia
251 3339 392 3420 euperiri.

169 3534 183 3580 1
204 3530 251 3585 Fi.
276 3531 305 3584 et
322 3529 356 3593 in¹
370 3531 430 3586 iure
450 3547 512 3585 eum
531 3529 643 3588 habere.
