2430 3944
95 174 167 245 SR.
199 173 229 225 V·-
250 174 406 235 &QVAE
423 176 472 233 ΕΤ
491 175 643 234 TRAIANI
660 175 769 233 TEMP.
787 176 884 232 IURIS
903 175 1084 233 CONSULTI

95 358 159 417 ,um
191 356 289 427 narro
317 338 450 407 dimidia
481 340 671 424 separatim,
708 340 736 404 si
771 362 835 406 uno
870 340 987 407 iudicio
1021 341 1111 424 liber,

95 422 204 497 {rw
227 448 344 497 nnus
374 427 532 494 indicatus
565 433 629 513 est,
661 429 957 495 commodissimum
990 435 1043 495 est
1075 452 1112 496 eo

96 536 202 611 serua
234 516 312 607 regi
341 515 477 597 indioes,
514 516 615 583 donee
648 519 861 585 consentiant
917 521 945 583 si
977 518 1009 583 id
1048 541 1114 584 non

95 604 284 693 ww,
309 602 466 673 Sabinum
494 605 633 670 refertur
660 607 863 673 existimasse
884 607 958 674 duci
985 630 1113 674 servum

97 692 216 763 &hur
245 694 289 763 ab
319 715 358 761 eo
392 694 447 779 qui
475 695 619 773 vicisset,
652 697 743 760 ouius
772 697 952 762 sententiae
981 695 1113 763 Cassius

97 804 228 871 {umque
248 786 308 849 est.

187 892 229 957 tr
254 912 312 975 ogo
339 912 414 954 sum.
462 898 494 954 et
521 913 593 955 sane
619 895 781 955 ridiculum
809 901 856 957 est
879 897 1024 957 arbitrari
1047 918 1115 957 eum

96 1000 153 1063 m
177 984 268 1063 parta
293 982 417 1043 dimidia
444 983 528 1057 duni,
554 1003 609 1061 pro
632 987 719 1060 parte
741 985 915 1046 libertatem
937 987 1002 1046 eius
1025 987 1114 1048 tueri

95 1070 287 1135 munitius
318 1075 419 1132 autem
452 1077 499 1132 est
527 1073 632 1133 favore
658 1074 808 1134 libertatis
835 1074 965 1134 liberum
992 1075 1116 1154 quidem

96 1176 169 1223 m
189 1176 266 1239 esee,
287 1159 427 1237 oompolli
444 1165 545 1221 autem
562 1162 654 1238 pretii
673 1163 719 1222 sui
736 1165 854 1239 purtem
871 1164 930 1224 viri
947 1163 1020 1224 boni
1039 1164 1117 1224 arbi-

97 1262 185 1311 w!
206 1248 313 1311 uiatori
335 1267 389 1309 suo
412 1253 575 1326 praestare.

383 1456 435 1523 De
457 1479 542 1541 aqua
560 1458 671 1542 pluuia
692 1460 834 1525 orrenda.

186 1579 253 1649 82?
276 1578 316 1646 D.
326 1582 379 1668 39,
389 1583 420 1666 3,
430 1581 482 1647 25.
523 1581 669 1647 Iulianus
688 1583 771 1647 libro
792 1583 905 1667 quinto
925 1605 965 1648 ex
983 1582 1117 1650 Minicio

97 1664 249 1845 ἓὶὶθΜ).
268 1705 310 1716 -
334 1669 368 1735 Is
392 1671 481 1735 ouius
504 1669 606 1736 fundo
626 1672 678 1735 via
696 1670 840 1755 debetur,
864 1694 966 1756 aquae
985 1673 1119 1756 pluviae

120 1756 229 1844 tria>
244 1760 400 1825 arcendae
416 1780 511 1844 agere
525 1762 635 1843 potest
645 1759 736 1824 fundi
746 1759 797 1824 sui
807 1765 947 1844 nomine,
962 1763 1118 1846 quoniam

99 1846 258 1915 deteriore
282 1846 335 1912 via
357 1847 445 1914 facta
469 1844 569 1914 fundo
592 1853 734 1914 nooetur.

432 2119 478 2178 Ex
500 2109 709 2201 IulianiJlibro
733 2118 785 2178 Vi.

395 2244 442 2303 De
463 2246 589 2303 meteriis
610 2245 691 2303 vasis
712 2244 822 2316 teratu.

191 2361 257 2430 33?
277 2361 526 2447 D.50,16,206.
564 2360 709 2427 lulianus
722 2361 807 2426 libro
823 2366 913 2427 sexto
929 2383 968 2426 ex
982 2362 1118 2431 Minicio

101 2446 151 2537 (P.
174 2449 263 2537 881).
296 2488 334 2499 -
368 2448 526 2516 ‘Vinaria'
558 2472 637 2515 vasa
668 2451 797 2534 proprie
830 2473 908 2515 vasa
940 2455 1120 2520 toreularia

101 2559 171 2605 esse
194 2541 314 2626 plaeet3
339 2539 426 2606 dolia
450 2542 558 2604 autem
582 2543 615 2603 et
639 2539 739 2603 serias
762 2538 886 2604 tamdiu
908 2542 943 2605 in
964 2564 1001 2606 ea
1020 2564 1119 2608 eausa

101 2646 185 2711 esse,
217 2627 370 2714 quamdiu
402 2629 515 2693 vinum
542 2627 711 2710 haberent,
744 2649 817 2692 oum
845 2629 913 2693 sine
941 2629 1017 2695 vino
1048 2653 1119 2696 esse

101 2715 293 2803 desinerent,
314 2717 347 2781 in
373 2738 410 2781 eo
434 2738 569 2782 numero
593 2738 660 2780 non
683 2738 761 2796 esse,
785 2718 937 2801 quoniam
956 2719 997 2783 ad
1017 2720 1119 2785 alium

101 2828 196 2871 usum
223 2805 393 2871 transferri
420 2809 566 2890 possent,
593 2804 694 2869 veluti
723 2806 751 2870 si
778 2804 976 2871 frumentum
1004 2808 1039 2872 in
1065 2809 1118 2874 his

102 2894 247 2960 addatur,
294 2893 427 2960 eandem
451 2915 580 2960 oausam
606 2893 837 2978 amphorarum
861 2916 945 2980 esse,
968 2899 1020 2976 ut,
1043 2919 1118 2963 oum

101 2984 213 3050 vinum
245 2983 403 3066 habeant,
434 2987 503 3048 turn
536 2981 570 3046 in
604 2985 690 3047 vasis
722 2981 871 3069 vinariis,
903 3006 976 3048 eum
1003 2986 1118 3051 inanes

103 3073 183 3158 sint,
205 3078 275 3138 tum
299 3077 389 3137 extra
412 3093 581 3136 numerum
605 3072 804 3136 vinariorum
828 3071 902 3154 sint,
929 3073 1007 3156 quia
1031 3074 1118 3140 aliud

103 3162 138 3227 in
160 3163 212 3228 his
236 3162 309 3227 addi
333 3161 445 3246 possit.

193 3273 365 3335 Orationem
406 3274 577 3347 corruptam
619 3271 677 3331 viri
717 3270 798 3332 doeti
838 3272 922 3332 varie
959 3275 1118 3334 emendare

104 3363 234 3423 student.
274 3363 441 3422 Mommsen
468 3361 558 3419 scribi
585 3359 683 3419 iubet:
710 3353 791 3420 ‘oum
818 3361 882 3420 sine
910 3362 981 3421 vino
1009 3368 1117 3433 essent,

105 3452 239 3511 desinere
258 3453 289 3508 in
309 3469 342 3508 eo
361 3467 485 3507 numero
505 3442 593 3524 esse’3
616 3449 709 3507 Lenel
727 3448 820 3508 verba
839 3443 914 3508 ‘esse
935 3446 1117 3511 desinerent’

104 3542 236 3618 glossam
257 3541 348 3613 putat
371 3541 402 3594 et
424 3541 529 3611 postea
553 3530 675 3595 ‘essent'
699 3535 897 3596 scribendum.
