2430 3944
462 178 487 228 3.
505 171 669 228 MINIOIUS

354 412 356 416 =
438 389 494 453 111.
528 389 703 455 ...libri
764 365 769 372 ’

151 512 198 577 De
219 514 332 578 Minicii
359 517 444 577 libris
469 519 613 595 pleraque
636 517 667 577 ia
689 517 800 578 Iuliani
820 519 955 580 eiusdem
978 523 1077 597 operis

59 605 236 666 recensione
264 605 475 684 inveniuntur,
507 607 592 666 cuiue
619 607 791 686 fragmenta
819 605 1018 670 Tribonianu'e
1046 612 1078 671 in

59 714 138 755 nova
161 695 291 773 Digesta
313 695 434 772 recepit
475 695 528 754 sed
551 714 589 755 no
611 695 722 755 Iuliani
744 695 864 772 quidem
886 696 979 758 libros
1003 699 1077 760 eatis

58 783 198 862 cognitos
226 784 385 863 habemus,
413 801 481 843 cum
507 784 540 842 in
566 783 718 861 plerisque
744 785 936 865 fragmentis,
963 786 1078 848 scilicet

58 872 188 949 triginta
211 890 272 948 sex,
295 871 366 932 libri
389 866 437 932 ‘ex
459 866 602 945 Minicio',
623 873 656 931 in
677 872 776 934 tribus
798 876 927 951 tantum,
951 875 1078 936 6166116

58 961 158 1021 iudice
172 960 358 1035 Florentino,
375 955 427 1021 ‘ad
440 954 606 1020 Minicium'
621 962 820 1023 nominentur.
857 964 972 1024 6666111
989 964 1076 1041 quod,

58 1067 243 1128 quamquam
269 1050 301 1109 in
327 1048 450 1126 Ulpiani
476 1051 646 1128 fragmento
670 1043 976 1132 (D.19,1,11,15)
1003 1054 1078 1114 haec

58 1138 216 1216 leguntur:
239 1129 417 1219 (Iulianus)
439 1139 519 1198 libro
543 1138 658 1199 decimo
681 1139 761 1216 apud
779 1140 936 1200 Minicium
958 1135 1024 1216 ait',
1045 1143 1077 1201 in

58 1226 222 1287 Iustiniani
249 1227 383 1304 Digestis
415 1227 488 1286 alibi
518 1245 668 1305 nusquam
699 1229 783 1289 ultra
814 1232 934 1289 sertum
965 1231 1077 1290 librum

57 1316 235 1394 fragmento
261 1318 364 1375 extant
391 1319 422 1376 et
445 1316 478 1374 in
499 1315 596 1376 indice
619 1316 792 1377 Florentino
816 1317 927 1378 (1166616
950 1319 1076 1397 iegitur:

60 1396 239 1465 ‘'Ioctcucot
266 1405 305 1464 ad
332 1405 487 1464 Minicium
513 1404 615 1484 βιβλία
638 1401 688 1478 1Ξῖ
734 1407 838 1484 itaque
860 1408 996 1466 nonnulli
1019 1409 1077 1469 viri

23 1538 26 1543 .
59 1493 141 1553 docti
162 1512 217 1570 pro
237 1488 326 1553 ‘libro
345 1488 382 1551 X’
404 1487 597 1570 potius‘libro
615 1487 655 1551 V'
677 1495 866 1554 scribendum
884 1514 949 1556 6666
967 1500 1078 1573 putant

59 1577 211 1661 (Krneger
240 1603 267 1658 p.
288 1585 351 1643 161
381 1602 409 1642 n.
431 1574 523 1662 120),
551 1586 584 1642 at
611 1581 704 1642 Lenel
731 1583 799 1642 Ρ.Ι
826 1584 881 1644 col.
905 1587 970 1645 484
997 1604 1025 1645 n
1056 1588 1075 1647 ὃ

58 1671 123 1729 iure
141 1674 257 1731 monet:
277 1665 516 1746 ‘inscriptionem
535 1672 643 1732 falsam
662 1690 725 1732 6666
744 1673 827 1732 66116
846 1674 934 1733 modo
949 1678 1076 1748 constat,

59 1755 271 1836 ignorantibus
289 1759 385 1838 nobis,
404 1778 444 1820 an
462 1760 637 1820 universum
650 1761 760 1819 Iuliani
773 1779 849 1837 opus
863 1762 902 1821 ad
915 1762 1077 1822 Iustiniani

62 1851 206 1907 aetatem
217 1842 409 1924 pervenerit'.

147 1937 184 1996 In
210 1937 399 1996 recensendis
423 1937 534 1997 Iuliani
561 1937 738 2015 fragmentis
762 1936 940 1996 Triboniani
967 1955 1074 2000 manue

60 2026 179 2101 saepius
204 2026 384 2104 agnoscitur.
431 2026 552 2084 maximi
575 2029 678 2085 autem
701 2025 847 2086 momenti
869 2027 1007 2103 quaestio
1030 2031 1076 2087 eet

61 2115 95 2174 de
113 2115 301 2174 secernendis
320 2114 434 2174 Minicii
452 2114 594 2174 aluliani
607 2114 716 2176 verbis.
757 2116 847 2191 atque
862 2131 1076 2190 nonnunquam

59 2203 172 2262 Iuliani
204 2205 294 2263 notae
321 2203 432 2263 diserte
460 2204 650 2263 exhibentur:
678 2202 715 2262 D.
737 2203 787 2279 33,
807 2205 875 2281 3,1
901 2197 1075 2279 ‘respoudit

133 2291 270 2352 Iulianus
292 2295 393 2352 notat:
416 2291 572 2352 uideamus
596 2285 661 2353 ...'
697 2291 734 2353 D.
750 2293 778 2368 6,
796 2294 824 2366 1,
838 2294 878 2351 61
900 2284 1075 2367 ‘respondit

112 2380 251 2440 Iul‘nnus
262 2384 362 2441 notat:
382 2400 452 2440 nam
471 2375 521 2440 ..ε’
558 2381 593 2439 in-
607 2379 667 2440 6116
681 2372 853 2458 fragmento
866 2371 1074 2460 (1).17,1,33)

62 2489 92 2528 re
120 2470 277 2546 proposita
304 2471 377 2529 haec
404 2471 560 2548 leguntur:
589 2463 737 2529 ‘Iulianus
762 2468 863 2528 verius
890 2463 1001 2546 putat',
1029 2469 1076 2528 bis

62 2559 175 2618 scilicet
194 2558 229 2617 D.
245 2561 275 2635 3,
289 2561 319 2635 3,
332 2561 371 2619 76
392 2561 423 2618 61
441 2560 496 2637 46,
504 2561 534 2636 8,
544 2561 596 2632 23,
619 2559 705 2617 haec:
729 2551 878 2616 <16116666
896 2551 1076 2634 respondit,

61 2665 274 2722 nonnunquam
300 2648 384 2706 nulio
416 2647 548 2706 auctoris
579 2646 700 2707 nomine
728 2646 830 2706 addito
858 2648 987 2705 tantem:
1021 2640 1076 2706 ‘re-

62 2729 192 2812 spondit'
225 2729 277 2814 (6.
297 2739 354 2813 41,
372 2738 408 2811 4,
429 2738 478 2795 1o.
508 2738 560 2812 46,
581 2739 609 2813 1,
631 2738 681 2795 rc.
710 2736 761 2812 aa,
782 2737 810 2809 3,
829 2736 882 2794 49.
912 2737 940 2809 6,
961 2737 991 2806 1,
1007 2727 1076 2815 sa),

61 2818 206 2899 ‘negarit’
227 2818 277 2905 (D.
289 2827 318 2902 8,
328 2826 419 2901 3,31.
434 2826 487 2898 43,
499 2826 549 2898 20,
560 2826 589 2884 ὃ.
605 2826 656 2898 22,
666 2816 774 2904 1,26),
799 2823 928 2900 &nique
951 2826 1074 2883 auctore

60 2925 117 2972 non
141 2913 311 2992 designato:
344 2905 507 2989 ‘respondi'
531 2905 582 2993 (D.
597 2914 649 2991 24,
671 2915 701 2990 l,-
719 2914 770 2972 69.
798 2914 828 2990 8,
844 2913 872 2990 5,
889 2903 954 2993 18),
978 2905 1075 2988 ‘puto’

61 2994 109 3081 (I).
125 3004 178 3074 41,
194 3004 222 3077 2,
240 2993 312 3082 39),
334 2996 431 3061 ‘cuius
456 3001 621 3061 sententiae
721 3003 753 3060 et
776 3018 831 3078 ego
856 2994 932 3059 sum'
953 2992 1004 3082 (D.
1023 3004 1075 3080 40,

63 3093 99 3149 12
127 3092 194 3151 30.

102 3136 110 3168 2
147 3082 184 3238 Iri
221 3178 288 3238 aliis
325 3197 428 3238 eorum
462 3197 539 3256 qnae
570 3196 661 3254 supra
692 3178 807 3254 protuli
838 3172 1075 3256 fragmentorum

60 3267 170 3326 Iuliani
203 3267 367 3328 sententias
398 3268 506 3327 referri
533 3268 726 3326 manifestum
755 3269 813 3343 661,
845 3267 957 3343 quibus
983 3267 1075 3325 otiam

60 3356 158 3416 altera
174 3375 245 3433 pars
265 3356 426 3434 fragmenti
445 3356 524 3433 quod
543 3356 721 3433 D.47,2,60
739 3356 861 3434 legitur,
879 3355 1076 3414 attribuenda

63 3449 115 3522 cst,
139 3447 171 3503 in
194 3465 253 3523 quo
274 3445 426 3505 sententia
443 3445 585 3521 anonymi
603 3444 758 3504 cuiusdam
776 3444 874 3503 relata
891 3444 965 3502 haec
984 3442 1075 3502 verba
1194 3440 1195 3445 ’

62 3534 227 3594 adduntur:
256 3528 324 3594 ‘hoc
351 3537 453 3594 tamen
477 3534 522 3592 ita
545 3533 749 3608 accipiendum
771 3536 819 3592 est
839 3526 904 3594 ...’
949 3533 979 3590 ia
1006 3531 1074 3591 aliie

112 3643 208 3692 Iuriepr.
222 3644 341 3684 untehadr.
354 3643 404 3682 rell.
418 3643 453 3683 ed.
467 3643 567 3682 Bremer.
589 3642 650 3694 11,2.
830 3635 866 3685 iS
