2430 3944
375 124 401 175 t.
425 117 565 176 SEXTUS
582 117 714 175 Pnnlus
1009 120 1052 184 95

130 284 180 348 44.
202 282 242 349 D.
253 282 307 365 43,
320 281 371 362 19,
381 284 411 361 3,
422 284 453 347 2.
500 281 661 368 Ulpianus
684 282 769 347 libro
793 285 1055 370 septuagensimo

58 371 91 436 ed
109 372 242 438 edictum
266 367 318 459 (P.
334 368 460 457 lucii).
482 407 528 418 —
550 369 585 436 si
607 372 680 456 quis
704 372 745 436 ab
770 378 901 437 auctore
926 394 997 437 meo
1021 374 1053 437 vi

60 463 104 525 sut
123 462 204 526 elom
234 465 292 525 aut
317 461 462 544 precario
490 481 568 524 usus
596 463 659 542 est,
687 465 772 525 recte
802 483 822 525 a
848 482 900 525 me
927 463 981 526 via
1004 461 1053 526 uti

59 549 231 635 prohibetur
257 553 292 613 ot
317 548 528 614 interdictum
556 549 588 612 ei
614 548 730 613 inutile
759 552 822 631 eat,
850 550 926 634 quia
954 572 974 615 a
1000 573 1053 615 me

10 634 12 673 ³
60 638 163 703 videtur
195 639 229 702 vi
262 637 313 703 vel
346 638 430 702 clam
462 639 513 702 vel
541 638 688 720 precario
716 637 897 723 possidere,
929 639 986 723 qui
1013 639 1054 703 ab

60 732 169 791 estora
196 747 270 792 meo
293 726 411 791 vitiose
434 726 588 810 possidet.
632 748 711 790 nam
735 729 769 790 et
790 725 909 791 Pedius
933 727 1055 812 scribit,

57 816 126 880 sivi
152 817 210 881 aut
235 816 319 879 olam
344 820 401 879 aut
422 815 568 899 precario
591 816 632 880 ob
656 837 694 880 eo
718 816 762 879 sit
784 837 878 899 usus,
905 815 939 880 in
963 816 1054 881 cuius

10 954 13 979 ,
56 903 146 969 locum
166 903 350 968 hereditate
372 904 424 968 vel
446 901 652 988 (bonorum)
673 903 840 987 emptione
864 904 970 969 aliove
991 927 1055 988 quo

55 992 111 1057 iure
121 993 272 1076 successi,
289 992 375 1057 idem
389 1014 459 1057 esse
473 992 641 1058 dicendum
660 993 747 1074 [oum
763 994 849 1057 enim
863 995 1057 1058 successerit

56 1081 114 1165 quis
131 1082 166 1147 in
189 1081 300 1146 locum
323 1101 445 1167 eorum,
463 1103 601 1166 aequum
619 1103 685 1146 non
704 1085 754 1145 est
772 1103 833 1146 nos
853 1081 962 1146 noceri
984 1083 1056 1167 hoc,

10 1238 12 1257 Ι
56 1169 125 1255 qnod
148 1169 305 1235 adversus
333 1191 406 1234 eum
433 1191 498 1234 non
526 1169 649 1253 nocuit,
677 1170 712 1234 in
734 1170 824 1235 cuius
848 1170 958 1236 locum
988 1193 1057 1237 suc·

56 1256 218 1340 cadmus}

125 1369 209 1441 Quae
226 1369 315 1430 uncis
332 1370 486 1448 quadratis
503 1370 622 1448 inclusi,
645 1371 769 1431 Parnioe
789 1371 924 1431 eiciendo
942 1374 1052 1432 censet.

125 1459 162 1518 of.
184 1458 282 1519 Lenel
302 1458 338 1520 P.
359 1459 398 1519 ed
419 1459 449 1519 lc
463 1461 483 1520 l.

403 1629 482 1699 Quod
499 1631 529 1684 oi
547 1634 597 1684 aut
615 1629 693 1685 olom.

127 1737 181 1802 45.
203 1735 244 1802 D.
255 1737 309 1822 43,
318 1737 371 1819 24,
384 1740 411 1821 1,
421 1739 451 1805 6.
496 1737 655 1823 Ulpianus
678 1737 763 1804 libro
789 1739 1052 1823 septuagensimo

10 1870 13 1880 ·
58 1824 145 1906 prino
171 1826 212 1891 ad
241 1825 381 1891 edictum
407 1824 457 1912 (P.
473 1824 585 1914 1592).
608 1863 652 1874 -
675 1876 704 1892 ..
733 1828 761 1891 si
787 1827 860 1912 quis
888 1828 975 1892 iactu
1003 1829 1053 1892 vel

59 1913 165 1979 minimi
197 1914 303 1998 lapilli
335 1915 518 1998 prohibitus
549 1918 656 1980 facere
688 1916 908 1998 perseveravit
938 1915 1052 1999 facere,

60 1998 127 2156 hung
156 2024 283 2156 qtuoque
314 2004 348 2068 vi
377 2005 491 2069 fecisse
518 2005 621 2070 videri
648 2005 764 2069 Pedius
793 2009 827 2069 et
853 2003 1053 2088 Pomponius

10 2142 23 2167 Γ
64 2109 109 2154 ⁸⁰¹¹
128 2114 171 2156 ¹¹¹¹
348 2196 393 2251 Do
411 2197 469 2252 ooli
486 2199 554 2250 oculi
572 2195 747 2266 suceptiooc?

13 2305 28 2345 ³
133 2305 185 2370 46.
219 2303 259 2369 Ι).
279 2305 333 2386 44,
350 2306 382 2387 4,
400 2306 432 2386 5,
449 2306 480 2369 4.
530 2306 651 2370 Paulus
683 2306 767 2370 libro
796 2304 1057 2389 septuagensimo

10 2394 29 2473 ξ’·
67 2389 150 2470 pu'no
174 2393 213 2457 od
240 2392 380 2458 edictum
399 2392 449 2479 (P.
461 2392 548 2481 792).
568 2432 609 2440 -
630 2393 664 2459 Si
688 2416 799 2458 servus
823 2394 925 2458 veniit
948 2393 1058 2476 abeo,

10 2487 30 2526 Ξ
69 2479 105 2541 coi
125 2481 186 2546 hoc
214 2481 364 2547 dominus
392 2483 553 2566 permisit,
581 2487 614 2547 et
641 2483 820 2547 redhibitus
847 2483 891 2547 sit
914 2482 1057 2564 domino,

70 2571 157 2651 agenti
187 2570 351 2635 venditori
379 2570 418 2634 de
444 2573 548 2653 pretio
577 2574 722 2654 exceptio
751 2572 926 2656 opponitur
953 2570 1058 2634 redhi-

68 2651 192 2738 bitionis,
229 2660 304 2723 licet
334 2661 400 2723 iam
432 2661 460 2724 is
492 2661 548 2744 qui
580 2659 724 2724 vendidit
755 2659 886 2724 domino
918 2658 1058 2742 pretium

71 2745 191 2831 solverit3
224 2768 300 2812 nam
331 2749 430 2813 etiam
463 2749 580 2814 merois
609 2769 674 2812 non
703 2748 841 2812 traditae
870 2747 1058 2830 exceptione

10 2872 28 2912 ,0
71 2839 267 2900 summovetur
294 2839 328 2900 et
355 2838 410 2921 qui
438 2838 606 2920 pecuniam
636 2838 767 2901 domino
795 2838 860 2900 iam
889 2837 998 2917 solvit,
1026 2840 1058 2900 et

10 2961 27 3002 5
71 2917 123 2988 ideo
142 2925 169 2988 is
192 2924 249 3009 qui
273 2924 418 2990 vendidit
441 2927 510 3010 agit
533 2926 685 2990 adversus
709 2925 881 2991 dominum.
924 2925 1058 2989 eandem

10 3050 27 3089 p
72 3026 175 3077 causam
203 3035 275 3077 esse
302 3013 419 3079 Pedius
448 3015 494 3079 ait
521 3015 603 3095 eius,
632 3015 688 3099 qui
715 3014 881 3099 negotium
909 3018 1058 3078 nostrum

10 3134 26 3178 ξ,
71 3114 160 3178 gerens
183 3100 334 3166 vendidit

238 3275 272 3332 si
288 3278 335 3331 cui
350 3278 416 3346 plus
433 3295 515 3347 quom
530 3295 581 3347 per
599 3279 680 3348 leyem
698 3277 866 3333 Falcidiam.

138 3385 188 3449 47.
215 3383 256 3451 Ι).
274 3385 327 3470 35,
345 3387 375 3462 3,
393 3387 423 3466 3,
442 3389 472 3452 2.
509 3385 669 3472 Ulpianus
692 3387 776 3453 libro
796 3386 1058 3472 septuagensimo

72 3484 138 3536 nono
152 3473 191 3538 ad
205 3474 345 3540 edictum
360 3472 410 3563 (P.
423 3471 548 3562 17151’).
565 3512 604 3523 —
622 3474 704 3541 siin
718 3477 827 3559 plures
842 3477 909 3540 dies
923 3472 1068 3558 pecunia
