2430 3944
133 208 198 274 326
236 209 269 266 V.
288 208 438 264 NERVAE
456 208 504 263 ET
523 207 676 264 TRAIANI
694 209 802 281 TEMP.
820 209 917 266 IURIS
936 209 1119 267 CONSULTI

132 373 324 457 consistere,
352 376 389 436 ut
416 372 497 437 mihi
524 373 639 438 ceteris
667 373 814 458 partibus
843 373 1017 458 redemptis
1046 375 1147 439 etiam

131 465 224 527 tuam
252 465 378 546 partem
404 465 571 547 praestare
599 462 725 528 debeas.
770 462 825 527 sed
851 462 879 526 si
902 463 1031 546 quidem
1057 468 1147 529 certo

133 551 238 633 pretio
258 550 409 616 emendas
424 571 478 615 eas
493 551 722 635 mandaverim,
740 551 989 635 quanticumque
1005 552 1145 617 aliorum

131 643 242 723 partes
265 639 451 721 redemeris,
479 640 525 704 sic
549 643 582 703 et
604 643 662 704 tua
683 661 758 724 pars
782 640 996 725 coartabitur,
1019 644 1146 706 utnon

133 727 276 793 abundet
299 728 443 793 mandati
467 728 694 814 quantitatem,
717 729 750 792 in
774 751 871 812 quam
894 729 956 795 tibi
975 729 1146 794 emendum

132 819 238 882 totum
271 817 436 898 mandavi3
470 816 521 881 sin
554 821 663 882 autem
695 817 784 882 nullo
817 821 906 883 certo
937 819 1041 902 pretio
1070 840 1146 884 con·

132 906 248 970 stitutc
275 927 378 971 emere
402 904 464 970 tibi
486 907 707 971 mandaverim
729 910 829 990 tuque
853 927 892 971 ex
915 907 1050 972 diversis
1075 929 1142 991 pre·

133 993 189 1059 tiis
212 999 322 1079 partes
345 997 527 1060 ceterorum
550 994 736 1077 redemeris,
764 999 798 1059 et
819 998 911 1059 tuam
933 999 1061 1079 partem
1085 996 1146 1060 viri

133 1082 212 1148 boni
237 1084 397 1149 arbitratu
421 1083 592 1148 aestimato
616 1083 721 1168 pretio
745 1083 814 1148 dari
838 1087 974 1171 oportet.

303 1262 354 1327 De
376 1261 539 1326 donatione
561 1262 642 1326 inter
662 1262 765 1327 cirum
786 1266 815 1326 ct
836 1281 970 1326 ramera

221 1376 273 1441 42.
297 1375 338 1442 D.
352 1377 405 1458 24,
420 1377 449 1459 1,
463 1377 515 1442 44.
560 1375 715 1441 Neratius
738 1376 822 1441 libro
848 1377 960 1460 quinto
983 1375 1144 1440 Membra·

129 1485 254 1528 narum.
281 1500 319 1512 -
345 1462 379 1528 Si
407 1469 578 1530 extraneus
605 1486 674 1529 rem
702 1465 763 1530 viri
790 1466 946 1549 ignorans
975 1466 1043 1529 eius
1073 1486 1144 1529 esse

131 1552 298 1636 ignoranti
322 1553 424 1638 uxori,
448 1575 485 1619 ac
508 1575 548 1618 ne
571 1553 642 1617 viro
664 1554 794 1638 quidem
817 1554 937 1619 sciente
961 1575 1032 1618 earn
1052 1575 1144 1618 suam

132 1662 213 1723 esse,
236 1640 413 1725 donaverit,
436 1642 551 1706 mulier
573 1645 659 1706 recte
683 1664 754 1707 eam
777 1641 953 1725 usucapiet.
995 1642 1143 1727 idemque

129 1730 208 1794 iuris
233 1731 307 1812 erit,
335 1731 362 1796 si
384 1731 422 1815 is,
445 1731 500 1815 qui
523 1731 558 1795 in
580 1733 742 1814 potestate
765 1732 827 1797 riri
850 1734 928 1815 erat,
951 1729 1084 1796 credens
1108 1752 1143 1794 se

130 1822 257 1902 patrem
284 1819 426 1884 familias
456 1840 526 1884 esse
554 1819 644 1884 uxori
671 1820 774 1904 patris
802 1818 980 1885 donaverit.
1027 1820 1083 1884 sed
1114 1822 1142 1884 si

129 1907 180 1972 vir
208 1909 353 1973 rescierit
381 1930 473 1973 suam
499 1928 567 1973 rem
596 1928 680 1992 esse,
706 1909 896 1993 priusquam
924 1907 1144 1992 usucapiatur,

40 2008 42 2010 ’
129 1996 354 2080 vindicareque
383 2019 453 2061 eam
479 1997 600 2080 poterit
627 2018 685 2062 nec
711 1998 800 2062 volet
827 2001 860 2061 et
885 1998 947 2062 hoc
970 2001 1003 2061 et
1026 1997 1144 2061 mulier

128 2087 266 2169 noverit,
289 2086 543 2169 interrumpetur
566 2086 736 2171 possessio,
761 2086 836 2170 quia
859 2085 990 2151 transiit
1013 2086 1048 2150 in
1067 2108 1141 2151 cau-

131 2195 201 2239 sam
225 2176 266 2239 ab
290 2196 328 2240 eo
351 2174 457 2239 factae
481 2174 677 2239 donationis.
716 2175 818 2258 ipsius
842 2174 986 2239 mulieris
1006 2175 1143 2239 scientia

50 2280 52 2285 ·
130 2263 264 2347 propius
293 2265 356 2342 est,
385 2266 423 2327 ut
449 2263 575 2327 nullum
604 2262 812 2347 adquisiticni
839 2262 974 2328 dominii
998 2263 1065 2327 eius
1089 2262 1143 2327 ad-

129 2353 216 2416 ferat
242 2351 522 2436 impedimentum
549 2373 615 2416 non
643 2352 728 2415 enim
753 2352 938 2417 omnimodo
962 2373 1079 2417 uxores
1104 2374 1142 2416 ex

129 2439 224 2505 bonis
243 2440 396 2523 virorum,
419 2440 476 2504 sed
496 2461 651 2505 excausa
670 2440 856 2506 donationis
876 2442 916 2506 ab
936 2440 1017 2524 ipsis
1036 2441 1141 2506 factae

130 2529 298 2613 adquirere
321 2529 505 2613 prohibitae
529 2531 614 2593 sunt.

537 2706 587 2771 De
608 2707 736 2772 iniuria.

217 2811 270 2877 43.
295 2810 333 2877 D.
347 2812 400 2893 47,
417 2812 467 2895 10,
481 2813 534 2878 41.
571 2812 724 2878 Neratius
742 2812 827 2877 libro
847 2813 961 2896 quinto
980 2812 1142 2877 Membra-

128 2920 254 2964 narum.
281 2935 317 2946 -
345 2899 449 2983 Pater,
473 2901 562 2966 cuius
586 2901 653 2965 filio
676 2900 764 2965 facta
786 2905 835 2964 est
852 2901 979 2985 iniuria,
1002 2907 1141 2966 nonest

129 2988 362 3071 impediendus,
391 3011 453 3073 quo
481 2991 588 3054 minus
617 2989 741 3055 duobus
769 2989 894 3054 iudiciis
923 2994 956 3054 et
979 3013 1071 3054 suam
1095 2992 1141 3055 in-

130 3076 247 3141 iuriam
270 3083 481 3162 persequatur
504 3083 537 3143 et
560 3078 628 3143 filii.

218 3189 254 3248 ef.
275 3186 339 3248 aar.
355 3191 384 3266 e,
400 3170 472 3248 221.

350 3361 401 3426 Dc
423 3362 611 3443 adquirendo
633 3381 738 3426 rerum
761 3361 921 3427 dominic?
959 3407 962 3412 -

217 3477 271 3542 44.
295 3474 333 3540 D.
347 3476 399 3558 41,
416 3479 444 3560 1,
461 3476 510 3541 14.
555 3474 710 3541 Neratius
733 3476 817 3541 libro
842 3477 954 3561 quinto
978 3478 1140 3543 Membra-

128 3587 252 3630 narum.
278 3601 317 3612 -
344 3563 436 3641 Quod
460 3565 494 3628 in
517 3564 611 3629 litore
635 3565 706 3650 quis
729 3565 954 3651 aedificaverit,
978 3567 1046 3632 eius
1066 3568 1141 3650 erit3
