2430 3944
422 182 447 230 ὅ.
466 173 586 230 TITIUS
605 174 737 230 ARISTO
1021 176 1086 240 379

162 336 211 400 12.
235 335 273 402 Ι).
293 337 370 402 ibid.
389 341 410 418 ξ
426 338 475 403 11.
503 373 542 384 -
568 337 658 403 Vasa
681 360 808 424 quoque
831 340 988 422 penuaria
1009 341 1086 425 quin

65 424 304 508 contineantur,
326 427 416 492 nulla
435 427 594 492 dubitatio
615 432 672 492 est.
711 426 822 492 Aristo
843 431 951 494 autem
971 429 1086 495 scribit

65 512 156 578 dolia
178 536 244 579 non
268 515 437 581 contineri.

441 646 489 706 Dc
510 650 585 706 ceste
607 647 710 720 tepula

159 745 211 811 13.
233 744 273 810 D.
284 747 336 830 34,
351 748 382 829 2,
395 747 448 832 25,
464 747 493 813 l.
529 746 689 831 Ulpianus
707 747 792 812 libro
813 746 1085 832 quadragensimo

65 838 183 918 quarto
212 834 253 899 ad
281 834 438 901 Sabinum
465 835 515 922 (P.
535 832 664 923 291312).
690 871 736 883 -
762 835 875 901 Aristo
903 838 1005 901 etiam
1032 858 1086 902 co·

65 923 178 988 actilia
201 923 284 988 vesti
308 925 419 990 cedere
443 925 491 989 ait
511 928 543 990 et
561 925 742 1010 tegimenta
761 925 989 1009 supselliorum
1008 926 1085 992 huic

62 1012 176 1098 legato
201 1012 320 1078 cedere.
580 1015 583 1019 ’

418 1126 466 1185 Dc
488 1126 603 1186 aucillis
625 1127 733 1201 tepetis.

157 1226 208 1290 14.
237 1225 275 1290 Ι).
296 1227 348 1309 30,
366 1226 409 1292 45
418 1249 466 1312 pr.
511 1227 711 1311 Pomponius
739 1227 822 1292 libro
846 1231 938 1292 sexto
963 1228 1004 1293 ad
1028 1226 1084 1293 Sa·

63 1313 180 1378 binum
208 1310 258 1399 (P.
276 1315 366 1400 498).
397 1352 433 1361 -
466 1313 501 1379 Si
534 1337 553 1379 a
586 1317 762 1381 substituto
794 1315 913 1402 pupilli
945 1317 1083 1382 ancillas

62 1402 126 1467 tibi
148 1403 310 1487 legassem
329 1425 446 1489 easque
465 1408 502 1468 tu
522 1427 541 1469 a
559 1404 684 1490 pupillo
703 1404 836 1470 emissas
857 1408 890 1469 et
908 1409 1083 1491 antequam

63 1491 165 1555 scires
189 1491 252 1556 tibi
274 1493 401 1576 legatas
425 1515 495 1558 esse
519 1492 721 1572 alienaveris,
744 1494 823 1559 utile
845 1494 989 1578 legatum
1010 1516 1082 1560 esse

60 1577 219 1646 Neratius
243 1585 277 1646 et
300 1581 413 1647 Aristo
437 1585 470 1646 et
493 1581 608 1648 Ofilius
631 1583 782 1666 probant.

158 1797 161 1802 -
292 1764 340 1824 Dc
363 1766 552 1824 instrumento
570 1766 731 1838 piscatorio
755 1765 853 1839 lucto.

154 1865 205 1930 15.
235 1863 272 1928 D.
287 1864 339 1945 33,
356 1866 384 1945 7,
401 1866 451 1943 17,
468 1866 495 1929 1.
540 1863 726 1929 Marcianus
755 1864 840 1929 libro
865 1865 1003 1948 septimo
1027 1867 1080 1931 In·

64 1953 271 2018 stitutionum
300 1951 349 2040 (P.
370 1951 458 2037 123).
483 1990 525 2000 -
548 1952 770 2018 Instrumento
798 1953 976 2037 piscatorio
1005 1977 1081 2020 con·

62 2041 160 2106 tineri
178 2043 291 2108 Aristo
316 2043 362 2106 ait
385 2042 558 2125 naucellae,
582 2063 663 2126 quae
686 2042 824 2125 piscium
846 2042 1078 2127 capiendorum

62 2153 162 2196 causa
186 2135 394 2215 comparatae
419 2134 503 2196 sunt.

434 2313 481 2373 Dc
504 2315 595 2388 lepoto
618 2315 712 2374 deiri.

154 2415 204 2480 16.
229 2415 267 2480 D.
283 2416 335 2498 30,
349 2415 391 2479 28
400 2437 447 2500 pr.
487 2413 648 2498 Ulpianus
672 2415 756 2480 libro
779 2436 866 2479 nono
890 2414 1014 2480 decimo
1039 2417 1079 2481 ad

60 2503 220 2570 Sabinum
239 2500 288 2590 (P.
304 2502 416 2587 2597).
431 2540 473 2550 -
491 2502 525 2568 si
545 2503 697 2569 creditori
716 2524 798 2585 meo,
816 2507 905 2568 tutus
926 2504 1080 2571 adversus

59 2615 136 2658 eum
156 2593 354 2678 exceptione,
372 2592 405 2656 id
425 2592 509 2674 quod
529 2593 558 2657 ei
578 2592 678 2657 debeo
698 2592 814 2677 legem,
831 2592 911 2656 utile
933 2594 1079 2678 legatum

58 2685 123 2766 est,
153 2683 231 2767 quia
256 2682 392 2746 remissa
419 2679 492 2765 (ei)
519 2682 664 2764 exceptio
688 2680 830 2763 videtur,
858 2681 942 2747 sicut
965 2684 1078 2749 Aristo

58 2770 109 2835 ait
133 2769 166 2834 id
190 2769 275 2855 quod
298 2770 475 2834 honoraria
498 2771 625 2834 actione
648 2769 730 2834 mihi
749 2769 884 2834 debetur
903 2771 931 2834 si
950 2771 1080 2857 legetur

59 2859 158 2939 mihi,
189 2859 333 2941 legatum
367 2857 487 2940 valere,
520 2858 597 2942 quia
625 2858 728 2924 civilis
757 2857 838 2922 mihi
868 2858 963 2924 datur
992 2862 1077 2927 actio

57 2970 120 3034 pro
144 2947 328 3015 honoraria.

412 3077 460 3135 De
482 3078 569 3151 lopati
588 3078 729 3150 petitione.

154 3179 205 3243 17.
224 3178 263 3242 D.
273 3179 325 3261 30,
335 3178 387 3244 88.
425 3176 608 3242 Marcianus
623 3177 707 3242 libro
723 3181 814 3242 sexto
828 3177 1077 3244 Institutionum

74 3267 109 3332 P.
134 3263 223 3351 104).
247 3303 288 3313 -
312 3316 342 3331 ..
363 3268 389 3331 si
419 3287 484 3330 non
514 3265 595 3330 alias
619 3265 723 3331 voluit
744 3271 838 3348 pater
860 3267 980 3331 habere
1004 3289 1077 3332 eum

74 3377 117 3421 sc.
147 3355 263 3437 filium,
298 3356 351 3420 cui
382 3355 493 3418 heredi
525 3376 585 3437 pro
617 3359 712 3440 parte
743 3353 897 3420 instituto
931 3356 1077 3440 legatum

57 3465 189 3530 quoque
222 3443 368 3529 reliquit)
401 3444 561 3528 legatum,
593 3443 657 3507 nisi
684 3442 898 3508 hereditatem
927 3444 1076 3527 retineat,

56 3537 137 3599 tunc
160 3555 264 3619 neque
285 3532 437 3598 adversus
457 3531 646 3597 coheredem
666 3531 805 3597 dandam
825 3531 854 3595 ei
872 3532 978 3618 legati
993 3531 1083 3614 peti-
