2430 3944
187 210 234 265 IV.
255 210 352 277 QUAE
372 209 540 264 ΒΕΟΕΡΤΔ
560 201 665 279 SUNT,
685 209 927 266 PLACUERUNT
946 210 1022 266 ETC.
1045 213 1108 276 581

92 375 188 439 verbi
207 375 314 459 gratia
332 377 485 455 trecenta,
508 376 616 437 utrum
640 374 761 458 emptio
785 379 818 439 et
836 375 977 440 venditio
1001 375 1045 440 sit
1069 398 1111 439 an

93 464 217 528 locatio
242 468 274 527 et
297 462 489 527 conductio?
519 462 575 526 sed
597 463 704 546 placet
727 485 826 527 uuum
850 485 920 528 essa
942 465 1110 549 negotium

94 558 130 617 et
155 553 259 636 magis
283 553 469 635 emptionen
493 555 525 615 et
548 551 765 616 venditionem
790 573 866 616 esse.

187 639 240 705 35.
264 637 334 705 Gai.
359 641 388 724 3,
413 640 485 705 145.
515 676 557 686 -
586 688 616 704 ..
641 643 668 704 si
697 663 760 724 qua
788 643 894 705 resin
918 645 1111 725 perpetuum

93 731 206 795 locata
220 733 278 812 eat,
293 728 380 814 quod
395 729 503 793 evenit
515 729 549 792 in
563 729 702 813 praediis
718 731 926 814 municipum,
1004 730 1110 814 magis

93 817 221 901 placuit
243 818 438 883 locationem
463 817 762 902 conductionenque
786 840 863 884 esse.
1092 817 1094 822 ’

187 907 239 972 36.
276 904 347 971 Gai.
380 907 409 990 3,
441 907 514 971 146.
541 943 583 953 -
613 955 647 973 ..
681 907 709 970 si
741 907 936 991 gladiatores
970 929 1008 971 ea
1039 908 1111 991 lege

70 1011 72 1015 ·
94 995 158 1059 tibi
175 995 372 1078 tradiderim,
395 996 483 1059 utin
504 995 650 1079 singulos
670 995 727 1080 qui
744 997 862 1081 integri
882 996 1027 1078 exierint,
1050 1018 1110 1078 pro

96 1083 215 1148 sudore
238 1084 362 1148 denarii
376 1083 438 1148 XX
463 1084 724 1170 mihidarentur,
742 1086 776 1149 in
795 1106 849 1150 eos
868 1107 943 1150 vero
964 1085 1111 1169 singulos

96 1172 153 1256 qui
181 1173 279 1237 occisi
307 1176 364 1236 aut
386 1172 547 1237 debilitati
571 1173 705 1257 fuerint,
734 1173 857 1238 denarii
881 1174 988 1259 mille,
1015 1195 1111 1256 quae-

95 1262 190 1344 ritur,
207 1264 315 1326 utrum
335 1263 458 1345 emptio
477 1267 510 1325 et
528 1262 671 1327 venditio
692 1285 734 1327 an
754 1263 872 1328 locatio
892 1268 924 1328 et
940 1262 1111 1327 conductio

96 1349 318 1415 contrahatur.
338 1358 371 1414 et
386 1349 492 1434 magis
507 1351 630 1434 placuit
644 1374 755 1417 eorum
770 1352 825 1436 qui
841 1351 960 1435 integri
975 1351 1112 1415 exierint

95 1438 295 1503 locationem
311 1442 344 1503 et
362 1439 594 1504 conductiouen
610 1443 809 1505 contractam
824 1440 933 1524 videri,
952 1444 986 1504 at
1000 1462 1110 1505 eorum

96 1527 153 1611 qui
182 1527 279 1592 occisi
311 1531 367 1592 aut
399 1527 557 1592 debilitati
586 1533 671 1612 sunt,
704 1531 901 1613 emptionem
940 1534 972 1594 et
1004 1529 1117 1593 vendi·¹

95 1616 219 1680 tionem
242 1637 320 1680 esse.

461 1737 509 1795 De
530 1731 748 1797 commuuione.

186 1846 238 1910 37.
284 1844 322 1910 D.
360 1846 411 1927 10,
444 1847 473 1930 3,
506 1847 535 1929 2,
573 1849 600 1913 1.
645 1846 746 1912 Gaius
782 1848 866 1912 libro
900 1849 1038 1933 septimo
1072 1849 1112 1913 ad

96 1935 239 1999 edietum
265 1934 472 2018 provinciale.
505 1971 542 1980 —
575 1934 615 1999 In
642 1937 747 2001 tribus
776 1936 957 2020 duplicibus
985 1936 1112 2000 iudiciis
1211 1963 1214 1970 ¹

96 2023 241 2087 familiae
272 2023 487 2104 erciscundae,
511 2024 673 2088 communi
701 2022 887 2108 dividundo,
918 2024 1031 2088 finium
1064 2047 1112 2088 re-

97 2111 281 2196 gundorum
305 2115 479 2196 quaeritur,
504 2114 575 2198 quis
600 2116 691 2178 aetor
713 2115 931 2199 intellegatur,
954 2114 1031 2199 quia
1053 2135 1112 2194 par

67 2265 71 2271 ,
97 2222 197 2264 causa
221 2201 364 2264 omnium
388 2201 524 2267 videtur.
560 2202 615 2266 sed
638 2204 743 2286 magis
766 2203 890 2288 placuit
914 2225 986 2267 eum
1011 2202 1113 2267 videri

99 2294 252 2373 actorem,
277 2291 332 2374 qui
356 2289 397 2354 ad
419 2290 574 2355 iudicium
597 2297 814 2375 provocasset.

187 2402 224 2462 ef.
246 2401 283 2460 D.
308 2403 337 2481 5,
363 2406 390 2479 1,
416 2404 467 2493 13.

463 2566 513 2632 De
535 2569 604 2632 iure
625 2570 752 2633 dotium.

188 2680 240 2746 ee.
272 2682 311 2745 u.
345 2681 397 2759 24,
425 2683 455 2764 a,
483 2661 513 2765 a,
542 2684 571 2748 a.
618 2682 718 2747 carus
750 2683 837 2747 uero
869 2682 1038 2747 undecimo
1071 2655 1136 2746 ae

97 2770 238 2835 edictum
260 2769 468 2853 provinciale.
494 2807 532 2818 -
556 2771 595 2835 In
620 2771 827 2855 sponsalibus
851 2821 880 2836 ..
904 2771 1112 2836 discutiendis

96 2859 220 2943 placuit
242 2859 514 2924 renuntiationem
539 2860 733 2925 intervenire
757 2864 916 2943 oportere,
940 2860 974 2923 in
996 2882 1059 2944 qua
1077 2881 1112 2923 re

96 2948 177 3012 haee
201 2949 300 3025 verba
324 2947 462 3031 probata
485 2953 574 3012 sunt:
599 2948 784 3014 condicione
807 2953 864 3013 tua
887 2971 953 3014 non
975 2953 1057 3013 utor.

187 3035 240 3101 39.
264 3034 334 3101 Gai.
360 3037 394 3120 1,
418 3036 534 3120 146sq.
566 3074 604 3084 —
634 3035 816 3121 Nepotibus
840 3037 1112 3120 ..neptibusque

95 3127 143 3189 ita
166 3124 294 3189 demum
318 3146 490 3210 possumus
514 3130 710 3191 testamento
734 3131 858 3191 tutores
882 3126 967 3209 dare,
991 3126 1113 3209 sipost

96 3218 237 3278 mortem
261 3217 407 3278 nostram
431 3214 466 3277 in
482 3216 586 3297 patris
611 3216 660 3278 sui
683 3218 879 3299 potestatem
905 3215 1000 3294 [iure]
1024 3235 1112 3278 reca-

96 3303 165 3368 suri
197 3323 263 3366 non
296 3303 392 3367 sint.
413 3352 420 3366 .
441 3352 447 3366 .
471 3324 543 3366 cum
576 3307 685 3368 tamen
717 3305 751 3368 iu
783 3301 1004 3387 compluribus
1038 3302 1111 3366 eliis

96 3391 206 3457 causis
235 3392 380 3474 postumi
408 3409 479 3475 pro*
495 3391 559 3455 iem
589 3393 676 3456 natis
704 3393 897 3476 habeantur,
929 3395 961 3454 et
988 3391 1022 3454 in
1050 3390 1111 3455 hae

95 3502 196 3546 causa
230 3480 353 3562 placuit
386 3502 452 3544 non
482 3481 588 3545 miuus
617 3482 775 3565 postumia
803 3502 899 3565 quam
929 3480 995 3544 iam
1025 3481 1111 3544 uatis

95 3571 295 3636 testamento
324 3572 448 3634 tutores
478 3569 548 3634 dari
574 3592 683 3655 posse,
712 3571 739 3634 si
766 3569 861 3634 modo
889 3568 932 3642 in¹
952 3590 992 3632 ea
1015 3590 1121 3631 causo.
