2430 3944
99 185 191 241 XXIV
292 225 295 232 ·

101 354 339 416 Cordubensium
379 353 412 412 in
454 351 664 412 contrahendis
706 350 820 429 nuptiis
859 347 968 427 more¹,
1010 373 1125 430 parum

99 445 191 504 utiles
215 443 294 503 duxi.

189 533 326 610 Denique
351 551 369 590 a
391 550 424 591 re
446 531 604 607 proposita
627 549 685 588 nou
710 530 844 588 alienum
867 548 932 590 esse
957 532 1065 607 putavi
1089 535 1127 593 61

99 641 204 682 eorum
218 621 373 694 librorum,
388 639 516 696 quorum
531 618 653 678 nomina
667 622 787 678 tantum
803 624 915 693 extant,
930 623 1126 698 argumenta,¹

99 713 248 787 quantum
272 710 337 769 fieri
360 710 478 787 liceret,
507 710 678 768 coniectura
702 708 825 767 definire
849 699 1002 789 (exempla
1025 704 1128 770 habes*

98 801 204 875 Ip.3
230 804 261 859 et
284 821 311 876 p.
333 800 410 875 3643
436 798 478 875 II,
500 800 516 856 1
537 818 565 872 p.
583 791 662 876 364)
696 799 727 856 et
755 798 878 855 Masurii
907 797 1011 857 Sabini
1042 798 1127 867 iuris¹

99 888 195 949 civilis
225 889 318 947 libros
342 879 401 968 (ΙΙ,
427 889 443 945 1
469 906 498 962 p.
524 888 587 946 383
597 878 688 965 sqq.),
717 905 792 962 quos
820 905 916 964 usque
943 887 982 945 ad
1014 886 1121 948 Severi

99 981 231 1037 aetatem
260 995 393 1034 summae
418 975 609 1034 auctoritatis
633 975 726 1034 fuisse
749 983 888 1052 apparet,
912 976 1001 1035 hodie
1024 977 1125 1035 maxi⁸¹

98 1086 178 1125 mam
198 1069 316 1141 partem
330 1064 500 1140 deperditos
521 1084 556 1123 ex
576 1063 632 1123 Gai
645 1064 876 1123 Institutionum
895 1066 1121 1125 commentariis

99 1154 281 1230 Ulpiauique
306 1154 489 1231 Regularum
516 1155 592 1212 libro
617 1153 765 1230 singulari
787 1172 848 1212 non
871 1155 934 1212 tam
957 1154 1121 1213 restituere

99 1263 189 1320 quam
217 1243 319 1319 potius
348 1261 384 1301 ea
407 1242 506 1318 capita
529 1261 605 1319 quae
629 1243 869 1317 praetermittere
894 1242 1004 1301 Sabino
1032 1245 1121 1304 nullo

98 1331 187 1391 modo
212 1332 305 1407 licuit,
329 1331 460 1390 indicare
485 1332 575 1406 atque
599 1330 777 1408 fragmentis
797 1331 924 1390 servatis
943 1319 1136 1406 adiungere.²

186 1420 232 1479 De
264 1421 410 1479 librorum
442 1419 604 1498 generibus
635 1420 684 1480 vel
717 1420 753 1478 de
784 1420 869 1480 vario
902 1421 983 1496 quod
1015 1422 1121 1481 dicunt

98 1511 262 1584 systemate
287 1509 433 1568 disserere
457 1528 517 1568 non
539 1508 646 1584 putavi
669 1501 760 1567 huius
784 1509 842 1568 loci
866 1527 939 1568 esse.
982 1510 1033 1568 sed
1057 1510 1120 1568 iarn

98 1599 272 1657 summatim
292 1599 484 1656 statuendum
503 1602 558 1669 est,
581 1597 701 1673 quinam
721 1594 845 1656 illorum
863 1598 1019 1675 librorum,
1043 1617 1118 1675 quo·

56 1678 58 1683 ⁸
97 1706 164 1744 rum
188 1688 358 1762 fragmenta
380 1687 411 1744 in
434 1686 490 1746 hae
509 1686 683 1745 collectione
702 1687 858 1763 proposita
877 1689 956 1759 suut,
979 1687 1012 1744 in
1029 1687 1128 1747 novis¹

98 1776 232 1852 Digestis
267 1775 477 1850 componendis
509 1774 690 1834 Tribouiauo
726 1775 838 1852 integri
869 1778 991 1851 praesto
1024 1776 1125 1836 fuisse.

97 1865 267 1924 videantur.
318 1869 408 1940 atque
437 1864 522 1923 libris
550 1864 663 1923 liberae
685 1863 730 1922 rei
752 1864 890 1939 publicae
914 1867 1015 1924 aetate
1038 1883 1119 1924 com·

98 1954 205 2028 positis
241 1954 327 2011 illum
358 1953 538 2012 abstinuisse
568 1953 657 2012 facile
688 1956 827 2029 apparet,
862 1953 933 2012 licet
964 1952 997 2023 Q.
1025 1953 1127 2013 Mucii

99 2041 262 2102 Scaevolae
279 2061 389 2101 nomen
407 2042 439 2100 in
457 2042 554 2101 indice
569 2042 743 2101 Florentino
761 2042 882 2119 legatur
897 2038 947 2115 (cf.
962 2042 977 2098 I
991 2064 1019 2118 p.
1037 2040 1118 2122 103)

98 2136 129 2191 et
152 2133 300 2192 nonnulla
322 2132 392 2189 libri
416 2129 495 2211 ὅρων
518 2132 690 2206 fragmenta
709 2131 808 2190 Mucio
831 2131 951 2189 nomine
970 2130 1119 2206 insignita

97 2221 130 2279 in
148 2221 275 2297 Digesta
293 2226 414 2296 recepta
431 2215 482 2299 (cf.
501 2219 517 2277 I
534 2241 563 2295 p.
585 2212 673 2301 104),
692 2225 849 2294 praeterea
868 2220 926 2279 duo
945 2220 1120 2295 fragmenta

98 2309 179 2367 Aelii
203 2308 281 2368 Galli
310 2309 430 2367 nomine
453 2308 599 2383 inscripta
621 2309 711 2366 titulo
736 2309 772 2366 de
794 2310 954 2368 verborum
978 2327 1055 2383 quae
1079 2308 1119 2368 ad

97 2398 145 2455 ius
165 2398 317 2472 pertinent
336 2395 554 2472 significatione
573 2399 687 2455 inserta
701 2397 762 2455 sint
776 2387 819 2477 (p.
835 2400 909 2457 247.
926 2400 1013 2472 252),
1033 2398 1117 2456 deni·

98 2505 157 2563 que
176 2487 308 2560 plurima
325 2485 495 2559 fragmenta
508 2484 611 2544 Alfeni
625 2485 700 2544 Vari
718 2506 826 2545 nomeu
845 2506 917 2562 prae
936 2505 967 2546 se
986 2482 1128 2546 ferentia.-

50 2576 54 2579 ’
97 2594 151 2650 per
174 2575 274 2633 varios
291 2574 487 2648 Digestorum
510 2575 602 2634 libros
628 2574 763 2649 dispersa
785 2576 927 2652 legantur
948 2569 977 2654 (I
995 2596 1024 2650 p.
1040 2577 1129 2635 292.

98 2665 171 2723 293.
194 2666 265 2721 296.
287 2665 360 2723 300.
386 2665 458 2722 301.
478 2664 552 2723 302.
574 2666 645 2723 303.
668 2665 740 2725 305.
761 2665 833 2723 306.
854 2666 927 2724 307.
949 2666 1020 2723 308.
1041 2667 1128 2726 31ομ

98 2754 172 2811 311.
193 2754 266 2811 312.
288 2754 359 2810 314.
381 2754 453 2811 315.
474 2753 548 2811 316.
568 2755 642 2812 320.
664 2755 736 2812 321.
757 2755 830 2812 322.
854 2756 926 2812 323.
947 2755 1021 2812 324.
1041 2753 1117 2813 325.

98 2843 160 2900 327
166 2886 173 2900 .
192 2834 287 2920 328)
310 2860 342 2898 re
364 2859 437 2900 vera
457 2839 490 2910 Q.
510 2841 602 2900 Mucii
622 2841 797 2915 sententiae,
821 2847 856 2901 ut
877 2841 1010 2901 conicere
1030 2842 1116 2918 lieet,

97 2949 133 2988 ex
156 2929 313 3003 Pomponii
332 2921 419 3011 (err
438 2950 466 3005 p.
487 2922 553 3010 59),
572 2930 652 2988 Aelii
673 2930 761 3006 Galli,
785 2935 820 2988 ut
838 2931 965 3007 videtur,
988 2949 1024 2988 ex
1048 2929 1118 2989 Gaii

97 3018 183 3076 libris
214 3009 265 3098 (cf.
289 3017 304 3074 Ι
328 3039 355 3094 p.
377 3011 469 3100 246),
502 3019 605 3077 Alfeni
633 3019 707 3078 Vari
740 3021 802 3078 sine
838 3020 929 3080 dubio
962 3039 998 3078 ex
1026 3019 1128 3081 Pauli.

97 3107 231 3182 epitoma
253 3107 367 3183 petitae
391 3112 461 3166 sunt
485 3098 536 3188 (cf.
560 3108 576 3166 I
596 3110 658 3168 289
684 3111 714 3167 et
737 3129 765 3184 p.
785 3110 848 3168 329
874 3103 1012 3167 ‘Alfenus
1036 3109 1117 3168 libro

97 3196 193 3270 primo
227 3190 505 3275 epitomarum’).
556 3197 658 3274 itaque
686 3197 832 3256 librorum
862 3199 900 3256 ed
931 3198 1042 3256 liberae
1071 3198 1127 3256 rei

96 3285 233 3359 publicae
253 3288 383 3344 aetatem
402 3286 617 3362 pertinentium
637 3287 807 3364 fragmenta
822 3287 982 3345 maximam
997 3290 1117 3362 partem

96 3373 184 3432 Pauli
215 3375 265 3433 vel
292 3373 416 3450 Ulpiani
447 3375 548 3434 librisv
566 3375 726 3453 debentur,
760 3394 835 3453 quos
863 3395 924 3435 non
955 3376 1043 3435 modo
1077 3375 1117 3435 ad

169 3567 195 3617 1.
216 3559 256 3617 cf.
275 3563 384 3617 Puchta
401 3562 491 3618 instit.
511 3562 537 3615 Π
556 3567 571 3628 ξ
591 3566 642 3618 289
657 3581 683 3618 n.
699 3562 718 3617 f.
