2430 3944
52 422 55 487 Ι

322 190 346 239 8.
370 181 599 240 neoterius
618 183 745 238 NERVA
764 183 800 242 M.
816 186 845 240 F.
1075 189 1095 252 7

173 353 248 424 Quae
269 352 387 424 inclusi,
410 351 533 412 Pernioe
556 351 690 412 eicienda
711 353 819 413 merito
843 357 953 414 censet.

172 443 204 502 of.
217 441 278 503 Gai.
295 443 324 520 2,
340 444 391 502 67.

172 553 198 617 6.
219 551 257 617 D.
266 551 343 617 ibid.
355 554 375 632 ξ
388 552 439 616 14.
454 587 496 597 -
510 549 593 616 Item
612 551 699 615 feras
716 550 846 633 bestias,
866 572 946 636 quas
960 552 1095 620 vivariis

103 639 314 726 incluserimus,
343 644 376 705 et
403 641 523 726 pisces,
550 661 631 725 quos
655 639 689 704 in
710 638 853 722 piscinas
877 641 1095 726 coiecerimus‚

102 730 216 795 anobis
238 729 407 814 possideri.
449 728 504 794 sed
529 750 583 793 eos
607 727 721 812 pisces,
745 727 858 812 quiin
882 732 999 814 stagno
1019 731 1095 814 sint,

51 860 53 867 ·
100 823 146 883 aut
160 818 246 902 feras,
267 840 349 902 quae
368 819 402 882 in
422 816 510 882 silvis
530 816 752 899 circumseptis
772 821 943 901 vagantur,
963 820 1095 884 anobis

100 927 152 972 non
163 906 324 991 possideri,
338 907 494 992 quoniam
507 905 640 971 relictae
654 906 720 970 sint
735 907 769 969 in
778 904 930 970 libertate
940 908 1096 993 naturali3

100 996 224 1080 alioquin
242 995 340 1061 etiam
360 997 388 1060 si
408 995 480 1081 quis
500 995 616 1061 silvam
634 994 758 1078 emerit,
776 993 879 1060 videri
892 1016 967 1059 eum
982 1017 1097 1061 omnes

99 1082 167 1149 ieras
186 1084 358 1168 possidere.

172 1196 204 1257 cf.
219 1195 282 1256 Gai.
299 1199 327 1270 2,
343 1198 394 1256 68.

173 1308 201 1372 7.
225 1306 265 1372 D.
277 1305 354 1371 ibid.
369 1308 390 1386 ἓ
406 1307 446 1370 17
471 1328 500 1371 v.
525 1326 623 1389 supra
645 1327 677 1388 p.
691 1304 723 1370 5.

173 1395 200 1459 8.
229 1394 269 1459 D.
286 1396 340 1478 41,
359 1396 389 1479 2,
407 1395 461 1459 47.
491 1409 532 1440 -·
560 1392 650 1458 Idem
683 1392 742 1476 (so.
765 1390 979 1479 Papinianus)
1012 1394 1096 1459 libro

100 1481 254 1548 noensimo
291 1487 384 1548 sexto
413 1482 646 1560 Quaestionum
681 1479 731 1569 (P.
756 1480 844 1569 319).
880 1519 917 1529 -
955 1480 991 1548 Si
1027 1504 1098 1547 rem

100 1570 232 1636 mobilem
263 1572 347 1656 apud
380 1575 411 1637 te
441 1571 623 1655 depositam
652 1573 710 1635 aut
737 1592 776 1635 ex
804 1569 1008 1636 commodato
1036 1572 1097 1637 tibi

100 1657 312 1745 (permissam)
357 1660 523 1746 possidere
567 1680 670 1744 neque
711 1659 843 1725 reddere
881 1660 1098 1744 constitueris,

101 1747 251 1814 confestim
283 1749 431 1815 amisisse
464 1769 515 1814 me
544 1749 785 1834 possessionem
812 1750 863 1815 vel
891 1749 1097 1834 ignorantem

101 1856 268 1920 responsum
293 1842 351 1903 est.
391 1839 481 1903 cuius
504 1840 552 1902 rei
574 1836 714 1903 forsitan
738 1837 796 1902 illa
819 1837 904 1904 ratio
928 1838 1095 1922 estquod

103 1944 190 1990 rerum
203 1926 369 1993 mobilium
381 1927 530 2011 neglecta
540 1929 636 2009 atque
647 1925 769 1991 omissa
779 1926 935 2009 custodia,
950 1926 1098 2010 quamvis

103 2033 147 2077 eas
166 2037 253 2080 nemo
278 2015 362 2080 alius
385 2015 551 2098 invaserit,
574 2015 692 2079 veteris
710 2015 925 2098 possessionis
945 2015 1097 2078 damnum

104 2101 208 2168 adferre
240 2105 425 2186 consuevit,
457 2103 553 2187 idque
576 2102 688 2168 Nerva
719 2103 807 2167 filius
835 2102 928 2167 libris
957 2102 996 2164 de
1024 2125 1098 2165 usu·

103 2191 273 2273 sopionibus
301 2193 435 2258 rettulit
484 2192 571 2257 idem
599 2192 713 2257 scribit
741 2191 840 2256 aliam
868 2212 999 2255 causam
1028 2211 1098 2255 esse

100 2276 222 2346 hominis
242 2281 439 2346 commodati
454 2281 575 2345 omissa
588 2280 750 2363 eustodia3
769 2302 845 2344 nam
859 2278 1098 2362 possessionem

100 2368 204 2434 tamdiu
235 2372 380 2435 veterem
411 2368 566 2453 retineri¹‚
599 2368 752 2454 quamdiu
784 2390 880 2434 nemo
914 2367 996 2432 alius
1025 2390 1098 2432 eum

99 2457 245 2536 possidere
278 2459 422 2543 eoeperit
454 2458 616 2539 [videlicet
643 2458 729 2542 ideo,
761 2458 836 2541 quia
863 2460 973 2542 potest
1000 2457 1098 2522 homo

99 2546 249 2630 proposito
265 2546 419 2612 redeundi
434 2547 565 2611 domino
579 2547 818 2631 possessionem
834 2547 884 2610 sui
899 2567 1098 2624 conservare,

98 2634 173 2698 ouius
191 2657 324 2719 corpore
344 2639 467 2701 ceteras
487 2657 613 2720 quoque
632 2657 683 2699 res
703 2656 875 2719 possumus
894 2634 1058 2719 possidere
1066 2634 1097 2716 t]

460 2817 516 2877 III.
549 2862 601 2878 ...
625 2817 721 2877 libri.

169 2932 254 2994 Alios
274 2952 401 3011 quorum
419 2933 456 2993 de
475 2937 652 3012 argumento
671 2932 747 2991 nihil
760 2935 847 3010 patet
859 2932 952 2992 libros
966 2932 1099 2992 Nervam

94 3022 283 3098 composuisse
306 3022 423 3099 reliqua
446 3022 619 3100 fragmenta
640 3022 783 3081 indicant.

498 3176 549 3241 De
571 3176 685 3259 leuatis.

171 3304 200 3367 1.
223 3300 446 3385 D.7,1‚13,7.
488 3299 579 3365 Idem
603 3296 661 3385 (so.
681 3296 854 3386 Ulpianus)
878 3300 961 3364 libro
985 3303 1098 3364 octavo

88 3387 205 3455 decimo
234 3389 275 3454 ad
300 3388 456 3454 Sabinum
482 3385 532 3475 (P.
547 3385 660 3474 2582).
687 3424 725 3434 —
751 3437 781 3453 ..
811 3387 839 3452 si
867 3389 993 3453 aedium
1021 3408 1099 3450 usus

152 3561 166 3609 1
188 3555 235 3611 Fe.
255 3556 324 3613 ficri.
