2430 3944
97 159 161 225 386
199 159 231 215 v.
251 157 401 214 uauvna
419 157 466 214 ar
483 157 634 214 ruamur
651 157 758 214 rnur.
775 158 873 215 roais
893 136 1083 215 consumi

97 324 131 388 in
160 321 227 387 acie
256 321 426 386 dumtaxat
452 321 591 386 amissus
620 344 661 386 an
688 325 834 405 tempore
862 322 940 387 belli
969 323 1106 388 amissus

96 411 222 497 prosit?
268 410 380 475 Aristo
404 409 438 474 in
461 409 529 475 acie
553 410 707 474 amissum
732 410 908 475 dumtaxat.

185 522 333 600 Ulpianus
357 521 455 581 addit:
479 514 546 600 ‘ego
569 525 643 598 puto
665 541 720 599 per
737 524 856 598 tempus
875 523 947 581 belli
966 522 1107 583 amissum

97 611 205 671 debere
237 611 391 689 prodesse,
422 630 460 670 ne
494 609 615 686 publiea
647 614 763 687 strages
791 611 872 686 patri
898 605 1027 672 noceat'.
1078 615 1107 671 at

96 701 176 760 idern
191 699 340 776 Ulpianus
358 698 436 759 libro
454 698 673 763 vicensimoad
690 700 790 775 legem
808 699 968 760 Iuliam-et
984 700 1108 776 Papiam

97 782 147 872 (D.
165 791 215 867 27,
233 792 260 865 1,
277 783 333 868 18)
347 787 520 847 Aristonem
540 789 687 865 sequitur:
708 783 797 848 ‘bello
817 788 920 848 amissi
939 790 976 848 ad
995 790 1108 849 tutelae

96 879 318 938 excusationem
350 879 485 953 prosunt.
536 877 706 953 quaesitum
738 879 785 936 est
812 879 925 950 autem,
959 879 1012 954 qui
1041 881 1109 938 sunt

95 967 156 1043 isti,
180 969 282 1026 utrum
305 965 337 1024 hi
360 966 411 1042 qui
433 965 465 1023 in
483 965 547 1024 acie
566 968 636 1025 sunt
653 965 835 1043 interempti,
859 985 897 1025 an
915 986 987 1026 vero
1007 985 1107 1027 omnes

96 1056 225 1132 omnino,
249 1055 300 1131 qui
323 1073 376 1130 per
399 1072 522 1114 oausam
544 1055 617 1113 belli
639 1054 812 1129 parentibus
836 1058 907 1114 sunt
925 1055 1107 1131 abrepti...

96 1144 204 1203 melius
227 1144 323 1221 igitur
344 1143 521 1220 probabitur
543 1161 594 1202 eos
618 1143 696 1202 solos
720 1143 820 1218 quiin
839 1144 901 1203 acie
920 1145 1108 1219 amittuntur,

95 1232 236 1309 prodesse
260 1231 367 1291 debere
382 1277 388 1290 .
405 1278 411 1291 .
427 1225 446 1290 .’

184 1334 236 1400 39.
259 1332 299 1398 D.
318 1334 370 1415 26,
389 1333 464 1415 9,1.
503 1333 701 1416 Pomponius
724 1333 808 1398 libro
827 1334 1004 1399 vicensimo
1024 1357 1107 1400 nono

96 1423 136 1488 ad
156 1422 309 1488 Sabinum
330 1421 379 1506 (P.
396 1418 483 1508 741).
504 1457 541 1468 -
568 1420 618 1486 Ob
637 1423 747 1487 dolum
766 1423 888 1488 malum
906 1424 958 1488 uel
979 1425 1105 1509 culpam

95 1512 214 1576 tutoris
225 1511 337 1576 Aristo
352 1511 399 1575 ait
412 1509 571 1594 pupillum
586 1533 805 1594 possessorem
821 1512 1107 1578 condemnandum.

468 1687 518 1752 De
540 1690 735 1754 card-idione.

183 1795 236 1859 40.
259 1794 297 1860 D.
314 1796 366 1879 12,
383 1797 412 1879 1,
426 1796 456 1873 9,
471 1795 501 1860 8.
537 1793 698 1878 Ulpianus
716 1795 801 1860 libro
821 1795 997 1861 vicensimo
1018 1801 1106 1861 sexto

96 1883 135 1948 ad
159 1883 297 1949 edictum
321 1883 369 1964 (P.
386 1879 474 1970 769).
499 1919 540 1929 —
565 1882 600 1948 Si
622 1906 771 1949 nummos
793 1905 882 1948 meos
902 1890 959 1949 tuo
979 1886 1107 1950 nornine

95 1971 209 2037 dedero
247 1973 336 2037 velut
369 1975 444 2037 tuos
478 1972 611 2036 absente
643 1976 676 2036 te
709 1977 742 2037 et
771 1973 959 2058 ignorante,
997 1976 1108 2040 Aristo

95 2061 208 2125 scribit
232 2061 359 2145 adquiri
382 2061 453 2126 tibi'
467 2061 713 2126 condictionem.

186 2173 358 2248 Sequuntur
384 2173 471 2232 haec:
500 2165 647 2232 ‘Iulianus
670 2193 787 2250 quoque
808 2173 984 2233 ...scribit
1007 2194 1108 2235 veram

96 2280 160 2322 esse
183 2261 335 2320 Aristonis
359 2255 560 2320 sententiam'.
601 2263 717 2339 reliqua
740 2282 758 2321 a
781 2262 965 2323 Triboniano
989 2267 1108 2323 mutata

96 2353 174 2410 sunt.
210 2349 247 2411 cf.
266 2350 388 2409 Pernice
411 2350 457 2409 III
478 2352 540 2409 222
564 2370 592 2410 n.
608 2352 636 2410 4.

381 2521 431 2587 De
452 2522 612 2588 rabaam
635 2523 823 2606 oble'patiooc.

183 2628 236 2694 41.
259 2627 298 2694 D.
312 2630 366 2712 46,
380 2631 410 2714 3,
427 2630 477 2695 16.
519 2628 717 2712 Pomponius
740 2630 823 2694 libro
849 2629 1106 2713 quintodecimo

97 2717 136 2782 ad
161 2716 315 2782 Sabinum
340 2717 389 2802 (P.
409 2716 512 2800 eceb).
539 2753 575 2765 -
603 2717 669 2782 sub
698 2717 884 2783 condicione
913 2718 1054 2784 debitori
1081 2719 1105 2784 si

96 2811 263 2891 acceptum
281 2806 413 2890 feratur,
435 2810 550 2890 postea
568 2807 755 2871 condicione
774 2807 930 2870 existente
948 2807 1104 2892 intellegi·

95 2899 149 2959 tur
169 2896 234 2959 iam
254 2896 331 2960 olim
351 2895 515 2960 liberatus.
552 2898 584 2959 et
602 2895 664 2960 hoc
684 2896 782 2960 etiam
802 2895 831 2960 si
849 2896 969 2961 solutio
989 2919 1023 2961 re
1042 2898 1105 2980 fiat,

96 2985 238 3049 accidere
266 2985 378 3050 Aristo
407 2984 542 3049 dicebat.
593 2984 723 3067 scripsit
751 2985 850 3067 enim,
883 2984 911 3048 si
939 2985 1026 3069 quis,
1054 2985 1104 3070 qui

97 3074 156 3137 sub
180 3073 367 3138 condicione
390 3073 557 3156 pecuniam
581 3073 741 3157 promisit,
764 3073 852 3137 dedit
875 3095 945 3137 eam
971 3096 1010 3138 ea
1033 3096 1102 3139 con-

96 3162 230 3247 dicione,
253 3165 299 3245 ut,
322 3161 349 3225 si
374 3161 518 3226 condicio
543 3161 730 3245 exstitisset,
754 3162 951 3226 insolutum
972 3163 1101 3239 cederet,

96 3251 254 3315 existente
285 3249 470 3315 condicione
498 3249 629 3313 liberari
658 3272 730 3314 eum
758 3272 818 3315 nec
846 3251 990 3336 obstare,
1023 3249 1101 3335 quod

96 3343 171 3404 ante
196 3339 264 3403 eius
288 3338 423 3422 pecunia
446 3338 534 3402 facta
557 3342 606 3403 est
623 3337 696 3423 <cui
715 3339 803 3403 dedit
822 3361 919 3424 quam
939 3340 1102 3405 deberetur

96 3429 136 3510 ei3
161 3450 236 3492 nam
261 3448 299 3491 ex
321 3428 483 3511 postfacto
507 3428 696 3492 creditorem
722 3449 793 3492 eum
816 3429 965 3515 intellegi
984 3430 1047 3495 iam
1068 3447 1100 3491 eo

95 3520 253 3601 tempore,
277 3537 340 3600 quo
364 3516 500 3601 pecunia
522 3516 589 3580 eius
613 3516 701 3581 facta
725 3517 802 3602 est).
