2430 3944
94 171 161 237 538
463 166 744 221 Annrrnnnum.

467 327 511 382 Dc
529 329 612 398 lopati
629 329 743 383 actione.

187 439 239 503 32.
267 437 306 502 D.
325 439 381 519 30,
400 438 451 503 87.
496 435 694 519 Papinianus
726 437 810 500 libro
844 440 962 502 octavo
991 437 1103 503 decimo

94 528 342 605 Quaestionum.
366 527 515 591 —Filio
542 529 636 608 pater
664 548 758 609 quem
786 525 821 589 in
850 529 1016 608 potestate
1042 528 1103 591 reti·

96 619 178 700 nuit,
202 615 315 679 heredi
337 637 397 698 pro
418 620 512 697 parte
530 613 681 678 instituto
705 614 850 699 legatum
870 636 1002 698 quoque
1020 616 1102 680 relin-

97 707 177 790 quit.
224 753 259 769 ..
283 705 444 768 sententia
459 708 522 768 'est
550 703 805 766 existimantium
833 703 1057 789 denegandam
1078 705 1101 768 ci

96 794 196 879 legati
219 793 426 877 petitionem,
450 792 478 855 si
501 792 603 875 patris
628 791 823 856 abstinuerit
846 791 1036 858 hereditate.

187 881 252 947 33?
268 879 306 944 D.
322 882 374 963 37,
389 880 480 962 5,18.
508 880 681 944 Africanus
700 880 784 944 libro
805 884 923 964 quarto
944 881 1099 958 Quaestio

96 994 245 1035 num.—
204 967 377 1052 —Nepos
401 968 456 1052 qui
479 969 513 1032 in
536 990 579 1052 po
581 973 701 1033 testate
724 969 846 1032 mansit
870 974 905 1033 et
926 969 1015 1035 filius
1038 992 1100 1034 suus

96 1059 231 1124 heredes
266 1057 359 1122 instit
345 1057 410 1121 tuti
438 1060 528 1140 sunt3
560 1067 672 1139 nepoti
660 1057 787 1138 itlega
787 1079 843 1121 um
872 1057 972 1122 dedit
1022 1066 1101 1143 pater

97 1148 165 1212 cius
194 1146 415 1229 emancipatus
439 1147 523 1228 petit
545 1146 704 1210 bonorum
727 1147 985 1230 possessionem3
1013 1168 1100 1230 nepos

96 1237 206 1320 legato
236 1239 312 1300 cont
298 1238 406 1298 tentus
435 1233 710 1386 estquidam
701 1256 735 1297 ιιι
758 1256 831 1298 eum
856 1235 979 1319 solum,
1003 1235 1100 1320 quiin

96 1329 227 1409 potesta
208 1325 365 1388 atteesse
367 1323 492 1407 ‚t'lega
485 1346 495 1386 ι
514 1345 552 1388 ac
553 1323 674 1388 tionem
692 1324 806 1405 nepoti
826 1323 968 1388 dandam
983 1345 1100 1407 respon

96 1414 222 1495 derunt,
246 1412 322 1496 quia
345 1411 375 1474 ei
396 1410 480 1475 nihil
505 1411 630 1475 auferat
616 1416 670 1475 tur
693 1416 725 1474 et
746 1412 969 1494 emancipatus
988 1417 1101 1498 partem

94 1501 156 1565 filii
175 1501 225 1566 sui
245 1503 388 1582 occupet,
402 1501 435 1563 in
451 1522 514 1584 qua
529 1522 610 1564 onus
624 1501 808 1585 legatorum
828 1523 896 1564 non
914 1502 1101 1566 consisteret

185 1595 403 1672 Fragmentum
426 1593 459 1652 in
481 1594 706 1670 Responsorum
729 1594 827 1669 capite
852 1594 1001 1654 omissum
1024 1600 1072 1654 est

187 1677 252 1742 34?
280 1675 319 1740 D.
334 1678 391 1761 34,
405 1677 440 1760 9,
454 1677 488 1758 5,
505 1680 555 1742 11.
597 1676 718 1741 Paulus
742 1677 826 1743 libro
850 1677 958 1761 primo
985 1679 1024 1743 de
1044 1679 1101 1743 iure

96 1767 176 1830 fisci.
196 1803 239 1814 —
264 1764 346 1830 Sunt
375 1766 429 1850 qui
456 1769 660 1849 putant...
689 1769 723 1830 et
749 1765 779 1829 ei
808 1766 1033 1851 denegandam
1054 1767 1102 1852 (sc.

96 1856 259 1920 actionem
278 1851 403 1941 legati),
427 1855 482 1938 qui
507 1854 687 1919 accusatori
707 1851 741 1939 (i.
762 1876 787 1919 e.
807 1855 862 1939 qui
880 1858 1103 1920 testamentum

98 1944 216 2009 falsum
241 1945 418 2022 accusavit)
442 1943 545 2007 adfuit
567 1944 617 2009 vel
639 1941 784 2025 εροιιεον1
805 1965 864 2027 pro
885 1965 924 2008 eo
945 1944 1103 2010 exstiterit

426 2124 477 2184 Ad
499 2126 586 2199 leuem
608 2125 782 2185 Falcidium.

188 2246 241 2311 35
269 2245 306 2311 D.
326 2244 382 2328 35,
402 2245 422 2308 2
428 2244 553 2328 5.,6pr
596 2243 685 2307 Idem
721 2241 777 2330 (sc.
808 2243 1000 2332 Marcellus)
1034 2247 1105 2311 libro

97 2336 250 2399 vicesimo
275 2293 413 2398 secundo
428 2294 549 2417 'Digest
551 2353 714 2395 orum.—-
672 2330 820 2396 —Cum
843 2355 907 2415 quo
929 2334 969 2398 de
988 2334 1105 2435 peculio

96 2424 151 2507 agi
180 2428 239 2506 pot
241 2428 322 2506 erat,
295 2423 447 2486 theros
480 2421 631 2485 creditori
665 2426 761 2484 exstlt
721 2421 796 2486 titit
847 2424 993 2506 quaeris,
1027 2423 1105 2488 cuius

97 2513 253 2594 temporis
272 2473 434 2595 pedulium
453 2510 634 2592 computari
654 2517 748 2592 oport
735 2513 829 2573 teat'
821 2532 855 2573 ιιι
872 2509 1019 2576 Falcidia
1038 2513 1106 2595 lege.

97 2599 243 2752 titt?
263 2602 426 2751 diti.
439 2599 571 2751 llil
538 2599 701 2750 ..titt
733 2597 860 2680 ¹³⁰⁰¹¹¹¹⁰
894 2599 1010 2684 aa,
1044 2621 1107 2664 ⁰¹¹OE

188 2777 239 2840 36.
263 2776 302 2840 D.
317 2778 370 2858 40,
385 2774 415 2860 5,
430 2737 459 2840 5.
495 2710 584 2839 Idem
608 2772 666 2860 (sc.
689 2771 823 2861 Paulus)
846 2775 932 2839 libro
958 2798 1106 2860 sexagen·

98 2865 181 2929 simo
205 2866 245 2928 ad
265 2864 414 2928 edictum.
432 2901 474 2910 —
494 2863 614 2928 Decem
634 2864 742 2946 legata
762 2868 890 2928 suntet
909 2870 1045 2949 rogatus
1065 2866 1107 2927 est

97 2953 273 3037 legatarius
303 2950 449 3017 Stichum
482 2974 587 3016 emero
617 2956 650 3015 et
679 2952 919 3035 manumittere.
972 2952 1106 3018 Falcidia

97 3043 271 3107 intervenit
305 3044 338 3105 et
375 3041 509 3104 minoris
543 3041 607 3105 emi
640 3062 750 3104 servus
777 3062 844 3104 non
870 3044 991 3124 potest.
1047 3042 1105 3125 qui·

97 3132 172 3195 dam
209 3133 326 3214 putant
362 3130 552 3193 dodrantem
587 3129 730 3212 accipere
768 3129 884 3193 debere
917 3131 1104 3215 legatarium

97 3241 157 3284 neo
176 3241 281 3283 emere
305 3217 570 3300 compellendum.
611 3217 695 3280 idem
716 3221 834 3300 putant
853 3219 953 3282 etiam
973 3220 1001 3283 si
1020 3238 1103 3282 suum

97 3329 227 3372 servum
265 3311 398 3390 rogatus
437 3307 480 3370 sit
517 3306 744 3371 manumittere
782 3309 815 3370 et
850 3306 1041 3371 dodrantem
1071 3325 1103 3367 ex

98 3395 209 3479 legato
233 3395 401 3478 acceperit,
423 3415 489 3458 non
514 3416 583 3458 esse
608 3395 864 3477 compellendum
885 3395 1101 3460 manumittere

170 3539 184 3586 1
206 3535 282 3589 Trib.
301 3533 455 3587 fideiussor.
