2430 3944
237 189 272 244 11.
289 188 531 245 INCDRTORUM
550 188 778 244 saudauma
797 189 843 243 ΕΤ
860 189 966 246 nisui.
1046 190 1112 254 555

91 353 198 418 alveis
235 351 356 416 nostris
394 353 524 417 evolant
560 356 593 416 et
629 353 804 418 secundum
846 354 1111 419 consuetudinem

93 441 245 525 redeunt,
268 462 287 504 a
310 440 404 505 nobis
429 441 595 523 possideri.

186 543 222 603 cf.
246 541 311 602 Gai
340 544 369 619 2,
389 544 439 603 68.

189 644 259 709 126.
290 641 360 707 Gai.
374 643 488 726 4153.
503 680 568 708 —.
583 694 591 708 .
609 644 753 727 plerique
771 647 889 726 putant
907 645 1014 709 animo
1034 667 1111 729 quo·

95 754 159 818 que
191 733 324 796 retineri
351 731 624 815 possessio<nem,
646 731 679 796 id
703 737 753 796 est
775 736 812 796 ut
835 732 982 816 quamvis
1006 754 1110 819 neque

94 822 161 907 ipsi
184 822 285 885 simus
308 820 343 884 in
365 821 590 904 possessione>
612 842 715 904 neque
734 830 846 885 nostro
865 821 996 886 nomine
1017 821 1111 905 alius,

93 915 207 976 tamen
244 909 272 972 si
304 929 368 972 non
403 909 632 993 relinquendae
663 909 877 992 possessionis
910 910 1019 975 animo
1052 909 1109 974 sed

93 1003 210 1084 postea
242 997 402 1062 reversuri
432 997 508 1061 inde
535 996 789 1081 discesserimus,
817 998 955 1063 retinere
983 1019 1110 1083 posses·

95 1088 220 1152 sionem
243 1086 417 1150 videamur.

188 1175 260 1240 127.
284 1173 323 1239 D.
337 1175 390 1256 41,
404 1175 434 1256 2,
449 1175 479 1256 3,
493 1175 523 1238 4.
567 1172 686 1239 Paulus
709 1174 793 1239 libro
818 1174 1108 1261 quinquagensimo

95 1267 213 1351 quarto
239 1262 280 1327 ad
306 1262 456 1329 edictum.
486 1298 530 1309 —
557 1263 609 1328 Ex
632 1263 776 1347 pluribus
805 1264 911 1328 causis
943 1264 1110 1348 possidere

93 1353 233 1418 eandem
256 1373 324 1415 rem
348 1373 529 1436 possumus,
551 1355 589 1416 ut
611 1352 743 1437 quidam
765 1355 884 1437 putant
906 1356 939 1416 et
957 1374 1031 1417 eum
1053 1354 1108 1436 qui

93 1439 302 1523 usucaperet¹
325 1462 383 1523 pro
408 1444 552 1524 emptore
577 1445 609 1504 et
631 1462 691 1524 pro
715 1462 774 1505 suo
798 1440 962 1524 possidere

187 1529 260 1595 128.
292 1527 414 1593 Seneca
436 1550 486 1612 ep.
511 1529 562 1612 79,
581 1530 611 1593 6.
633 1565 677 1576 -
704 1526 836 1614 Negant
862 1529 942 1594 iuris
968 1530 1108 1595 consulti

94 1617 272 1705 quidquam
296 1617 460 1701 publicum
483 1639 543 1682 usu
566 1618 638 1700 capi
660 1639 766 1699 posse.

188 1707 260 1772 129.
283 1703 405 1770 Seneca
427 1706 465 1770 de
488 1705 592 1770 benef.
612 1705 642 1787 6,
657 1706 687 1771 5.
711 1741 753 1752 -
778 1705 862 1771 Iuris
885 1707 1107 1772 consultorum

94 1797 172 1861 illae
191 1795 331 1878 ineptiae
351 1801 426 1859 sunt
444 1798 566 1878 acutae,
590 1794 646 1878 qui
662 1794 874 1858 hereditatem
892 1798 1015 1880 negant
1032 1817 1106 1859 usu·

94 1885 169 1969 capi
190 1905 295 1968 posse,
318 1884 373 1948 sed
396 1882 535 1967 (posse)
558 1905 597 1947 ea
620 1904 701 1966 quae
725 1883 759 1946 in
782 1882 960 1947 hereditate
979 1888 1063 1947 sunt.

119 1976 125 1989 “
187 1981 260 2047 130.
284 1979 322 2045 D.
331 1982 384 2063 41,
394 1981 424 2061 5,
434 1981 464 2046 3.
496 1979 693 2063 Pomponius
713 1980 798 2045 libro
817 1980 992 2045 vicensimo
1006 1981 1103 2045 tertio

95 2073 135 2136 ad
158 2069 314 2146 Quintum
337 2069 488 2134 Mucium.
510 2068 718 2153 -Plerique
741 2073 944 2152 putaverunt,
968 2069 996 2133 si
1014 2069 1107 2132 heres

95 2161 160 2224 sim
193 2162 226 2223 et
253 2162 365 2243 putem
393 2180 461 2222 rem
490 2158 630 2241 aliquam
659 2180 698 2221 ex
725 2156 902 2221 hereditate
930 2178 999 2222 esse
1027 2179 1108 2241 quae

94 2248 241 2320 nonsit,
265 2267 360 2331 posse
384 2268 435 2310 me
458 2268 643 2330 usucapere.

187 2336 260 2400 131.
283 2333 321 2399 D.
344 2336 397 2415 41,
411 2336 441 2418 2,
455 2336 485 2419 3,
500 2335 529 2399 3.
566 2334 685 2400 Paulus
710 2335 793 2399 libro
818 2334 1109 2419 quinquagensimo

93 2429 214 2510 quarto
239 2423 279 2488 ad
303 2423 452 2489 edictum.
476 2457 518 2469 -
613 2421 734 2488 Brutus
759 2427 792 2487 et
815 2422 968 2487 Manilius
991 2426 1109 2505 putant

95 2535 171 2579 eum
186 2512 242 2597 qui
256 2511 390 2576 fundum
409 2533 468 2577 seu
482 2511 578 2596 oepit,
593 2512 691 2576 etiam
705 2512 916 2576 thensaurum
930 2513 1110 2596 cepisse...

94 2601 225 2688 quidam
254 2604 372 2685 putant
399 2598 511 2666 Sabini
539 2600 734 2665 sententiam
764 2601 921 2664 veriorem
951 2622 1020 2665 esse
1052 2622 1110 2664 nec

94 2691 179 2755 alias
204 2711 276 2753 eum
304 2690 360 2772 qui
388 2689 451 2755 scit
476 2690 655 2773 possidere,
684 2688 747 2754 nisi
775 2689 803 2753 si
828 2689 899 2752 loeo
924 2692 1031 2753 motus
1057 2689 1108 2770 sit,

94 2779 174 2865 quia
196 2799 262 2842 non
286 2778 329 2842 sit
352 2778 411 2842 sub
436 2777 583 2843 custodia
605 2782 729 2842 nostra.

188 2866 274 2931 132?
302 2865 341 2931 D.
355 2868 408 2948 41,
422 2867 453 2951 4,
466 2867 497 2948 2,
511 2866 541 2931 9.
578 2866 698 2932 Paulus
717 2866 800 2930 libro
820 2865 1110 2950 quinquagensimo

95 2958 215 3042 quarto
231 2954 271 3020 ad
286 2954 434 3019 edictum.
452 2990 490 3001 -
506 2953 753 3020 Procuratorem
772 3004 811 3037 ..,
829 2955 885 3037 qui
900 2976 938 3018 ex
953 2954 1110 3036 auctione,

96 3066 196 3130 quam
222 3044 377 3107 mandatu
405 3043 529 3108 domini
550 3043 643 3127 facit,
675 3042 801 3127 emerit,
823 3043 968 3126 plerique
991 3046 1111 3124 putant

95 3130 252 3197 utilitatis
275 3153 372 3196 eausa
395 3154 455 3216 pro
479 3136 624 3215 emptore
647 3134 887 3217 usucapturum.

189 3221 260 3287 133.
284 3219 324 3285 D.
338 3221 390 3299 41,
405 3221 435 3302 2,
451 3222 479 3304 1,
492 3221 544 3284 22.
575 3219 697 3284 Paulus
715 3221 799 3284 libro
820 3218 1109 3303 quinquagensimo

96 3314 213 3395 quarto
233 3309 273 3373 ad
292 3309 442 3374 edietum.
462 3344 504 3355 -
523 3357 554 3373 ..
590 3307 699 3374 Nerva
720 3309 808 3373 fflius
828 3308 882 3391 ait,
905 3327 962 3389 per
980 3327 1108 3371 servum

96 3419 179 3484 quae
202 3397 407 3481 peculiariter
431 3397 641 3480 adquisierint
659 3396 717 3483 (sc.
735 3391 936 3480 municipes),
955 3397 988 3458 et
1006 3394 1109 3477 possi-

170 3565 183 3608 1
204 3554 251 3610 Fi.
271 3555 381 3609 etcum
400 3553 449 3623 qui
468 3553 627 3624 usuceperit
645 3556 682 3610 et.
