2430 3944
143 151 212 216 200
233 150 279 207 IV.
293 149 512 206 VESPASIANI
525 148 597 203 ΤΙΤΙ
612 147 808 205 DOMITIANI
821 148 928 205 TEMP.
944 147 1043 205 rums
1058 147 1161 204 GONS.

144 320 211 378 iure
230 321 361 394 utamur,
384 336 443 395 quo
462 317 577 378 utimur
594 317 627 376 11
644 315 811 376 1111111111
830 316 940 378 civium
956 318 1162 378 Romanorum

145 400 368 468 libertinorum'
392 398 473 488 (Gai.
492 409 520 480 3,
537 397 602 488 64).
647 405 802 482 respondit
824 405 860 464 de
883 406 920 465 iis
943 407 996 484 qui
1018 410 1163 484 quaestus

145 515 239 556 causa
256 497 288 555 in
307 495 471 555 certamina
490 495 675 555 descendunt
693 491 745 575 (D.
761 497 790 572 3,
806 496 834 571 2,
851 497 879 571 2,
895 490 944 574 5),
964 495 1001 555 de
1014 495 1162 573 magistro

144 586 244 663 navis,
273 586 325 662 qui
351 588 491 644 mutuam
520 583 674 660 pecuniam
704 583 867 658 sumpserit
889 575 1164 666 (1).14,1,1,8),

147 675 184 733 de
217 674 409 750 statulibero,
442 673 489 733 cui
520 672 671 747 peculium
704 673 840 750 legatum
872 673 913 732 sit
940 673 1046 748 cuique
1074 673 1163 733 heres

144 763 267 823 interim
286 762 412 822 credidit
431 754 482 843 (D.
498 763 549 834 33,
566 763 594 835 8,
610 752 709 842 8pr.);
735 762 771 820 de
790 761 931 821 libertate
950 780 1036 822 servo
1055 762 1163 822 relicta

145 855 177 912 et
195 850 304 910 herede
323 854 441 927 rogato,
464 845 512 909 ‘ut
530 869 598 909 eum
618 849 778 909 artificium
798 848 912 927 doceat,
930 851 1011 909 unde
1030 869 1063 910 11
1081 852 1164 911 tueri

145 935 253 1017 possit’
278 931 482 1021 (113212),
511 939 548 996 dc
576 957 610 997 eo
638 938 691 1013 qui
719 957 807 998 onere
835 942 961 998 onustus
988 938 1033 998 Ita
1058 941 1164 1015 lapsus

146 1032 202 1107 est,
225 1032 261 1088 ut
285 1048 405 1088 servum
428 1027 560 1087 alienum
582 1047 670 1086 onere
688 1027 833 1103 presserit
851 1019 902 1109 (D.
918 1030 947 1104 9,
963 1030 992 1103 2,
1008 1030 1036 1100 7,
1053 1022 1103 1108 2),
1126 1028 1165 1088 de

145 1118 259 1177 furioso
298 1117 351 1193 qui
382 1116 524 1175 damnum
557 1114 673 1174 dederit
706 1108 755 1195 (D.
777 1118 806 1190 9,
827 1118 854 1188 2,
876 1117 904 1193 5,
924 1107 972 1197 2),
1010 1115 1047 1174 de
1080 1117 1165 1176 fidei·

146 1207 311 1266 commissis
340 1223 502 1280 eorumque
524 1205 674 1263 fructibus
697 1206 888 1279 praestandis
910 1196 962 1286 (D.
978 1205 1029 1283 31,
1046 1207 1098 1282 43,
1114 1201 1164 1286 2),

146 1295 182 1354 de
211 1314 245 1355 eo
274 1313 292 1353 a
316 1313 375 1370 quo
399 1312 446 1354 res
469 1292 615 1354 vindicari
638 1293 734 1368 possit
757 1284 807 1375 (D.
824 1296 852 1369 6,
870 1299 898 1370 1,
914 1286 962 1374 9),
992 1294 1028 1352 de
1052 1313 1088 1354 eo
1112 1295 1166 1371 qui

145 1383 201 1442 tibi
220 1387 340 1443 centum
360 1381 563 1458 spoponderit,
582 1382 609 1441 si
626 1382 758 1441 iurasses
773 1387 804 1440 ts
817 1400 926 1442 nomen
945 1383 1008 1442 eius
1028 1383 1166 1444 laturum

147 1465 198 1552 (D.
215 1474 265 1549 39,
281 1473 310 1547 5,
327 1474 377 1546 19,
394 1463 440 1553 6),
464 1471 500 1529 de
524 1470 651 1546 arbitro,
674 1470 726 1546 qui
748 1470 918 1548 litigatores
941 1490 1001 1530 non
1023 1471 1056 1530 in
1077 1473 1166 1547 urbe,

147 1560 199 1620 sed
221 1561 253 1618 in
275 1561 341 1619 loco
365 1560 444 1620 circa
465 1559 571 1618 urbem
594 1559 698 1618 adesse
721 1558 843 1618 iusserit
867 1552 918 1636 (D.
933 1561 963 1635 4,
979 1562 1008 1637 8,
1023 1562 1075 1636 21,
1098 1561 1165 1640 10).

236 1647 312 1708 Cum
326 1649 461 1724 Pegasus
476 1667 564 1724 saepe
579 1666 647 1707 oum
662 1647 731 1707 aliis
744 1647 966 1708 iurisconsultis
982 1650 1166 1710 coniunctim

146 1736 296 1813 laudetur,
310 1736 457 1812 Ulpianus
472 1737 564 1796 semel
578 1739 606 1795 ei
620 1736 751 1812 priorem
764 1737 864 1796 locum
878 1737 1019 1797 1111151111
1033 1756 1166 1815 eumque

148 1829 219 1885 ante
242 1826 375 1886 Nervam
396 1826 493 1885 filium
516 1817 600 1904 (Ulp.
616 1826 684 1901 Dig.
700 1827 729 1898 3,
745 1826 774 1903 2,
790 1827 819 1900 2,
835 1824 878 1904 5).

236 1913 312 1974 (lum
349 1919 469 1990 praeter
500 1931 550 1974 eas
584 1914 762 1989 sententias,
794 1932 870 1990 quae
903 1915 1014 1974 diserte
1045 1915 1168 1992 Pegaso

147 2003 333 2079 tribuuntur,
357 2005 432 2063 alias
456 2022 574 2080 quoque
597 2006 629 2062 et
651 2003 784 2080 generali
806 2003 925 2062 nomine
948 2003 1082 2080 insignes
1102 2004 1168 2065 eius

148 2111 213 2152 esse
254 2097 369 2152 certum
406 2093 458 2165 111,
495 2093 527 2150 11
563 2092 671 2169 quibus
707 2091 885 2169 fragmentis
917 2091 1168 2152 Proculianorum

150 2181 318 2241 sententiae
341 2182 513 2253 laudantur,
536 2199 640 2240 eorum
658 2181 803 2256 pleraque
820 2179 858 2238 ad
878 2180 1028 2256 Pegasum
1047 2201 1168 2257 quoque

148 2270 307 2330 referenda
330 2288 395 2329 esse
414 2270 507 2327 Leuel
526 2269 559 2329 P.
573 2269 605 2327 II
628 2269 682 2328 col.
698 2271 715 2328 9
740 2270 803 2327 1.1
828 2269 989 2328 existimat.
1026 2269 1078 2328 sed
1098 2289 1169 2329 cum

150 2358 326 2418 Sabiniauos
354 2359 403 2417 111
426 2357 620 2417 Proculiauos
646 2358 698 2432 qui
720 2359 867 2416 vocantur
889 2376 949 2416 non
971 2358 1004 2416 in
1027 2359 1169 2418 omnibus

148 2447 239 2506 rebus
253 2447 302 2507 vel
317 2445 462 2504 Sabinum
476 2446 524 2505 vel
538 2446 701 2506 Proculum
717 2449 836 2506 secutos
851 2464 916 2504 esse
932 2450 1169 2507 consentaneum

149 2536 190 2594 sit
211 2554 266 2595 neo
289 2534 369 2610 quod
392 2536 440 2594 vel
459 2534 645 2593 Proculianis
665 2535 783 2609 placere
803 2535 936 2594 traditur
953 2536 1002 2594 vel
1019 2535 1102 2611 quod
1122 2537 1169 2595 di-

95 2696 97 2700 ,
150 2642 256 2684 111111
275 2624 394 2683 scholae
409 2627 545 2682 auctores
561 2623 732 2682 existimare
748 2621 840 2682 Gaius
856 2623 952 2700 docet,
965 2624 1046 2683 idem
1061 2625 1170 2684 statim

150 2715 182 2771 et
196 2713 312 2787 Pegaso
327 2730 432 2773 verum
446 2710 542 2772 videri
560 2711 706 2786 debuerit,
725 2731 761 2771 ea
778 2714 899 2770 tantum
918 2730 986 2771 cum
1000 2713 1169 2788 probabili-

149 2804 213 2860 tate
233 2800 271 2860 ad
285 2800 434 2876 Pegasum
447 2801 628 2874 referuntur,
648 2819 723 2876 quac
737 2819 797 2859 non
810 2799 973 2860 Proculum
988 2802 1095 2881 solum,
1116 2802 1170 2861 sed

149 2891 265 2949 ceteros
288 2907 408 2965 quoque
431 2888 566 2949 eiusdem
585 2891 702 2949 scholae
721 2893 858 2948 auctores
877 2892 985 2964 putare
1006 2887 1099 2950 Gaius
1120 2892 1170 2950 vel

150 2976 316 3038 Venuleius
335 2977 469 3055 tradunt,
487 2977 519 3037 id
537 2979 617 3055 quod
636 2979 730 3056 2,15,
747 2980 819 3038 195.
837 2978 873 3038 D.
885 2980 936 3052 45,
949 2982 976 3052 1,
990 2980 1051 3039 138
1059 2999 1104 3055 pr.
1123 2979 1170 3040 fit.

233 3181 257 3243 I.
291 3180 624 3242 senatusconsulta
646 3182 783 3258 Pegaso
807 3181 955 3242 consule
978 3182 1087 3242 facta.

362 3308 389 3366 1.
418 3300 468 3366 Dc
489 3301 557 3366 iure
580 3301 793 3383 adipIsccndac
816 3301 958 3366 11111111.

241 3415 311 3480 Gai.
324 3417 352 3495 1,
362 3416 415 3480 31.
429 3453 472 3463 -
487 3465 494 3482 .
510 3466 516 3480 .
531 3417 582 3480 ius
599 3415 825 3499 adipiscendae
844 3416 985 3481 civitatis
1000 3416 1170 3483 Romanae

151 3504 282 3571 etiamsi
310 3505 372 3570 soli
401 3506 542 3570 minores
570 3505 707 3590 triginta
735 3526 893 3570 annorum
921 3506 1113 3572 manumissi
1136 3510 1170 3571 11
