2430 3944
356 205 381 256 6.
404 199 615 257 IAVOLENUS
632 199 782 258 Pmscus
1009 203 1077 269 405

150 368 287 431 Iauoleni
323 369 501 429 sententiam
539 388 558 428 a
589 369 771 430 Triboniano
804 373 978 447 corruptam
1009 391 1074 433 esse

59 458 208 536 illumque
232 459 269 517 de
291 456 329 518 iis
352 457 461 518 dixisse
483 458 535 534 qui
554 459 735 518 testamenta
752 459 850 520 faeere
869 460 1074 540 prohibentur,

60 547 188 608 Perniee
211 547 318 607 merito
342 547 457 607 oonioit

271 725 319 784 De
335 725 475 799 pluribus
496 725 648 786 heredibus
668 727 863 787 instituendis.

154 835 184 900 3.
207 834 247 899 D.
262 835 315 917 28,
331 834 360 918 1,
374 835 425 900 25.
467 833 638 900 Iavolenus
659 835 742 900 libro
762 835 874 919 quinto
894 832 1076 924 (ipsimet)

61 922 283 1009 posteriorum
302 922 472 989 Labeonis.
487 960 529 970 -
546 921 584 990 Si
600 925 637 1008 is,
655 925 710 1006 piri
730 929 942 990 testamcutum
953 926 1076 1010 foderet,

59 1012 222 1078 heredebus
241 1013 359 1095 primis
384 1014 582 1097 erumpatis,
598 1014 786 1096 priusquam
808 1015 954 1080 seeuudos
976 1015 1077 1098 etpri-

59 1106 158 1167 meret
178 1101 311 1179 heredes,
334 1101 537 1183 obmutuisset,
560 1103 659 1184 mapis
680 1104 809 1185 eoepmse
831 1124 900 1168 eum
919 1107 1077 1168 testamur«

60 1196 128 1256 tum
153 1191 256 1271 faeere
281 1211 375 1272 quam
395 1191 501 1271 fecisse
528 1189 630 1256 Varus
652 1190 849 1274 Dipestorum
877 1192 954 1258 hbro
970 1193 1078 1274 primo

61 1278 208 1346 Seruium
234 1280 423 1362 respondisse
449 1280 588 1362 scripsit;
621 1281 724 1363 itaque
746 1282 869 1364 primos
895 1281 1015 1346 heredes
1041 1301 1078 1346 eu

60 1390 95 1434 eo
123 1373 299 1434 testamento
325 1388 388 1432 mou
412 1368 543 1448 futuros.
589 1369 691 1434 Labeo
719 1374 784 1434 tum
812 1369 867 1435 hoe
888 1390 994 1435 aerum
1015 1389 1079 1435 esse

63 1457 232 1540 existimat,
254 1459 283 1522 si
305 1462 457 1522 coustaret
477 1458 607 1523 votuisse
627 1459 732 1540 piures
749 1479 827 1544 eum,
849 1461 905 1541 qui
922 1463 1078 1524 testamen-

60 1551 129 1612 tum
152 1546 279 1629 fecisset,
301 1545 422 1611 heredes
439 1548 652 1629 prouuutiare.
693 1567 745 1631 epo
766 1568 820 1613 uer
843 1547 983 1613 Serrium
1002 1551 1078 1631 puto

59 1635 155 1702 atiud
174 1637 309 1700 sensisse.

152 1723 270 1790 ‘ii-D.
288 1724 341 1806 28,
360 1724 392 1808 5,
410 1723 462 1807 17,
481 1724 509 1789 5.
561 1722 719 1808 Ulpianus
750 1725 835 1789 libro
869 1726 1008 1809 septimo
1036 1724 1078 1789 ad

62 1812 232 1879 Sabinum.
261 1849 299 1859 -
331 1811 424 1889 Quod
457 1813 485 1877 si
517 1810 589 1897 quis
622 1812 822 1897 dupundium
852 1812 1019 1878 distribuit
1046 1816 1079 1878 et

62 1901 210 1977 tertium,
225 1899 294 1966 sine
317 1905 410 1984 parte
434 1901 590 1979 instituit,
616 1901 670 1966 bie
693 1903 817 1966 nonin
841 1903 941 1967 alium
963 1924 1079 1982 assem,
1104 1921 1106 1924 ’

65 1989 123 2054 sed
148 1986 200 2054 in¹
224 1991 377 2055 trientem
400 1991 502 2072 venit,
530 1993 567 2054 ut
589 1989 697 2054 Labeo
721 1995 836 2075 quarto
860 1989 1079 2074 posteriorum

63 2078 210 2164 scripsit,
251 2099 311 2143 neo
343 2079 455 2144 Aristo
488 2079 540 2143 vel
572 2076 676 2144 Aulus
709 2074 933 2166 (Iavolenus‘i)
966 2084 1078 2162 utpote

61 2168 235 2253 probabile
258 2172 384 2233 notant.

412 2280 459 2339 De
481 2282 737 2341 substitutiouibus.

52 2376 57 2382 ’
156 2381 186 2446 5.
216 2380 256 2445 D.
271 2381 323 2460 28,
338 2381 367 2464 6,
382 2381 412 2447 9.
453 2381 561 2446 Labeo
585 2382 669 2447 libro
693 2382 798 2466 primo
822 2381 1037 2464 posteriorum
1061 2402 1080 2444 a

62 2469 219 2535 Iavoleno
235 2471 496 2553 epitomatorem.
512 2508 554 2516 -
569 2469 606 2535 Si
614 2475 706 2552 pater
718 2471 784 2554 Jiiio
799 2469 951 2552 impuberi
964 2471 1080 2534 eosdem

61 2579 141 2643 quos
159 2559 266 2624 sibiet
283 2564 310 2624 te
327 2580 425 2624 uuum
436 2565 600 2642 praeterea
617 2559 753 2624 heredem
771 2560 914 2637 instituit,
932 2558 1080 2623 bouorum

60 2649 128 2733 filii
155 2652 183 2712 te
209 2648 386 2735 dimidium,
413 2653 521 2714 eeteros
543 2651 649 2730 patris
670 2648 791 2713 heredes
813 2648 1012 2712 eommuuiter
1034 2648 1080 2712 di·

61 2737 199 2802 midium
217 2738 263 2801 ita
280 2737 397 2820 babere,
414 2743 450 2802 ut
463 2758 546 2802 uuus
560 2738 651 2802 semis
664 2739 750 2820 apud
762 2741 790 2801 te
802 2741 934 2821 moueat,
952 2737 1081 2802 alterius

62 2826 203 2892 semissis
224 2846 285 2908 pro
312 2827 361 2892 bis
381 2827 527 2908 portibus
554 2828 634 2891 iuter
660 2825 779 2891 heredes
801 2830 950 2908 paternos
971 2827 1080 2890 divisio

62 2918 137 3001 fiat,
164 2914 274 2997 quibus
300 2935 336 2980 eu
356 2916 502 2998 partibus
528 2916 724 2981 hereditatem
741 2920 908 2997 pamruom
929 2914 1080 2979 habereut.
1205 2981 1206 2989 ,

159 3004 187 3069 6.
225 3002 264 3068 D.
289 3005 394 3085 28,6,
417 3004 460 3069 39
483 3027 529 3088 pr.
583 3003 752 3069 Iavolenus
784 3004 869 3068 libro
902 3003 1008 3086 primo
1041 3024 1080 3066 ex

64 3091 303 3179 posterioribus
326 3091 496 3157 Labeonis.
522 3129 559 3140 -
586 3092 664 3159 &em
691 3113 728 3157 eu
751 3091 818 3176 filio
840 3094 910 3174 quis
932 3093 1008 3157 duos
1025 3112 1080 3187 me·

56 3187 149 3268 potes
171 3180 340 3262 impuberes
361 3181 496 3261 babebat,
519 3184 571 3248 sed
592 3188 724 3248 atterum
745 3202 850 3248 eorum
872 3182 907 3245 ia
923 3184 1080 3262 potestate,

63 3273 200 3337 aiterum
218 3290 290 3350 uou,
307 3275 337 3335 et
352 3271 437 3336 verer
449 3276 612 3353 utrumque
624 3294 662 3338 ex
674 3273 780 3354 aequis
786 3271 932 3354 partibus
945 3269 1080 3333 heredem

64 3360 177 3426 habere
197 3364 234 3438 et,
259 3360 379 3442 siquis
401 3381 438 3426 ea
459 3360 508 3425 his
530 3360 666 3442 impubes
687 3361 863 3442 decessisset,
885 3360 927 3423 ad
948 3358 1080 3422 aiterum

141 3513 155 3561 1
180 3507 336 3562 Mommsen
360 3509 503 3563 emendat:
528 3507 585 3562 ‘hie
608 3507 639 3561 in
661 3505 747 3562 alium
770 3522 874 3573 assem,
897 3502 1005 3560 seilicet
1026 3502 1079 3570 in'‚

66 3579 144 3650 quod
163 3576 198 3648 II,
215 3579 337 3648 1p2183
355 3579 583 3648 praetermissum
602 3581 654 3635 est.
