2430 3944
446 195 470 242 9.
490 186 695 243 A'I'ILIOINUS
1017 188 1081 254 193

62 375 133 417 cum
165 373 234 418 non
265 353 379 438 iniqua
410 352 480 417 visa
513 351 570 429 sit,
602 352 850 416 succurrendum
878 351 930 415 his
958 351 1080 436 putavi.

62 442 172 527 itaque
195 442 282 527 quod
305 443 355 505 ius
379 440 564 505 habuerunt
585 444 664 504 tunc
686 441 919 524 cumprimum
938 462 976 505 ea
995 463 1081 525 aqna

60 530 233 613 pervenire
257 530 297 594 ad
322 551 377 594 eos
400 551 464 594 non
487 528 608 613 potuit,
630 528 664 592 id
687 528 733 593 eis
756 528 886 594 restitui
908 529 1035 612 placet'.

150 623 226 694 Quis
264 616 398 683 ‘Caesar’
438 623 491 699 sit,
528 641 587 700 quo
623 641 747 681 munere
784 621 924 682 Statilius
962 624 1080 684 Taurus

60 713 184 772 functus
214 713 269 790 sit,
301 711 409 771 nescio.
459 711 573 770 Paulus
601 711 637 769 de
665 710 791 770 Rohden
818 708 1014 793 (Prosopogr.
1033 713 1082 772 ΙΠ

60 821 89 877 p.
104 793 187 883 264)
210 800 368 860 Statilium
391 801 526 860 Taurum
548 795 676 859 fortasse
700 800 852 860 consulem
877 819 941 860 esse
965 820 991 861 a.
1009 804 1080 861 717.

63 892 126 950 728
148 889 312 964 existimat,
335 889 384 950 cui
401 888 560 967 Augustus
579 908 605 948 a.
617 889 681 949 738
700 908 800 948 curam
819 889 904 948 urbis
923 892 954 950 et
972 890 1081 950 Italiae

60 978 219 1039 commisit.

462 1060 512 1127 Dc
534 1061 680 1127 rodente.

152 1178 203 1242 13.
228 1177 267 1243 D.
279 1177 477 1260 2‚14,27pr.
517 1174 639 1241 Paulus
660 1176 743 1241 libro
762 1177 860 1241 tertio
880 1176 921 1240 ad
941 1177 1081 1242 edictum

60 1266 109 1350 (Ρ.
122 1265 222 1352 127¹).
237 1303 282 1313 -
299 1265 334 1331 si
352 1287 435 1330 unus
455 1287 495 1330 ex
512 1265 708 1351 argentariis
727 1265 823 1329 sociis
842 1287 915 1330 cum
935 1265 1081 1331 debitore

60 1361 175 1440 pactus
201 1356 255 1439 sit,
277 1377 319 1418 an
344 1355 443 1418 etiam
465 1354 561 1418 alteri
582 1359 699 1418 noceat
721 1354 891 1437 exceptio?
928 1353 1081 1419 Neratius

61 1444 239 1510 Atilicinus
266 1442 422 1508 Proculus
454 1463 514 1507 nec
546 1442 574 1507 si
601 1444 636 1506 in
662 1464 732 1506 rem
760 1446 875 1526 pactus
903 1442 959 1527 sit,
988 1441 1083 1508 alteri

60 1555 192 1616 nocere3
224 1536 352 1596 tantum
382 1532 469 1595 enim
501 1531 729 1615 constitutum,
760 1534 798 1596 ut
830 1530 968 1597 solidum
1001 1533 1083 1597 alter

59 1627 170 1706 petere
194 1621 307 1705 possit.

149 1715 198 1775 De
222 1715 365 1775 societate
389 1715 522 1773 omnium
544 1714 692 1773 bonorum
715 1733 742 1773 v.
757 1713 845 1790 Resp.
862 1715 889 1774 5.

463 1886 511 1951 De
532 1887 687 1951 mandato.

154 2002 205 2066 14.
229 2001 455 2084 1).17,1,45,7.
493 2001 612 2065 Paulus
631 2001 715 2066 libro
734 2001 847 2084 quinto
863 2001 903 2064 ad
917 1999 1083 2066 Plautium

59 2091 109 2176 (P.
127 2087 240 2176 1114).
263 2126 306 2137 —
331 2090 424 2167 Quod
449 2090 529 2156 mihi
553 2089 707 2174 debebas,
735 2113 754 2153 a
777 2090 923 2154 debitore
946 2095 1003 2154 tuo
1028 2089 1083 2153 sti·

60 2181 195 2264 pulatus
215 2202 286 2243 sum
305 2179 448 2263 periculo
468 2182 534 2243 tuo.
569 2200 665 2263 posse
684 2200 735 2242 me
755 2198 850 2263 agere
870 2183 976 2242 tecum
995 2199 1083 2241 man·

60 2269 130 2333 dati
157 2268 192 2332 in
219 2268 253 2332 id
281 2267 496 2353 quodminus
522 2268 561 2332 ab
586 2267 642 2331 illo
667 2289 794 2332 servare
817 2271 946 2351 potero,
973 2265 1083 2332 Nerva

61 2356 236 2421 Atilicinus
264 2357 370 2441 aiunt,
397 2358 545 2440 quamvis
568 2355 601 2420 id
625 2356 813 2421 mandatum
837 2357 876 2420 ad
899 2359 989 2420 tuam
1013 2377 1083 2419 rem

60 2446 232 2531 pertineat

354 2542 405 2607 Dc
425 2541 581 2627 fideliaffl)
604 2548 633 2607 et
648 2543 787 2625 plynore.

155 2658 206 2724 15.
237 2658 277 2723 D.
299 2659 349 2740 13,
370 2660 399 2742 7,
417 2659 495 2742 6pr.
547 2656 636 2721 Idem
686 2679 728 2722 sc.
750 2654 966 2742 Pomponius)
998 2657 1082 2722 libro

59 2749 255 2832 trigensimo
284 2749 397 2831 quinto
426 2748 466 2811 ad
492 2745 649 2812 Sabinum
689 2745 723 2810 P.
738 2742 840 2832 797⁸).
866 2783 903 2792 —
930 2745 1083 2821 Quamvis

60 2836 267 2919 convenerit,
303 2840 340 2900 ut
376 2836 511 2900 fundum
545 2836 796 2920 pignoraticium
828 2833 1082 2918 (fiduciarium'l)

61 2924 127 2989 tibi
150 2924 289 2989 vendere
312 2924 434 3007 liceret,
455 2924 558 2989 nihilo
578 2925 682 3009 magis
701 2922 865 3006 cogendus
885 2946 919 2987 es
938 2923 1084 3005 vendere,

62 3014 144 3078 licet
161 3013 318 3077 solvendo
337 3035 403 3077 non
422 3014 466 3077 sit
486 3015 514 3077 is
532 3013 586 3098 qui
600 3014 720 3096 pignus
735 3009 935 3098 (fiduciam‘l)
951 3011 1084 3095 dederit,

62 3104 142 3188 qnia
169 3106 228 3166 tua
256 3124 354 3166 cansa
381 3102 415 3166 id
442 3108 603 3167 caveatur.
646 3101 702 3166 sed
725 3101 901 3166 Atilicinus
924 3123 964 3165 ex
987 3122 1084 3165 causa

62 3190 246 3276 cogendum
274 3191 467 3255 creditorem
491 3212 561 3254 esse
585 3190 626 3254 ad
648 3189 849 3254 vendendum
873 3190 959 3254 dicit.
1007 3189 1084 3273 quid

63 3281 152 3344 enim
176 3279 205 3344 si
224 3279 328 3345 multo
348 3281 453 3343 minus
474 3281 517 3344 sit
535 3279 621 3362 quod
641 3279 795 3343 debeatur
814 3282 847 3343 et
866 3278 961 3343 hodie
979 3278 1083 3362 pluris

64 3369 175 3432 venire
197 3368 304 3452 possit
326 3369 443 3452 pignus
468 3364 635 3455 (fiducial)
660 3390 754 3453 quam
778 3367 914 3451 postea?

156 3457 208 3522 16.
235 3457 275 3522 D.
290 3457 342 3541 20,
357 3458 387 3540 6,
401 3459 431 3538 6,
446 3458 476 3522 2.
521 3455 681 3540 Ulpianus
708 3457 792 3521 libro
819 3452 1081 3540 septuagensimo

64 3545 164 3610 tertio
187 3546 228 3610 ad
253 3545 392 3610 edictum
415 3544 465 3631 (P.
483 3543 591 3632 1638).
613 3581 655 3592 -
743 3545 892 3611 Atilicini
914 3541 1098 3626 sententia,

119 3659 216 3709 Inrlapr.
231 3659 347 3700 antem.
360 3659 409 3699 1011„
423 3658 456 3700 ed.
470 3660 570 3702 Bremer.
594 3661 657 3716 11‚2.
901 3657 938 3708 lb
