2430 3944
99 191 143 256 30
170 191 215 245 ΙΙΙ.
232 189 308 246 GAII
323 188 471 244 CLAUDII
479 187 617 244 Nason.
628 187 772 242 GALBAE
784 187 894 243 TsMP.
903 187 1002 244 IURIS
1012 186 1113 244 CONS.
1145 206 1149 217 ·

28 378 33 394 2
97 354 312 419 interficiendi
344 351 468 416 domini
500 351 645 415 animum
673 351 863 434 sumpsisse,
895 354 934 415 ut
960 373 1027 415 non
1054 373 1117 416 vox

98 444 208 508 minax
231 441 400 524 excideret,
423 441 507 505 nihil
530 462 589 524 per
608 441 824 504 temeritatem
844 439 1116 524 proloqueretur?

99 554 177 598 sane
199 531 371 596 consilium
390 530 576 608 occultavit,
598 529 700 592 telum
719 529 805 593 inter
821 528 956 613 ignaros
974 529 1117 613 paravit:
1155 526 1161 571 ἶ

98 643 175 686 num
215 620 367 684 excubias
404 619 574 701 transiret,
615 617 756 682 cubiculi
797 618 884 682 fores
927 618 1118 701 recluderet,
1142 620 1161 703 .ξ

98 711 207 775 lumen
247 708 396 790 inferret,
436 706 567 772 caedem
603 711 750 789 patraret
787 706 937 771 omnibus
974 705 1123 776 nesciis‘l
1142 706 1161 805 j

97 799 201 863 multa
229 798 359 862 sceleris
385 796 507 860 indicia
533 796 759 879 praeveniunt:
793 795 896 860 servis
924 795 953 859 si
981 816 1119 878 pereun-

97 889 175 952 dum
203 889 261 965 sit,
287 887 323 949 ni
350 886 504 969 prodant,
531 905 704 968 possumus
733 883 854 968 singuli
882 885 968 948 inter
996 885 1117 970 plures,
1157 946 1161 957 ,

97 978 161 1041 tuti
186 976 272 1040 inter
295 975 425 1059 anxios,
451 977 617 1057 postremo
640 995 708 1037 non
731 973 828 1037 inulti
850 973 938 1037 inter
962 977 1116 1038 nocentes

98 1087 205 1151 agere.
261 1067 411 1147 suspecta
449 1063 628 1127 maioribus
664 1062 787 1126 uostris
819 1061 952 1126 fuerunt
983 1061 1117 1148 ingenis

98 1175 279 1234 servorum,
317 1152 415 1215 etiam
446 1173 520 1216 cum
552 1153 585 1214 in
617 1151 706 1235 agris
741 1154 799 1215 aut
831 1151 982 1215 domibus
1013 1151 1117 1216 isdem
1158 1232 1161 1238 1

98 1245 309 1306 nascerentur
328 1241 561 1324 caritatemque
572 1240 783 1304 dominorum
798 1239 910 1303 statim
924 1239 1117 1324 acciperent

96 1334 272 1415 postquam
301 1351 377 1393 vero
404 1329 554 1393 nationes
582 1328 616 1392 in
643 1328 776 1392 familiis
798 1327 969 1410 habemus,
999 1329 1116 1413 quibus

97 1419 217 1484 diversi
239 1419 335 1501 ritus,
364 1422 498 1482 externa
521 1439 614 1482 sacra
636 1420 695 1480 aut
716 1418 809 1481 nulla
831 1419 921 1502 sunt,
945 1417 1117 1482 colluviem

96 1510 195 1573 istam
223 1530 291 1572 non
318 1507 383 1570 nisi
411 1511 500 1570 metu
524 1506 713 1570 coercueris.
757 1511 791 1570 at
813 1505 945 1590 quidam
968 1506 1115 1572 insontes

96 1597 259 1680 peribunt.
312 1617 390 1660 nam
427 1599 460 1659 et
496 1617 535 1659 ex
571 1594 645 1658 fuso
683 1595 823 1659 exercitu
861 1614 933 1659 cum
972 1594 1115 1660 decimus

97 1686 232 1769 quisque
256 1684 334 1749 fusti
356 1683 486 1766 feritur,
509 1684 609 1750 etiam
634 1684 757 1747 strenui
780 1684 968 1748 sortiuntur.
1015 1683 1117 1748 habet

98 1774 219 1858 aliquid
257 1796 296 1837 ex
331 1773 444 1856 iniquo
477 1794 572 1836 omne
605 1792 762 1855 maguum
795 1774 992 1858 exemplum,
1031 1773 1116 1856 quod

98 1867 214 1927 contra
236 1863 384 1946 singulos
406 1860 550 1925 utilitate
572 1861 702 1944 publica
724 1862 921 1944 rependitur.

188 1960 375 2024 ‘Sententiae
395 1962 491 2023 Cassii
509 1968 545 2023 ut
562 1983 650 2023 nemo
669 1982 747 2023 unus
766 1965 928 2023 contraire
948 1983 1040 2024 ausus
1060 1964 1116 2042 est,

97 2056 143 2114 ita
175 2055 313 2115 dissonae
345 2071 433 2115 voces
464 2053 687 2128 respondebant
718 2072 877 2112 numerum
905 2057 959 2112 aut
986 2055 1117 2114 aetatem

98 2147 152 2203 aut
184 2163 289 2203 sexum
320 2161 354 2202 ac
386 2143 584 2217 plurimorum
616 2142 772 2201 indubiam
799 2141 1001 2201 innocentiam
1028 2143 1117 2202 mise·

96 2234 237 2293 rentium.
293 2231 464 2306 praevaluit
495 2233 598 2289 tamen
628 2249 712 2307 pars,
745 2250 821 2306 quae
854 2231 1036 2306 supplicium
1069 2231 1117 2290 de·

97 2322 245 2380 cernebat.
310 2320 362 2378 sed
409 2319 612 2394 obtemperari
657 2339 717 2379 non
759 2321 892 2396 poterat,
934 2320 1118 2398 conglobata

98 2409 292 2468 multitudine
317 2411 348 2466 et
370 2426 443 2466 saxa
466 2426 501 2465 ac
524 2408 603 2466 faces
621 2408 763 2467 minante.
804 2411 871 2466 tum
890 2407 1002 2467 Caesar
1019 2428 1116 2485 popu·

98 2499 161 2556 lum
189 2497 287 2556 edicto
314 2495 465 2571 increpuit
492 2503 584 2572 atque
613 2516 698 2555 omne
725 2497 796 2569 iter,
826 2516 884 2573 quo
913 2497 1049 2556 damnati
1078 2497 1117 2558 ad

97 2605 225 2661 poenam
248 2586 444 2660 ducebantur,
467 2584 650 2643 militaribus
673 2585 833 2661 praesidiis
852 2586 975 2660 saepsit.
1012 2604 1115 2646 censu-

100 2678 166 2734 erat
190 2673 353 2752 Cingonius
377 2673 488 2750 Varro,
515 2676 551 2732 ut
573 2674 676 2733 liberti
699 2693 831 2751 quoque,
854 2675 907 2751 qui
930 2675 985 2734 sub
1010 2677 1117 2735 eodem

97 2767 178 2822 tecto
202 2762 343 2838 fuissent,
372 2762 465 2822 Italia
488 2762 732 2840 deportarentur3
760 2763 792 2821 id
814 2779 834 2820 a
855 2763 991 2840 principe
1014 2763 1116 2839 prohi-

99 2852 196 2911 bitum
233 2855 291 2926 est,
326 2870 364 2910 ne
401 2870 465 2910 mos
503 2853 657 2929 antiquus,
694 2871 783 2927 quern
818 2851 1025 2911 misericordia
1055 2871 1117 2912 non

99 2941 262 3016 minuerat,
285 2960 340 3016 per
363 2940 522 2999 saevitiam
545 2933 773 3000 intenderetur'.
960 2933 962 2938 ’

360 3091 413 3150 IV.
442 3092 556 3151 Notae
581 3093 623 3151 ad
647 3091 852 3150 Vitellium.

187 3196 323 3257 Cassium
351 3199 390 3257 ad
412 3198 539 3258 Masurii
562 3198 665 3257 Sabini
693 3198 883 3274 opusculum,
911 3197 992 3272 quod
1018 3198 1113 3276 vulgo

98 3281 266 3346 ‘Vitellius'
289 3288 502 3347 nominabatur
525 3279 662 3368 (v.11,1
688 3307 716 3362 p.
732 3279 825 3366 376),
848 3289 936 3345 notas
959 3286 1115 3362 scripsisse

96 3376 245 3454 Ulpianus
272 3376 309 3434 D.
330 3379 380 3451 33,
397 3380 425 3453 7,
442 3379 493 3456 12,
509 3367 618 3454 27:1(v.
642 3375 722 3435 infra
745 3367 802 3456 31)
830 3376 952 3434 videtur
979 3376 1114 3452 tradere;

97 3466 176 3542 quod
207 3466 306 3525 nescio
339 3484 378 3523 an
410 3465 442 3523 in
473 3483 553 3525 nova
584 3464 787 3540 praeceptoris
818 3463 954 3540 opusculi
982 3463 1113 3524 editione

97 3556 176 3614 notis
199 3556 347 3614 instructa
370 3555 486 3615 fecerit.
591 3597 595 3607 ,
620 3593 624 3604 -
