2430 3944
95 200 161 264 534
461 199 741 255 ADDITAMENTA.

97 363 311 427 substitutum
335 362 506 427 admittere
526 366 559 426 et
577 363 717 446 amplius
737 361 777 427 ad
797 362 973 428 cretionem
993 364 1106 429 reverti

95 473 162 516 non
186 473 291 536 posse.

165 561 234 711 4rgd
261 563 455 623 Proeulianos
485 562 578 623 Gaius
607 562 727 622 videtur
757 563 917 639 respicere.
959 565 998 624 ef.
1021 564 1064 642 H,
1090 568 1105 622 2

95 654 161 728 p.l
210 694 217 710 .

290 777 337 834 De
359 780 444 850 rupto
466 777 511 835 ael
534 778 618 835 irrito
641 778 717 849 facte
740 779 916 838 testumeut.

187 894 251 959 15?
278 894 317 959 D.
332 895 389 976 49,
406 895 460 979 15,
476 895 518 959 10
528 917 576 978 pr.
608 892 808 978 Papinianus
831 895 917 959 libro
938 896 1104 960 vicensimo

96 1005 183 1048 nono
209 982 453 1059 Quaestionum.
475 1021 519 1031 -
547 982 644 1047 Pater
671 983 823 1048 instituto
851 983 1014 1068 impuberi
1046 983 1103 1048 filio

96 1071 309 1136 substitueret
327 1076 361 1136 et
380 1073 421 1136 ab
440 1072 590 1137 hostibus
610 1076 723 1155 eaptus
742 1071 789 1135 ibi
809 1071 960 1137 decessit.
1000 1077 1103 1156 postea

96 1159 246 1226 defuneto
270 1160 436 1244 impubere
460 1161 642 1245 legitimum
663 1160 793 1224 admitti
812 1160 1010 1244 quibusdam
1028 1161 1101 1226 vide

96 1247 191 1313 batur
218 1269 320 1332 neque
347 1249 477 1314 tabulas
507 1250 662 1313 secundas
688 1249 722 1312 in
747 1249 815 1313 eius
837 1271 981 1333 persona
1004 1251 1100 1315 loeum

97 1336 228 1422 habere,
252 1339 306 1421 qui
329 1337 403 1402 vivo
426 1341 521 1420 patre
544 1337 594 1402 sui
617 1338 697 1402 iuris
721 1337 855 1402 effeetus
878 1338 1007 1404 fuisset.

400 1515 451 1580 De
473 1515 617 1598 lepitimie
639 1513 805 1580 heredebus.

188 1636 250 1702 16?
276 1636 313 1702 D.
329 1637 360 1721 5,
373 1640 404 1720 4,
419 1641 447 1705 3.
476 1640 597 1703 Paulus
617 1639 701 1703 libro
722 1640 859 1722 septimo
880 1639 921 1704 ad
936 1639 1097 1705 Plautium.

98 1761 137 1773 -
154 1774 162 1790 .
177 1775 184 1788 .
200 1776 207 1790 .
226 1727 306 1790 iuris
328 1733 475 1792 auctores
494 1729 701 1792 medietatem
721 1727 885 1811 quandam
904 1730 1008 1792 secuti
1027 1730 1097 1807 sunt,

95 1819 132 1878 ut
159 1815 242 1895 quod
266 1815 333 1879 fieri
357 1838 422 1880 non
450 1838 521 1882 raro
549 1816 722 1881 admodum
750 1820 872 1899 potest,
898 1816 1097 1896 intuerentur,

95 1904 127 1967 id
162 1906 212 1968 est
245 1905 320 1988 quia
352 1905 422 1969 fieri
455 1908 599 1990 poterat,
629 1908 667 1969 ut
694 1905 867 1989 tregemini
894 1909 1096 1985 nascerentur,

96 1996 245 2077 quartam
268 1996 395 2076 partem
420 1995 586 2077 superstiti
611 1994 678 2058 filio
703 1993 954 2074 adsignaverint.

187 2100 237 2165 17.
260 2099 299 2164 D.
314 2101 366 2180 46,
377 2101 406 2183 3,
417 2101 470 2166 36.
501 2100 648 2164 Iulianus
670 2100 754 2164 libro
774 2101 880 2183 primo
900 2100 941 2164 ad
960 2099 1094 2166 Urseium

97 2187 258 2253 Ferocem.
283 2225 324 2235 -
350 2187 384 2252 si
411 2194 503 2272 pater
535 2211 625 2253 meus
659 2194 835 2272 praegnata
868 2210 968 2253 uxore
997 2189 1094 2253 relicta

97 2277 269 2341 decesserit
302 2281 334 2342 et
367 2299 405 2340 ex
438 2300 534 2342 eausa
561 2278 755 2342 hereditaria
782 2282 888 2341 totum
917 2278 993 2362 hoe,
1024 2272 1092 2361 quod

96 2367 184 2447 patri
212 2388 284 2430 meo
313 2366 457 2430 debitum
486 2367 614 2449 fuisset,
641 2367 809 2450 petissem,
843 2366 926 2430 nihil
957 2388 1008 2430 me
1035 2385 1091 2428 eon·

97 2455 273 2536 sumpsisse
308 2454 437 2538 quidam
471 2456 660 2519 existimant
694 2453 729 2537 <,
753 2455 779 2518 si
812 2459 984 2538 postumus
1012 2459 1090 2517 natus

96 2542 173 2624 sit),
206 2544 232 2605 si
268 2564 363 2607 nemo
395 2547 491 2608 natus
525 2545 581 2626 sit,
613 2547 700 2608 reete
732 2566 783 2607 me
817 2544 937 2629 egisse,
970 2543 1040 2627 quia
1066 2540 1090 2600 iu

97 2651 203 2693 rerum
228 2639 344 2695 natura
368 2654 478 2695 verum
497 2632 614 2696 fuisset
632 2654 683 2696 me
703 2632 979 2697 solum-heredem
1001 2631 1090 2695 fuisse.

187 2738 250 2801 18².
273 2735 312 2801 D.
323 2738 435 2822 38,10,
447 2739 498 2822 10,
510 2738 560 2803 15.
594 2737 683 2802 Idem
702 2737 758 2821 (se.
771 2735 908 2825 Paulus)
923 2738 1005 2803 libro
1024 2737 1088 2815 sing.

97 2824 135 2886 de
164 2825 327 2907 gradibus.
353 2863 390 2871 -
513 2827 567 2910 qui
600 2848 639 2890 ex
671 2826 826 2890 fratribus
859 2827 911 2891 vel
945 2825 1087 2891 sororibus

95 2917 281 2977 naseuntur.
312 2937 391 2997 quos
406 2916 534 2997 quidam
549 2917 596 2979 ita
611 2915 835 2997 distinxerunt,
851 2919 887 2979 ut
902 2937 957 2980 eos
972 2913 1087 3000 quidem,

96 3001 152 3083 qui
176 3023 215 3064 ex
238 3002 392 3067 fratribus
415 3005 485 3067 nati
509 3008 592 3086 sunt,
615 3004 733 3068 fratres
752 3005 916 3087 patrueles
941 3001 1086 3087 appellant,

97 3089 176 3152 item
191 3113 254 3173 eas,
269 3113 351 3174 quae
366 3114 404 3155 ex
418 3091 573 3157 fratribus
588 3095 784 3166 nataesunt,
799 3115 926 3157 sorores
938 3089 1086 3176 patrueles,

96 3200 134 3241 ex
158 3178 259 3242 fratre
283 3185 392 3245 autem
416 3185 448 3244 et
472 3202 580 3245 sorore
600 3181 752 3245 amitinos
772 3182 935 3263 amitinas,
957 3203 1009 3245 eos
1027 3193 1085 3242 vero

95 3273 128 3329 et
159 3288 227 3349 eas,
258 3269 313 3351 qui
344 3290 465 3351 quaeve
493 3291 531 3333 ex
559 3269 723 3334 sororibus
756 3270 827 3333 nati
861 3274 995 3334 nataeve
1020 3264 1084 3360 sunl,

97 3356 308 3420 consobrinos
330 3357 541 3422 consobrinas
561 3359 652 3442 quasi
672 3359 914 3442 consororinos3
940 3358 992 3423 sed
1007 3356 1082 3440 plen·

95 3464 156 3525 que
179 3444 240 3509 hos
264 3467 374 3509 omnes
399 3445 609 3511 consobrinos
634 3452 760 3511 vocant.

180 3555 218 3619 ef.
242 3556 257 3618 I
279 3578 309 3638 p.
329 3559 403 3621 413.
