2430 3944
144 199 193 256 111.
214 197 312 264 oure
333 156 585 265 Quaesumus
602 197 674 254 ver
694 197 1028 257 purissimorum.
1048 201 1112 265 571

94 362 182 446 quod
207 412 235 427 ..
259 362 309 427 ius
328 367 437 426 utrum
462 360 501 426 ad
520 361 636 426 Italica
658 366 785 426 tantum
804 363 936 445 praedia
956 385 998 428 an
1017 364 1115 428 etiam

94 451 137 516 ad
160 451 371 534 provincialia
393 452 563 535 pertineat,
587 450 762 516 dubitatur.

515 619 566 684 De
585 618 691 700 furtis.

189 736 238 799 16.
263 733 333 798 Gai.
362 736 391 813 3,
419 735 492 800 208.
521 771 557 781 -
589 784 626 799 ..
655 734 820 799 sciendum
854 741 904 799 est
931 736 1114 819 quaesitum

96 845 166 888 esse
191 845 234 886 an
258 823 395 906 inpubes
415 845 484 887 rem
507 824 648 888 alienam
668 824 846 889 amovendo
864 823 987 888 furtum
1009 824 1115 888 faciat.

189 913 238 976 17.
276 909 346 976 Gai.
375 913 410 996 3,
440 912 511 978 184.
546 949 585 958 -
619 963 657 977 ..
697 911 826 978 illorum
851 909 1021 977 ⁴sententia
1059 913 1114 996 qui
1173 947 1176 953 ·

95 1001 378 1082 existimaverunt,
420 1001 521 1065 donec
557 1000 716 1084 perferret
752 1022 790 1066 eo
823 1008 891 1085 ,quo
928 1002 981 1065 fur
1018 1002 1114 1065 desti·

95 1093 216 1174 nasset,
239 1089 475 1173 deprehensum
489 1089 612 1154 furtum
630 1089 838 1154 manifestum
858 1111 937 1174 esse,
955 1089 1028 1161 ideo
1047 1111 1114 1154 non
1192 1155 1194 1159 ,

95 1178 224 1243 videtur
251 1178 396 1260 probari,
426 1179 502 1262 quia
534 1199 686 1263 magnam
719 1178 834 1263 recipit
865 1178 1113 1253 dubitationem,

94 1272 204 1331 utrum
233 1267 328 1330 unius
357 1266 421 1331 diei
448 1289 490 1331 an
514 1267 613 1332 etiam
635 1267 779 1352 plurium
802 1267 927 1332 dierum
951 1267 1057 1351 spatio
1082 1267 1115 1331 id

95 1355 336 1420 terminandum
360 1356 412 1420 sit.

187 1445 239 1509 18.
263 1440 334 1509 Gai.
361 1446 396 1528 3,
426 1444 497 1510 198.
525 1481 562 1490 -
589 1445 717 1509 ..illud
741 1444 923 1530 quaesitum
948 1449 1011 1527 est,
1039 1467 1112 1510 cum

96 1532 204 1596 Titius
239 1553 366 1597 servum
395 1555 503 1597 meum
536 1532 775 1615 sollicitaverit,
806 1539 844 1597 ut
876 1534 1030 1618 quasdam
1062 1556 1117 1598 res

95 1621 178 1686 mihi
206 1621 388 1705 subriperet
414 1624 447 1687 et
475 1622 515 1687 ad
543 1644 616 1687 eum
644 1622 808 1706 perferret,
836 1621 892 1705 <et
920 1623 1054 1707 servus>
1084 1622 1117 1686 id

96 1710 136 1775 ad
174 1731 225 1774 me
262 1711 446 1794 pertulerit,
483 1730 557 1794 ego,
595 1711 671 1774 dum
708 1711 782 1775 volo
815 1709 936 1775 Titium
971 1711 1006 1775 in
1044 1712 1116 1795 ipso

96 1798 214 1864 delicto
247 1798 494 1883 deprehendere,
525 1799 727 1883 permiserim
761 1809 853 1864 ωηο
877 1800 1034 1883 quasdam
1064 1821 1115 1864 res

95 1888 135 1952 ad
159 1908 233 1951 eum
255 1887 407 1971 perferre,
429 1891 539 1952 utrum
561 1888 641 1951 furti
660 1909 702 1952 an
721 1887 806 1952 servi
828 1888 975 1972 corrupti
993 1887 1114 1952 iudicio

74 1979 248 2041 teneatur
271 1975 379 2040 Titius
403 1976 494 2057 mibi,
518 1998 559 2040 an
583 1981 706 2041 neutro.

189 2065 238 2129 19.
271 2065 311 2128 D.
343 2065 396 2148 47,
428 2067 459 2149 2,
491 2065 531 2129 21
566 2087 613 2150 pr.
666 2063 826 2149 Ulpianus
859 2064 944 2129 libro
979 2063 1118 2147 quadra-

97 2153 244 2238 gensimo
273 2153 313 2216 ad
342 2152 506 2218 Sabinum.
540 2190 582 2200 —
615 2153 769 2237 Volgaris
802 2157 852 2217 est
879 2152 1040 2236 quaestio,
1075 2175 1118 2216 an

94 2243 124 2306 is
148 2243 203 2326 qui
228 2264 268 2306 ex
291 2264 406 2307 acervo
430 2242 584 2307 frumenti
604 2242 762 2308 modicum
782 2241 926 2324 sustulit,
948 2241 1049 2306 totius
1069 2240 1117 2306 rei
1178 2269 1181 2275 ·

94 2331 219 2395 furtum
242 2330 342 2395 faciat
365 2352 408 2394 an
434 2352 509 2396 vero
534 2331 602 2396 eius
625 2336 752 2395 tantum
776 2330 862 2414 quod
886 2330 1032 2394 abstulit

458 2507 509 2573 De
532 2509 593 2591 leqe
614 2509 755 2590 Aquilia.

187 2631 237 2696 20.
262 2631 301 2696 D.
324 2633 378 2710 47,
403 2633 433 2714 1,
454 2633 484 2716 2,
510 2634 538 2697 1.
562 2634 592 2697 3.
638 2632 728 2697 Idem
750 2629 808 2718 (sc.
830 2628 1006 2718 Ulpianus)
1030 2631 1115 2695 libro

95 2720 369 2806 quadragensimo
387 2720 485 2785 tertio
504 2721 545 2784 ad
565 2721 730 2786 Sabinum.
759 2757 796 2766 -
818 2719 882 2796 Qui
902 2768 931 2785 ..
949 2719 1117 2784 hominem

96 2809 261 2893 subripuit
284 2813 318 2873 et
341 2809 466 2894 oceidit,
489 2811 565 2892 quia
587 2810 756 2894 subripuit,
779 2809 868 2893 furti,
892 2810 967 2893 quia
991 2808 1118 2891 occidit,

95 2898 231 2982 Aquilia
254 2902 393 2982 tenetur,
415 2920 518 2983 noque
539 2898 641 2963 altera
659 2898 775 2962 harum
794 2899 959 2963 actionum
980 2897 1116 2962 alteram

95 2987 260 3052 consumit
380 2988 563 3071 quaesitum
596 2992 655 3069 est,
687 2986 715 3050 si
748 2988 913 3052 condictus
946 2986 1045 3050 fuerit
1078 3007 1117 3048 ex

95 3097 196 3140 causa
218 3075 338 3140 furtiva
362 3097 404 3140 an
426 3074 529 3141 nihilo
553 3075 661 3139 minus
684 3075 756 3161 lege
774 3075 907 3160 Aquilia
925 3075 980 3158 agi
1003 3072 1117 3158 possit.

476 3252 526 3317 De
547 3253 742 3318 coudr'ctione.
870 3250 872 3254 ’

186 3377 238 3441 21.
263 3375 332 3441 Gai.
352 3377 382 3460 2,
406 3377 458 3441 82.
483 3413 524 3422 —
549 3426 583 3440 ..
607 3377 645 3439 de
668 3377 793 3461 pupillo
826 3376 1054 3456 ..quaeritur
1076 3396 1116 3437 an

95 3464 265 3547 num<mi>
284 3486 366 3548 quos
386 3469 515 3530 mutuos
535 3464 632 3547 dedit,
652 3468 692 3530 ab
713 3487 750 3529 eo
771 3465 826 3548 qui
841 3464 973 3546 accepit,
991 3463 1117 3528 actione

97 3576 152 3618 eos
176 3554 325 3638 persequi
349 3555 463 3638 possit,
487 3554 641 3638 quoniam
900 3556 1018 3638 potest.
1084 3597 1087 3600 -
