2430 3944
446 183 671 240 4.PLAUT1US
1001 183 1068 256 235

68 369 128 414 ors
166 347 303 414 cottidie
338 347 527 411 servitutem
559 346 680 412 habeat
712 342 770 432 (sc.
798 345 899 432 quis),
936 345 1066 414 Servius

68 436 160 502 eribit
186 435 321 521 perdere
350 457 423 500 eum
451 457 516 501 non
543 435 663 501 utendo
692 436 898 520 servitutem,
930 437 1006 523 quis
1032 437 1066 502 id

68 525 132 592 nod
154 525 259 590 hebet
281 524 496 591 cottidianum
519 524 570 589 sit

132 613 188 680 60.
216 612 257 678 D.
276 614 307 698 8,
325 613 356 697 3,
374 612 426 678 35.
471 611 592 677 Paulus
622 614 707 678 libro
736 614 850 698 quinto
875 613 1000 680 decimo
1025 616 1066 680 sd

69 704 213 769 lentium
243 699 297 790 (Ρ.
317 701 427 788 1212).
451 739 493 748 -
516 708 595 766 ..et
617 701 792 767 Atilicinus
824 703 872 767 eit
894 700 1066 769 Caesarem

68 793 177 857 totilic
200 791 308 856 Tauro
331 791 537 874 rescripsisse
560 791 595 854 in
617 791 698 856 haec
720 791 834 856 verba:
858 789 923 875 Ἧί,
947 793 1003 876 qui
1027 814 1067 857 ex

68 881 144 946 mdo
170 879 304 946 Sutrino
328 901 447 963 aquam
469 880 585 944 ducere
609 880 701 945 soliti
724 883 815 964 sunt,
840 880 990 945 adierunt
1013 902 1065 946 me

68 973 348 1053 roposueruntque
382 989 513 1052 aquam,
547 990 612 1052 que
642 991 702 1054 per
729 969 854 1053 aliquot
881 990 985 1034 annos
1014 969 1066 1035 nsi

68 1065 121 1123 1nt
148 1080 188 1122 ex
215 1057 320 1140 fonte,
349 1059 404 1141 qui
430 1057 537 1121 estin
560 1057 661 1122 fundo
685 1055 833 1142 Sutrino,
853 1057 975 1139 ‚ducere
1000 1081 1065 1124 non

68 1147 191 1212 otuisse
220 1145 313 1229 <se>,
341 1145 427 1229 quod
449 1145 524 1211 fons
548 1148 742 1230 exeruisset,
769 1151 803 1210 et
823 1150 940 1231 posteo
963 1168 1003 1212 ex
1026 1168 1064 1213 eo

68 1240 136 1302 »nte
163 1256 283 1320 equam
310 1234 409 1299 fluere
437 1235 598 1320 coepisse,
629 1236 856 1321 petieruntque
885 1258 905 1301 a
932 1258 999 1321 me,
1028 1239 1066 1301 ut

68 1325 131 1391 uod
163 1325 214 1389 ius
247 1345 315 1389 non
345 1321 556 1408 neglegentia
583 1329 640 1388 sut
667 1324 763 1408 culpa
791 1346 850 1389 sua
878 1324 1066 1407 omiserant,

68 1414 99 1478 ed
114 1413 192 1498 quio
206 1413 321 1477 ducere
335 1432 401 1477 non
413 1415 577 1496 poterant,
591 1412 642 1477 his
656 1413 894 1480 restitueretur.
927 1435 1065 1498 quorum

68 1503 126 1568 lilii
143 1501 325 1588 postulatio
345 1522 419 1565 cum
437 1522 503 1566 non
520 1501 633 1586 iniqua
651 1500 723 1567 viso
742 1502 793 1584 sit,
814 1502 1065 1569 succurrendum

68 1593 93 1657 is
127 1591 249 1675 putavi.
304 1589 415 1673 itaque
447 1589 532 1674 quod
564 1592 614 1654 ius
646 1590 832 1655 habuerunt
864 1595 956 1675 tuno,
990 1613 1064 1656 cum

68 1681 185 1745 timum
214 1701 252 1744 eo
279 1700 364 1762 aqua
386 1679 555 1761 pervenire
578 1679 619 1743 ad
642 1701 698 1743 eos
721 1701 787 1744 non
809 1680 933 1763 potuit,
961 1679 993 1744 id
1017 1679 1064 1744 eis

68 1768 175 1834 retitui
197 1765 326 1853 placet?

132 1857 185 1923 51.
212 1855 253 1920 D.
271 1857 324 1936 39,
343 1857 373 1941 3,
393 1857 444 1936 17,
462 1857 491 1920 2.
537 1855 659 1920 Paulus
687 1855 772 1920 libro
797 1856 911 1940 quinto
935 1856 1062 1922 decimo

68 1948 80 2012 l
108 1944 279 2011 Plautium
305 1941 354 2028 (P.
377 1943 486 2027 1215).
518 1981 556 1995 -
586 1943 650 2009 Vin
682 1941 813 2027 publice
840 1945 1062 2010 intercedente

68 2039 181 2101 suetus
206 2032 396 2098 servitutem
419 2033 576 2098 constitui
599 2054 695 2118 posse
718 2032 852 2116 placuit.

332 2253 360 2309 2.
393 2250 446 2309 Ad
469 2251 526 2310 ius
549 2250 782 2326 praetorium.

319 2376 366 2435 De
383 2378 481 2449 puetis
504 2379 530 2434 ot
552 2376 791 2434 conventionibus.

133 2476 199 2545 52?
224 2476 439 2559 D‚2,14‚32.
477 2475 598 2541 Paulus
616 2476 700 2540 libro
718 2476 816 2540 tertio
835 2474 876 2539 ad
895 2475 1060 2542 Plautium

68 2567 93 2632 .³.
113 2563 224 2653 1092).
247 2601 284 2612 -
307 2565 400 2643 Quod
419 2566 541 2630 dictum
560 2569 621 2650 est,
643 2564 672 2628 si
690 2585 765 2630 eum
783 2585 838 2628 reo
857 2568 992 2647 pactum
1010 2566 1063 2648 sit,

68 2664 78 2722 t
118 2677 182 2720 non
222 2657 367 2737 petatur,
405 2653 586 2718 fideiussori
623 2674 750 2737 quoque
786 2656 970 2736 competere
1007 2675 1061 2718 ex-

68 2745 240 2828 eptionem,
267 2750 401 2826 propter
424 2742 471 2807 rei
493 2763 668 2826 personam
690 2742 827 2826 placuit,
850 2764 892 2807 ne
916 2742 1063 2807 mandeti

68 2833 165 2899 edicio
184 2832 405 2898 convenietur.

400 2943 447 3002 De
463 2944 714 3016 procuratoribus.

135 3045 189 3109 53.
212 3043 251 3108 D.
267 3044 297 3126 3,
312 3045 342 3122 3,
358 3043 409 3110 61.
445 3042 536 3107 Idem
560 3040 618 3128 (sc.
637 3039 772 3128 Paulus)
795 3041 879 3108 libro
898 3045 1004 3126 primo
1024 3043 1064 3108 ad

69 3133 213 3198 lautium
241 3130 291 3218 (P.
313 3131 423 3216 1074).
452 3169 494 3221 ·.·
522 3131 671 3197 Plautius
704 3132 765 3195 ait:
802 3130 1064 3215 procuratorem1

68 3224 235 3287 umnatum
269 3242 336 3285 non
368 3221 484 3285 debere
521 3220 701 3298 conveniri,
737 3219 801 3283 uisi
834 3225 889 3285 eut
924 3222 958 3285 in
994 3243 1062 3285 rem

68 3333 141 3376 ram
162 3309 256 3375 datus
281 3313 368 3373 esset
391 3313 447 3373 eut
467 3308 640 3392 optulisset
658 3331 702 3392 se,
725 3331 798 3374 oum
817 3309 915 3374 sciret
934 3312 1063 3374 cautum

68 3422 112 3467 on
136 3420 216 3482 esse,
239 3398 390 3464 omnibus
414 3398 546 3480 placuit.

118 3562 133 3610 1
153 3556 238 3612 Leuci
257 3555 443 3626 ‘copritorem'
464 3556 548 3625 tepere
565 3555 632 3622 cult,
651 3555 698 3609 scd
714 3555 763 3611 cic
781 3554 849 3609 iore.
