2430 3944
48 213 53 221 .
95 167 160 230 212
181 165 228 222 IV.
243 165 460 221 VESPASIANI
474 165 549 221 ΤΙΤΙ
564 165 759 222 DOMITIANI
773 167 881 222 ΤΕΜΡ.
896 166 994 222 lorus
1009 165 1113 224 CONS.

97 330 132 393 in
159 331 358 394 testamento
383 330 444 394 sub
467 329 613 414 qualibet
636 330 822 395 condicione
845 330 998 395 libertate
1021 286 1116 394 servo

96 419 174 482 data
206 417 253 482 ita
285 419 468 504 scripsisset
500 417 588 482 ‘ante
616 419 838 483 condicionem
865 419 941 484 nolo
971 441 1045 482 eum
1075 420 1116 483 ab

96 506 214 571 herede
243 506 381 571 liberum
409 507 501 596 fieri,
533 507 616 571 nihil
644 508 750 572 valere
779 508 863 571 hanc
891 507 1116 573 adiectionem.

185 595 216 659 4.
238 593 278 661 D.
289 596 341 670 40,
351 594 381 673 5,
392 595 445 661 20.
489 595 688 678 Pomponius
712 596 795 661 libro
820 595 958 681 septimo
982 595 1118 680 Epistu-

96 685 203 748 larum
231 684 281 768 (P.
297 680 384 770 190).
410 721 451 730 -
481 686 577 770 Apud
605 683 766 749 Iulianum
792 685 840 749 ita
868 684 1024 769 scriptum
1053 690 1118 750 est:

99 772 139 836 ‘si
165 772 259 836 heres
283 778 417 857 rogatus
442 795 570 837 servum
594 774 821 845 manumittere
846 795 884 837 ex
906 773 1117 839 Trebelliano

98 865 230 926 senatus
259 862 406 926 consulto
432 861 645 926 heredItatem
669 863 859 941 restituerit,
887 862 962 948 cogi
986 863 1119 928 debebit

97 949 336 1035 manumittere,
358 954 400 1036 et,
423 951 451 1014 si
474 950 620 1014 latitabit
642 951 692 1014 vel
717 951 745 1015 si
767 952 854 1015 iusta
878 973 917 1015 ex
940 972 1038 1016 causa
1063 953 1118 1016 ab·

97 1039 169 1122 erit,
191 1042 323 1122 praetor
345 1060 443 1103 causa
466 1040 596 1124 cognita
620 1040 795 1104 secundum
815 1046 946 1104 senatus
966 1041 1119 1105 consulta

97 1128 138 1192 ad
160 1149 215 1192 eas
233 1148 346 1191 causas
365 1128 530 1212 pertinent
516 1129 563 1192 tia
581 1128 793 1231 pronuntiare
813 1129 952 1192 debebit.
991 1130 1017 1192 si
1040 1151 1116 1193 vero

96 1238 228 1281 serrum
260 1215 484 1299 usuoeperit
475 1238 518 1299 rs,
550 1218 601 1280 eui
633 1216 797 1281 hereditas
829 1218 943 1282 restitu
946 1222 981 1280 ta
946 1219 1119 1300 tfuerit,

97 1306 204 1406 ipsum
235 1306 358 1389 [compe
361 1306 415 1386 tit]
442 1305 586 1369 manumi
587 1308 670 1369 tere
694 1309 727 1369 e
713 1306 893 1370 t'eadem
884 1328 918 1369 1n
941 1327 1120 1389 personam

97 1395 167 1457 eius
186 1393 352 1458 observari
370 1394 538 1458 conveniet
538 1415 652 1479 ,quae
672 1395 759 1460 circa
778 1399 941 1478 emptores
961 1400 1031 1458 cust
1018 1397 1120 1459 todiri

98 1480 225 1546 solent
268 1503 310 1545 an
332 1482 412 1547 haec
435 1504 512 1547 vera
529 1483 709 1566 put..es‘l
721 1482 913 1548 .Aristotet
931 1483 1118 1548 Octauenus

97 1570 259 1654 putabant
245 1571 380 1635 thunc
417 1593 560 1653 servum,
597 1573 636 1636 de
673 1593 737 1655 quo
770 1575 992 1656 quaereretur,
1027 1573 1120 1637 fidei·

98 1659 291 1723 commissae
314 1659 505 1725 hereditatis
529 1682 595 1724 non
617 1682 698 1746 esse,
719 1661 797 1745 quia
814 1664 954 1725 testator
970 1662 1119 1746 rogando

98 1748 259 1829 heredem,
282 1753 319 1812 ut
341 1769 414 1812 eum
438 1751 693 1832 manumitteret,
717 1771 783 1813 non
807 1749 937 1814 videtur
955 1749 994 1813 de
1014 1772 1052 1814 eo
1072 1773 1121 1815 re-

98 1837 263 1901 stituendo
279 1836 428 1902 sensisse.

431 1967 478 2024 De
500 1968 789 2026 manumissionibus.

188 2067 217 2132 5.
240 2066 281 2131 D.
290 2068 343 2150 40,
356 2068 383 2148 1,
395 2068 445 2131 13.
482 2066 682 2151 Pomponius
702 2068 786 2133 libro
806 2069 911 2151 primo
931 2090 970 2133 ex
988 2069 1121 2135 Plautio

100 2154 149 2242 (P.
159 2152 249 2243 327).
267 2192 310 2202 -
330 2155 447 2220 Servus
469 2154 585 2220 furiosi
610 2157 650 2220 ab
673 2157 820 2241 adgnato
840 2163 985 2221 curatore
1005 2181 1122 2223 manu-

99 2244 186 2310 mitti
214 2267 279 2309 non
307 2248 431 2329 potest,
459 2244 536 2328 quia
562 2244 598 2308 in
625 2245 905 2309 administratione
928 2248 1123 2330 patrimonii

100 2333 311 2398 manumissio
335 2355 400 2397 non
424 2338 482 2397 est.
524 2332 552 2396 si
573 2338 684 2397 autem
703 2355 742 2397 ex
759 2333 1001 2399 fideicommissi
1020 2358 1123 2401 causa

100 2422 231 2487 deberet
270 2421 455 2485 libertatem
496 2421 651 2506 furiosus,
694 2421 907 2487 dubitationis
950 2424 1121 2490 tollendae

100 2532 196 2576 causa
229 2509 270 2573 ab
303 2509 445 2595 adgnato
476 2509 742 2591 mancipandum¹
769 2533 911 2595 servum,
944 2517 981 2576 ut
1010 2513 1051 2577 ab
1083 2536 1123 2579 eo

101 2600 153 2664 oui
176 2595 395 2680 mancipatus²
418 2602 504 2662 esset
527 2601 787 2681 manumittatur,
812 2599 996 2665 Octauenus
1019 2602 1077 2666 ait.

191 2688 219 2752 6.
234 2686 477 2752 Fanosithna.
495 2686 741 2772 -Peregrinus
756 2690 975 2753 manumissor
990 2711 1123 2755 servum

99 2798 168 2841 non
194 2779 303 2861 potest
330 2776 370 2840 ad
393 2775 605 2840 Latinitatem
629 2777 815 2860 perducere,
844 2779 921 2860 quia
943 2779 995 2842 lex
1017 2779 1123 2858 Iunia,

102 2887 184 2950 quae
220 2864 411 2930 Latinorum
443 2884 544 2948 genus
577 2865 772 2951 introduxit,
804 2888 870 2930 non
902 2868 1047 2950 pertinet
1082 2868 1124 2932 ad

101 2953 287 3040 peregrinos
316 2953 582 3037 manumissores,
611 2954 695 3017 sieut
722 2958 756 3018 et
779 2953 964 3020 Octauenus
992 2958 1124 3041 probat.

422 3130 471 3195 De
492 3131 592 3212 operis
614 3131 799 3196 libertorum.

193 3239 221 3303 7.
254 3236 292 3301 D.
307 3237 361 3320 40,
375 3237 404 3319 9,
420 3236 471 3318 32,
486 3237 516 3300 2.
561 3235 651 3301 Idem
680 3239 738 3324 (sc.
757 3237 930 3303 Terentius
955 3237 1123 3326 Clemens)

101 3327 186 3393 libro
216 3331 330 3392 octavo
359 3326 400 3389 ad
427 3327 532 3410 legem
560 3324 678 3390 Iuliam
706 3330 740 3390 et
762 3326 897 3410 Papiam
922 3327 971 3413 (P.
987 3326 1055 3414 21).
1081 3367 1120 3376 —

176 3472 189 3520 1
211 3466 287 3520 Trib.
306 3463 482 3521 tradendum.

175 3542 190 3590 2
213 3537 288 3592 Trio.
307 3534 436 3590 traditus.
