2430 3944
421 199 447 251 ¹1.
464 192 654 250 Plooounus
980 196 1044 263 133

62 378 142 422 eorum
159 356 278 439 cedere,
303 357 460 442 quianon
479 357 560 422 haee
579 378 659 437 esse,
683 358 738 423 sed
755 380 814 442 per
833 380 870 424 ea
889 359 1043 425 solemus.

62 444 199 511 lrebatius
230 446 264 510 in
294 446 389 510 melle
417 449 530 511 eontra
558 446 686 532 scribit,
713 447 848 531 ..quia
876 448 940 512 mel
971 470 1041 513 esse

62 535 177 601 olenus.
217 535 274 600 sed
293 534 449 600 Proculus
473 535 582 599 omnia
599 534 679 600 haee
698 535 858 600 eontineri
873 585 901 600 ..
917 538 1043 620 scribit,

62 623 102 687 oisi
120 623 281 688 contraria
302 644 394 688 mens
417 623 586 688 testatoris
609 629 772 708 appareat.

119 711 146 778 5.
180 711 458 797 D.32,100,2.
510 711 682 778 Iavolenus
714 713 798 779 libro
832 713 969 782 seeundo
1003 736 1042 780 ex

62 801 264 882 posterioribus
286 798 459 866 Labeonis.
478 837 521 846 —
540 798 654 866 ‘Uxori
679 823 768 867 meae
792 807 926 886 vestem,
950 824 1041 867 mun-

62 887 109 954 hn
134 889 338 974 muliebrem,
367 895 558 954 ornamenta
582 890 703 971 omnia,
733 913 846 956 aurum
870 894 1042 977 argentum

62 976 117 1060 [uod
148 979 217 1042 eius
245 1000 343 1043 eausa
370 978 493 1043 foetum
520 983 735 1064 paratumque
764 984 850 1044 esset
878 1001 972 1044 omne
1001 980 1041 1045 do

62 1064 124 1150 ego'.
162 1066 336 1131 Trebatius
359 1066 439 1132 haec
463 1068 563 1132 verba
586 1067 684 1152 ‘quod
708 1066 776 1133 eius
801 1090 900 1134 eausa
920 1068 1043 1134 factum

62 1159 239 1239 nutumque
276 1155 349 1237 est',
386 1155 426 1219 ad
460 1177 574 1220 aurum
606 1161 639 1220 et
671 1161 842 1242 argentum
874 1158 1044 1222 dumtaxat

62 1243 142 1308 oferri
164 1248 274 1328 putat,
296 1243 455 1309 Proculus
479 1244 520 1308 ad
543 1245 653 1309 omnia
667 1295 674 1310 .
689 1293 719 1310 ..

119 1333 147 1399 6.
169 1332 253 1397 Ibid.
272 1335 292 1414 ἓ
308 1334 338 1398 3.
356 1370 401 1380 -
424 1330 485 1398 Oui
505 1330 675 1398 Corinthia
699 1355 777 1398 vasa
795 1335 906 1418 legata
925 1336 1044 1416 essent,

62 1440 138 1487 uaeas
165 1418 297 1505 βάσεις1
320 1444 447 1506 quoque
470 1443 582 1487 eorum
605 1443 758 1487 vasorum
782 1422 1044 1489 collocandorum

62 1529 125 1574 ausa
137 1515 269 1595 paratas
285 1511 394 1575 deberi
409 1510 582 1574 Trebatius
596 1511 773 1594 respondit.
809 1509 918 1576 Labeo
934 1514 1043 1575 autem

62 1596 75 1659 d
98 1621 158 1663 non
184 1601 317 1682 probat,
349 1599 416 1664 nisi
442 1596 574 1664 aeueas²
601 1596 715 1682 βάσεις
741 1603 881 1665 testator
908 1621 1042 1664 numero

62 1707 177 1751 usorum
195 1688 321 1753 habuit.
357 1687 513 1753 Proculus
528 1709 603 1751 vero
620 1739 625 1752 .
641 1737 648 1753 .
663 1690 718 1770 ait,
737 1690 765 1752 si
780 1709 897 1753 aeneae
912 1689 1041 1774 quidem

62 1774 113 1860 int,
133 1798 197 1840 non
222 1780 331 1841 autem
353 1775 554 1858 Corinthiae,
577 1798 645 1840 non
667 1776 785 1840 deberi.

118 1866 144 1928 7.
171 1863 209 1928 Ι).
226 1866 299 1948 7,8,
316 1866 413 1947 12,1.
458 1863 618 1949 Ulpianus
643 1865 727 1930 libro
751 1866 889 1949 septimo
914 1865 1039 1930 decimo

62 1950 241 2018 dSabinum
260 1952 311 2039 (P.
324 1950 452 2039 totth).
474 1989 516 2000 —
534 1952 667 2018 Praeter
684 1952 924 2018 habitationem
945 1977 1041 2039 quam

62 2040 137 2125 ubet,
158 2043 210 2106 eui
230 2065 308 2106 usus
328 2042 422 2106 datus
447 2045 506 2125 est,
529 2041 758 2106 deambulandi
782 2063 907 2127 quoque
932 2046 964 2105 et
989 2063 1041 2127 ge-

62 2130 136 2194 tondi
161 2133 212 2195 ius
240 2130 381 2196 habebit.
429 2127 567 2195 Sabinus
596 2136 629 2194 et
652 2129 783 2196 Cassius
813 2135 846 2194 et
873 2131 972 2215 lignis
1002 2131 1042 2194 ad

62 2236 122 2282 uum
148 2219 362 2285 cottidianum
391 2223 422 2283 et
450 2219 547 2284 horto
577 2222 609 2284 et
632 2220 739 2304 pomis
763 2224 795 2283 et
818 2220 983 2285 holeribus
1008 2224 1041 2283 et

62 2302 158 2372 loribus
188 2311 221 2373 et
249 2330 333 2391 aqua
361 2330 492 2372 usurum
523 2305 580 2394 (sc.
605 2328 677 2371 eum
704 2308 756 2373 eui
779 2307 870 2372 fundi
893 2330 971 2373 usus
997 2308 1041 2372 le-

62 2397 123 2473 gatus
145 2396 223 2482 est),
251 2419 315 2461 non
339 2419 440 2481 usque
464 2398 503 2460 ad
528 2397 766 2481 compendium,
790 2397 846 2461 sed
870 2397 910 2461 ad
934 2419 1040 2481 usum,

62 2482 148 2550 eilioet
170 2507 237 2550 non
260 2507 361 2569 usque
385 2485 424 2549 ad
449 2486 593 2549 abusum.
633 2485 719 2550 idem
742 2485 859 2570 Nerva,
884 2490 916 2550 et
941 2487 1040 2551 adicit

62 2574 215 2639 tumentis
235 2577 269 2638 et
288 2575 459 2638 sumentis
479 2575 577 2638 etiam
596 2596 740 2656 usurum,
759 2575 816 2639 sed
833 2597 937 2659 neque
952 2575 1041 2640 foliis

62 2677 129 2744 oeque
160 2664 231 2727 oleo
263 2684 366 2746 neque
401 2663 563 2727 frumento
592 2684 695 2747 neque
723 2664 872 2748 frugibus
899 2686 1041 2728 usurum.

62 2747 91 2812 od
117 2749 254 2816 Sabinus
287 2755 320 2815 et
352 2749 483 2816 Cassius
516 2757 549 2815 et
581 2751 691 2816 Labeo
725 2756 758 2817 et
790 2752 946 2817 Proculus
979 2752 1041 2816 hoe

62 2839 165 2922 mplius
190 2841 292 2905 etiam
315 2861 354 2904 ex
377 2840 428 2904 his
453 2862 535 2924 quae
559 2840 594 2903 in
617 2840 717 2906 fundo
741 2843 931 2924 naseuntur,
955 2840 1040 2925 quod

62 2923 209 2994 linctum
235 2928 298 2992 sibi
322 2928 454 3012 suisque
479 2928 620 2993 sufficiat
643 2932 848 3013 sumpturum
871 2933 904 2992 et
927 2951 966 2992 ex
989 2929 1040 2992 his

62 3033 109 3092 {uae
130 3017 238 3083 Nerva
260 3017 401 3102 negavit.

117 3106 143 3170 8.
176 3106 216 3171 D.
240 3105 293 3189 35,
318 3108 346 3188 1,
369 3106 423 3190 40,
446 3104 476 3170 5.
505 3104 616 3170 'Idem
650 3103 707 3191 (so.
738 3104 923 3190 Iavolenus)
955 3105 1039 3169 libro

62 3196 164 3260 eoundo
189 3217 229 3259 ex
250 3195 486 3278 posterioribus
507 3194 674 3259 Labeonis.
696 3229 735 3241 -
756 3194 914 3259 Thermus
934 3195 1040 3258 minor

62 3299 163 3360 luorum
189 3283 350 3348 arbitratu
373 3287 618 3348 monumentum
644 3283 706 3348 sibi
729 3283 800 3347 fieri
823 3285 918 3348 vellet
941 3287 1039 3346 testa-

103 3497 114 3543 1
134 3493 179 3547 ΡΖ.
199 3492 333 3566 taddeam.

101 3563 178 3619 tFl.
198 3566 222 3619 si
241 3582 296 3619 eas.
