2430 3944
447 150 471 197 t.
495 141 611 198 TITIUS
630 141 760 199 ARISTO
1043 143 1108 209 385

93 310 129 372 et
160 306 282 390 pacisci
316 305 455 385 soleant,
487 327 529 370 ne
558 329 577 370 a
606 306 679 370 viva
707 303 878 388 exuatur&
929 306 1015 391 quod
1042 328 1109 373 non

93 416 168 460 csse
193 393 298 459 simile
322 394 444 479 accepi3
469 394 555 458 aliud
580 398 630 458 est
650 395 735 459 enim
755 394 881 458 differre
900 396 1109 481 exactionem,

94 482 186 550 aliud
221 484 262 549 ab
295 482 389 548 initio
421 484 455 547 in
487 483 520 547 id
551 487 680 567 tempus
710 483 872 568 stipulari,
905 506 967 569 quo
996 487 1109 549 matri-

94 572 244 638 monium
270 571 413 636 futurum
443 594 508 637 non
537 572 588 636 sit.
632 572 729 656 idque
757 575 790 637 et
816 571 964 638 Aristoni
991 577 1024 637 et
1045 572 1109 638 Ne-

94 661 182 728 ratio
208 664 241 726 et
261 660 444 746 Pomponio
467 662 582 745 placet.

187 766 239 832 35.
271 765 311 831 D.
330 767 384 849 24,
401 767 431 850 3,
450 767 548 851 44pr.
597 764 718 831 Paulus
751 767 835 831 libro
868 768 981 851 quinto
1011 765 1111 844 Quae-

93 856 242 922 stionum
266 853 316 941 (P.
339 854 448 941 1333).
470 891 515 901 -
539 853 574 920 si
602 876 693 922 socer
719 878 738 920 a
761 876 880 941 genero
903 856 996 921 heres
1019 857 1110 921 insti·

93 948 190 1010 tutus
224 944 342 1010 adierit
372 943 601 1029 hereditatem,
633 943 825 1029 quandoque
858 949 985 1010 mortuo
1017 949 1111 1030 patre

93 1055 172 1100 oum
191 1032 307 1098 herede
326 1032 395 1098 eius
414 1033 515 1098 filiam
533 1033 572 1097 de
591 1033 667 1099 dote
686 1037 831 1099 acturam
848 1032 958 1099 Nerva
976 1039 1010 1099 et
1029 1033 1111 1100 Cato

94 1121 346 1205 responderunt,
364 1125 401 1186 ut
420 1126 470 1186 est
487 1121 625 1186 relatum
646 1122 730 1206 apud
751 1120 882 1187 Sextum
897 1121 1111 1206 Pomponium

93 1211 300 1296 digestorum
325 1211 365 1274 ab
389 1207 544 1275 Aristone
566 1210 651 1275 libro
675 1210 796 1295 quinto.

188 1305 301 1364 Paulus
329 1304 425 1363 addit:
458 1300 583 1363 ‘ibidem
611 1303 747 1364 Aristoni
774 1299 944 1365 consensit'.
989 1324 1049 1364 non
1076 1306 1112 1365 de

96 1393 266 1467 Aristonis,
295 1392 347 1452 sed
375 1393 410 1452 de
434 1392 592 1469 Pomponii
618 1393 694 1453 libro
724 1394 827 1471 quinto
855 1413 1021 1454 sermonem
1048 1413 1112 1454 esse

93 1501 191 1559 supra
213 1503 242 1559 p.
259 1483 323 1541 374
347 1481 480 1559 exposui.

280 1582 444 1736 satie
461 1582 792 1759 {statui
808 1583 895 1737 ui
918 1584 1113 1761 irrisu

96 1757 325 1848 >

313 1899 322 1933 ,
705 1899 711 1913 .

466 2014 513 2073 Dc
534 2016 621 2073 rebus
642 2016 755 2073 onwtie.

192 2114 243 2180 37.
273 2113 313 2181 D.
328 2116 380 2194 25,
399 2116 428 2198 2,
449 2116 479 2199 6,
497 2115 603 2180 2-5.
648 2113 768 2178 Paulus
796 2113 879 2180 libro
908 2117 1046 2199 septimo
1075 2117 1115 2181 ud

100 2202 262 2269 Sabinum
287 2200 337 2290 (P.
354 2204 462 2285 1775).
489 2239 525 2250 —
553 2203 588 2269 Si
611 2209 686 2286 post
709 2203 883 2268 divortium
906 2205 1043 2270 maritus
1063 2205 1115 2269 de-

97 2291 246 2376 cesserit,
269 2291 362 2356 heres
386 2293 454 2357 eius
473 2314 580 2357 rerum
600 2296 783 2357 amotarum
802 2292 920 2358 iudicio
938 2295 987 2357 uti
1006 2297 1116 2378 potest

97 2431 108 2448 .
124 2432 131 2445 .
146 2429 155 2447 .
171 2381 226 2445 sed
241 2381 269 2445 si
288 2384 392 2446 morte
412 2381 522 2446 mariti
542 2381 683 2446 solutum
698 2380 742 2445 sit
756 2382 1008 2467 matrimonium,
1021 2383 1115 2449 heres

98 2471 213 2535 mariti
236 2468 426 2534 hereditatis
447 2470 605 2553 petitione
624 2470 674 2533 vel
695 2469 735 2533 ad
754 2469 969 2535 exhibendum
990 2472 1115 2536 actione

98 2580 158 2625 eas
184 2554 241 2644 (sc.
260 2579 312 2622 res
337 2556 479 2647 amotas)
503 2559 656 2642 consequi
679 2558 808 2642 poterit.
848 2557 962 2624 Aristo
986 2565 1019 2625 et
1042 2583 1115 2626 con·

99 2646 168 2713 dici
201 2647 231 2711 ci
264 2642 320 2731 (sc.
349 2645 493 2732 mulieri)
521 2669 616 2731 posse
636 2696 665 2713 ..
684 2650 793 2731 putat,
825 2649 901 2733 quia
929 2671 968 2713 ex
995 2650 1117 2715 iniusta

98 2756 203 2802 causa
227 2735 311 2820 apud
335 2757 407 2800 eam
431 2740 546 2801 essent.

194 2847 336 2906 Fortasse
369 2848 519 2907 sententia
549 2849 650 2923 potius
684 2847 721 2905 ad
750 2850 840 2923 caput
867 2846 903 2906 de
931 2849 1117 2910 condictione

98 2929 200 3018 (infra
222 2957 250 3012 p.
267 2927 345 3016 386)
368 2935 525 2996 referenda
548 2939 603 2995 est.

524 3089 573 3155 De
595 3090 704 3155 tutelis

195 3197 247 3262 38.
276 3195 350 3261 Vat.
373 3196 412 3262 fr.
434 3197 608 3262 197-199
637 3194 725 3283 (Ulp.
750 3196 788 3261 de
817 3198 867 3262 off.
892 3221 938 3283 pr.
963 3198 1046 3284 tut).
1076 3235 1114 3245 —

101 3287 155 3353 An
177 3286 264 3350 bello
285 3287 396 3350 amissi
415 3309 435 3350 a
453 3287 555 3351 tutela
574 3306 725 3350 excusare
745 3285 905 3351 debeant?
942 3291 1117 3354 ...utrum

178 3449 191 3496 1
215 3441 254 3496 Fl
270 3441 442 3497 exhibeatur.

178 3519 193 3567 2
217 3514 290 3569 Trio.
311 3514 494 3569 exactionem.

159 3613 257 3662 Iurispr.
272 3613 392 3654 antehadr.
407 3613 611 3654 rell.ed.Bremer.
632 3615 664 3664 11,
675 3617 693 3654 2.
872 3608 907 3658 25
