2430 3944
401 112 427 164 8.
447 106 600 164 uramus
617 107 740 164 FFBOX
1013 111 1076 176 181

150 271 204 336 24
228 267 268 336 D.
282 270 337 354 24,
350 270 382 353 3,
395 270 447 336 32.
478 270 569 335 Idem
585 267 643 358 (sc
656 267 816 358 Iulianus)
835 271 919 337 libro
938 274 1077 340 secundo

61 359 102 424 sd
128 357 283 425 Urseium
310 357 465 424 Ferocem
491 356 541 446 (P.
560 356 650 444 894).
680 396 723 407 -
752 357 787 425 Si
818 359 908 443 prior
939 362 1077 427 moritus

60 447 237 532 posteriori
273 446 360 512 dctis
395 447 526 512 nominc
562 452 730 531 tamquam
767 448 896 513 debitor
930 451 1076 516 mulieris

60 536 172 602 dotem
189 535 387 621 promiserit,
403 557 471 601 non
488 537 562 620 plus
580 558 677 620 quem
696 536 730 600 id
749 538 835 621 quod
854 537 958 602 fucere
972 540 1079 623 possit

60 624 149 690 dotis
170 623 319 689 futurum
342 645 422 690 osse.

151 712 206 779 25.
229 711 269 777 D.
282 713 337 792 46,
351 713 382 796 3,
396 713 448 777 37.
484 711 574 778 Idem
593 712 650 795 (sc.
663 711 824 797 15115555)
837 714 921 780 libro
937 715 1077 781 secundo

61 800 104 866 ed
132 799 288 866 Urseium
315 800 468 868 Ferocem
496 797 545 888 (Ρ.
565 799 654 886 906).
675 838 721 849 -
743 801 902 879 Quotiens
928 825 1011 868 unus
1039 826 1078 868 ex

60 887 281 972 oportueritnel
299 910 392 954 suem
409 893 536 974 portem
554 891 715 975 solvisset,
732 896 898 975 tamquam
911 892 1079 976 negotium

60 1000 120 1043 reo
143 980 314 1063 gessisset,
339 979 473 1062 perinde
495 978 680 1044 habendum
703 999 778 1063 esce,
800 1001 838 1044 ac
861 980 889 1043 si
911 1002 986 1045 reus
1008 981 1079 1065 ipse

60 1067 161 1131 unius
190 1064 365 1149 sponsoris¹
391 1070 518 1151 partem
547 1068 713 1152 solvisset,
740 1067 797 1132 sed
819 1072 930 1133 tumen
953 1074 1078 1135 utnon

62 1177 102 1220 ex
126 1161 217 1222 sorte
239 1155 382 1221 decedat

150 1249 199 1308 De
222 1249 302 1309 dotis
324 1249 522 1325 promissione
544 1250 665 1310 videtur
687 1252 790 1310 ectum
811 1249 913 1310 fuisse.

152 1350 207 1416 26.
234 1349 275 1413 1).
293 1351 347 1432 24,
365 1351 395 1432 3,
413 1350 466 1416 59.
511 1350 657 1416 Iulianus
684 1351 769 1416 libro
793 1352 933 1416 secundo
956 1352 997 1416 ed
1019 1350 1079 1418 Ur·

60 1439 168 1504 seium
191 1437 343 1504 Ferocem
367 1435 419 1525 (P.
434 1436 524 1525 895).
549 1476 587 1486 -
613 1439 716 1504 Filiae
742 1461 833 1504 meae
856 1442 1079 1525 emancipatos

59 1533 94 1592 ct
121 1548 242 1612 aegrae
269 1528 319 1592 vir
345 1527 381 1591 in
407 1528 470 1593 hoc
498 1528 667 1613 repudium
696 1526 801 1611 misit,
828 1533 866 1592 ut
887 1533 1017 1594 mortua
1040 1552 1079 1595 ee

62 1617 176 1681 dotem
198 1614 307 1699 potius
330 1615 501 1681 heredibus
520 1619 590 1681 eius
609 1638 706 1699 quem
726 1616 806 1680 mihi
824 1616 979 1683 redderet
1020 1616 1079 1683 Sc-

57 1704 160 1770 binus
193 1703 322 1770 (1105551
349 1704 431 1769 utile
458 1705 538 1768 mihi
566 1705 635 1770 eius
663 1704 749 1770 dotis
776 1705 1004 1788 reciperandae
1031 1709 1079 1772 iu-

59 1793 185 1860 dicium
207 1792 350 1857 dandum
372 1814 458 1875 esse,
482 1793 583 1858 Gaius
605 1794 700 1858 idem.

293 1968 345 2034 De
366 1970 556 2052 adquirendo
577 1990 684 2035 rerum
705 1971 851 2036 dominio

150 2077 205 2141 27.
227 2073 267 2140 Ι).
280 2076 335 2156 45,
348 2076 379 2158 3,
395 2077 444 2140 14.
480 2074 626 2142 Iulianus
645 2077 729 2141 libro
748 2077 846 2141 tertio
865 2075 905 2140 ad
927 2075 1077 2141 Urseium

61 2165 219 2231 Ferocem
247 2161 296 2250 (P.
314 2162 405 2250 917).
427 2201 471 2211 -
494 2163 612 2230 Servus
640 2187 731 2231 meus
759 2188 832 2230 cum
860 2165 946 2250 apud
972 2164 1078 2230 furem

60 2259 163 2333 esset,
191 2254 256 2317 furi
284 2253 351 2317 dari
377 2253 551 2336 stipulatus
576 2259 635 2319 est
680 2258 781 2338 negat
802 2255 867 2318 furi
890 2254 999 2319 deberi
1023 2252 1078 2318 Su-

60 2342 172 2425 binus,
204 2341 281 2427 quie
307 2362 346 2406 eo
373 2345 534 2426 tempore,
568 2364 632 2426 quo
662 2342 837 2427 stipulatus
865 2347 928 2426 est,
955 2343 985 2407 ei
1011 2365 1079 2409 non

64 2432 211 2496 serviret

150 2524 247 2584 Lenel
263 2523 308 2583 Ρ.)
332 2518 422 2593 ‘Quid
447 2524 473 2583 si
493 2524 570 2584 furis
592 2525 712 2584 nomine
730 2526 877 2600 mancipio
896 2526 1012 2601 accepit
1029 2526 1078 2585 vel

63 2613 226 2673 traditione
248 2613 468 2689 possessionem
491 2617 597 2672 neotus
620 2608 696 2672 est?'

151 2700 236 2772 Quae
267 2705 434 2778 sequuntur
466 2696 534 2760 ‘sed
564 2720 620 2761 nec
652 2720 708 2780 ego
741 2721 777 2761 ex
813 2721 850 2761 55
881 2702 1076 2779 stipulatione

66 2808 153 2868 agere
176 2793 291 2866 potero.
332 2789 385 2849 sed
404 2791 429 2849 si
447 2791 584 2849 detractu
601 2790 677 2850 furis
694 2809 822 2866 persona
840 2790 1001 2867 stipulatus
1020 2796 1076 2868 est,

69 2879 140 2938 mihi
166 2876 291 2955 quidem
317 2879 486 2954 adquiritur
513 2879 603 2955 ectio,
631 2879 685 2938 sed
706 2879 767 2938 furi
789 2898 843 2939 nee
864 2880 1001 2939 mandeti
1023 2899 1076 2939 nec

69 2967 125 3026 5115
146 2967 227 3026 50110
250 2967 393 3027 adversus
415 2987 464 3026 me
487 2967 554 3026 deri
576 2962 686 3040 debet',
708 2986 768 3027 non
789 2967 889 3026 Urseii
912 2973 990 3028 sunt.

152 3067 207 3134 28.
231 3067 269 3132 D.
283 3071 337 3153 41,
350 3070 381 3152 3,
395 3069 448 3134 35.
483 3067 630 3133 15115555
648 3068 732 3134 libro
750 3071 848 3133 tertio
868 3069 909 3133 ad
925 3069 1076 3134 Urseium

72 3151 220 3223 Ferocem
252 3153 301 3243 (P.
319 3156 410 3241 913).
437 3194 481 3204 -
509 3153 545 3222 Si
576 3157 688 3241 homo,
720 3159 810 3222 euius
842 3180 919 3222 usus
951 3158 1075 3223 fruetus

74 3242 193 3327 legatus
216 3250 296 3328 erat,
320 3246 360 3309 ab
383 3245 501 3311 herede
521 3268 695 3330 numquam
714 3268 883 3330 possessus
903 3247 1076 3330 subreptus

139 3407 153 3454 1
174 3401 252 3456 Tn't.
269 3399 490 3469 fideiussoribus,
509 3403 582 3471 quod
600 3402 684 3458 Lencl
701 3407 799 3458 555051.

137 3477 153 3525 l
174 3472 250 3528 unc.
267 3471 447 3528 fideiussoris.
