2430 3944
144 174 209 239 238
235 173 281 229 IV.
296 173 515 257 VESPASIANI
527 171 599 228 I'I'l'l
613 172 810 229 DOMITIANI
823 168 933 228 ΤΕΜΡ.
946 171 1045 228 IURIS
1060 172 1165 230 CONS.

147 346 221 421 agat
240 374 282 384 —
305 338 412 402 ‘Chius
434 361 494 402 non
518 342 577 401 orit
595 335 755 402 Aufidius'.
794 341 931 402 Iuvenul.
947 344 976 417 9,
991 342 1033 402 26
1056 334 1168 402 ‘notior

146 432 269 492 Aufidio
293 424 454 509 moechus',
477 430 530 490 ubi
553 430 634 490 idem
658 429 821 509 significari
838 423 982 510 videtur),
1006 431 1059 508 qui
1077 431 1167 490 iuris·

144 522 350 583 consultorum
372 538 516 596 responsa
537 520 660 581 videtur
683 519 848 596 collegisse.

233 602 401 686 ‘Fufidius’‚
417 609 522 685 dequo
533 627 663 686 suprap.
676 611 751 684 195,
768 628 828 669 non
841 607 923 667 idam
939 608 1097 670 habendus
1113 612 1168 669 osb

570 795 577 808 .
592 794 600 810 .
615 795 622 810 .
641 750 738 809 libri.

396 851 446 918 Dc
468 852 633 933 usufructu
655 852 772 917 duobus
795 851 901 936 uyau.

231 958 308 1025 vac.
330 959 370 1024 fr.
391 961 442 1025 77.
482 959 558 1044 Ulp.
581 960 604 1024 l.
626 955 723 1024 XVII
751 958 791 1023 ad
815 956 893 1024 Sab.
918 956 968 1044 (P.
982 957 1097 1047 2563).
1126 994 1163 1007 -

143 1049 275 1114 ...elsi
298 1071 363 1115 non
387 1049 453 1113 sint
472 1049 642 1131 coniuncti,
665 1053 778 1112 tamen
795 1048 1017 1112 ususfructus
1036 1049 1166 1133 lagatus

144 1136 240 1202 altari
268 1137 455 1222 adsuescit,
482 1140 519 1202 ui
545 1141 626 1220 puta
653 1137 682 1201 si
705 1136 788 1201 mihi
810 1136 902 1200 fundi
933 1158 1012 1202 usus
1039 1136 1166 1203 fructus

144 1228 320 1380 sepassratim
347 1227 460 1379 totiust
478 1226 599 1381 {illibi
628 1225 779 1379 similiticlr
796 1225 904 1378 liuerii
931 1246 1008 1290 usus
1039 1226 1165 1378 ffffm

143 1337 287 1380 rcrcus.
322 1336 444 1380 namu
505 1336 718 1380 esus...e
774 1335 1143 1380 uranus...scrrun

147 1426 306 1469 concursu
327 1408 438 1487 portos
456 1404 623 1469 habemus.
661 1403 747 1488 quod
766 1407 799 1467 ei
816 1404 851 1467 in
869 1403 1071 1488 proprietate
1090 1319 1166 1469 coni,

142 1493 301 1578 tingerel3
328 1514 405 1556 nam
434 1493 537 1557 altero
565 1491 754 1575 repudiante
783 1492 865 1557 aller
895 1495 1001 1556 ictum
1028 1490 1165 1557 fundum

144 1581 291 1646 haberet.
337 1580 394 1646 scd
419 1582 456 1645 in
482 1603 543 1645 usu
571 1581 679 1645 fructu
706 1581 768 1646 hoc
793 1581 866 1664 plus
889 1584 954 1663 aab,
1051 1585 1166 1646 conlra

143 1692 242 1754 quam
271 1670 465 1735 Atilicinum
492 1670 698 1752 respondisse
726 1667 895 1734 Aufidius¹
922 1666 1023 1735 Chius
1053 1669 1166 1748 refert,

144 1759 229 1842 quod
246 1758 490 1824 etconstibutus
505 1759 609 1823 nihilo
624 1759 729 1822 minus
745 1758 883 1823 amissus
896 1756 947 1823 ius
957 1758 1165 1823 adcrescendi

143 1848 298 1914 admittit.

235 1941 272 2002 cf.
295 1942 331 2002 D.
348 1946 376 2016 7,
392 1943 421 2019 2,
438 1945 466 2016 1,
486 1943 515 2002 3.
552 1939 700 2017 Ulpianus
729 1940 801 2001 ibid.
830 1934 858 2001 ‘.
877 1983 885 1999 .
904 1984 912 2000 .
930 1941 989 2002 obsi
1014 1960 1076 2001 non
1104 1943 1165 2000 sint

143 2030 297 2090 coniuncti
388 2031 529 2091 similiter
557 2030 651 2089 fucrit
678 2029 815 2107 relictus3
838 2048 922 2103 nam,
944 2033 980 2089 ui
1003 2033 1035 2089 ct
1058 2028 1164 2090 Celsus

222 2120 339 2194 scribit,
366 2138 586 2180 concursu
611 2119 664 2178 ssd
690 2117 722 2177 in
745 2119 906 2178 usufructu
930 2119 988 2178 hoc
1015 2119 1085 2193 plus
1109 2122 1165 2194 est,

143 2209 216 2286 quic
244 2212 275 2267 cr
305 2205 488 2268 constitutus
516 2212 547 2268 cb
578 2211 684 2284 postca
711 2207 839 2267 amissus
866 2207 960 2266 nihilo
987 2207 1089 2266 minus
1117 2207 1164 2266 ins

143 2297 333 2357 adcrescendi
354 2290 509 2356 admittib'.

458 2466 500 2548 6.
528 2470 820 2544 PUTEOLANII
822 2470 845 2543 S

231 2598 306 2657 iuris
329 2599 460 2675 peritus„
483 2617 572 2676 quom
596 2598 746 2674 Ulpianus
768 2601 890 2657 lantum
907 2596 1055 2674 laudarit,
1073 2596 1165 2657 Pnu-

144 2687 201 2746 olis
239 2691 275 2746 ut
304 2690 444 2764 apparat,
473 2690 565 2763 orbus,
588 2687 678 2764 primi
699 2687 829 2747 fortasse
852 2686 967 2746 sacculi
987 2686 1087 2760 homo,
1111 2686 1166 2762 qui

143 2776 382 2836 adsessoriorum
404 2776 497 2837 libros
521 2777 724 2852 composuisse
746 2775 890 2851 truditur,
919 2776 1053 2834 calorum
1076 2773 1165 2835 nobis

142 2866 273 2942 ignotus.

440 2953 741 3013 Adscssoriorum
764 2952 861 3012 libri.

232 3061 276 3119 Dc
295 3060 422 3119 Masurii
436 3059 539 3119 Sabini
554 3047 799 3120 Adscssoriorum
818 3059 895 3119 libro
911 3078 936 3119 v.
952 3057 993 3136 Π,
1009 3061 1024 3116 1
1041 3079 1072 3135 p.
1088 3061 1163 3153 367.

585 3166 676 3226 Liber
698 3165 723 3227 1.

233 3267 270 3332 D.
292 3270 323 3350 2,
344 3270 394 3351 14,
416 3269 466 3334 12.
512 3267 675 3351 Ulpianus
702 3264 789 3331 libro
816 3271 932 3350 quarto
956 3265 996 3330 ad
1019 3267 1163 3332 edictum

144 3357 192 3443 (Ρ.
212 3355 315 3440 251“).
338 3392 383 3405 -
406 3377 590 3423 ...nocere
618 3357 747 3421 constal
770 3351 828 3440 (so.
851 3360 985 3438 pactum
1007 3376 1162 3439 procura·

216 3486 230 3532 1
263 3477 393 3534 ‘aufidius
426 3477 458 3543 V,
487 3478 605 3533 correxit
632 3477 769 3547 Holluop:
801 3476 921 3547 copitcoi
948 3477 1101 3547 uipuauco
1129 3479 1163 3533 de

144 3550 274 3618 Fufidu'oo
291 3549 401 3606 errore’.
431 3548 588 3604 Mouuseu.
