2430 3944
95 185 160 250 580
460 179 739 234 emorrannum.

95 345 287 432 perveniret,
307 343 488 427 decesserit,
508 341 619 408 Sticho
638 342 956 426 libertascompetet
1040 365 1109 407 nam

97 438 208 501 favore
231 433 393 499 libertatis
412 435 576 516 receptum
596 435 653 514 est,
676 434 712 495 ut
730 435 859 496 mortuo
878 430 966 496 Titio
987 436 1109 514 tempus

99 545 264 609 superesse
292 521 467 604 uideretur,
496 542 559 606 quo
582 520 718 604 impleto
741 520 876 584 libertas
901 519 1110 605 contingeret.

465 679 515 745 Da
536 685 620 745 stota
638 681 737 745 libera

185 799 238 863 28.
267 795 335 862 Gai.
360 798 390 880 2,
413 796 486 860 200.
511 831 553 841 —
658 795 803 879 exemplo
833 797 924 861 statu
947 795 1055 877 liberi,
1080 793 1106 858 id

98 891 148 952 est
175 888 243 952 eius
272 885 358 950 servi
387 885 442 968 qui
469 887 663 949 testamento
692 885 751 948 sub
785 884 900 967 aliqua⁸
926 884 1105 949 condicione

98 977 181 1041 liber
209 995 279 1039 esse
312 975 419 1038 iussus
452 978 514 1057 est3
547 995 642 1056 quem
673 977 803 1037 constat
832 973 960 1038 interea
988 971 1104 1038 heredis

98 1087 227 1130 servum
250 1084 328 1127 esse.

418 1149 467 1215 De
491 1150 667 1215 libertorum
689 1149 783 1214 bonis.

188 1268 241 1333 29.
269 1266 338 1332 Gai.
353 1268 383 1342 3,
398 1266 448 1331 69.
469 1302 513 1313 -
537 1316 588 1330 ...
607 1264 688 1329 illud
708 1313 736 1330 ..
757 1269 909 1329 constare
930 1265 1069 1348 videtur,
1082 1262 1102 1326 si

101 1358 186 1421 solos
210 1356 331 1420 liberos
352 1377 390 1418 ex
409 1354 592 1438 disparibus
611 1354 759 1438 partibus
777 1357 938 1437 patronus
962 1352 1101 1437 <heredes

98 1446 287 1525 instituerit,
322 1465 360 1507 ex
392 1442 496 1507 isdem
525 1443 675 1526 partibus
703 1443 790 1508 bona
817 1441 942 1528 Latini,
975 1443 1002 1507 si
1028 1439 1101 1528 patri

98 1533 232 1597 heredes
256 1532 430 1615 exis>tant,
454 1532 495 1596 ad
518 1553 574 1597 eos
596 1531 757 1616 pertinere

433 1708 484 1774 D'e
499 1710 609 1791 patrio
627 1713 779 1791 potestate.

189 1825 241 1890 30.
266 1823 336 1891 Gai.
362 1823 390 1908 1,
409 1825 461 1888 89.
485 1827 529 1871 -’
557 1875 563 1888 .
584 1874 591 1887 .
613 1823 751 1908 placuit,
775 1823 803 1888 si
827 1823 948 1888 ancilla
978 1846 1016 1888 ex
1044 1823 1099 1887 cito

100 1913 247 1979 Romano
276 1913 468 1996 conceperit,
496 1911 609 1977 deinde
637 1913 837 1977 manumissa
866 1914 1037 1997 pepererit,
1057 1907 1099 1994 qui

100 2003 241 2067 nascitur
265 2003 401 2066 liberum
425 2003 523 2065 nasci.

190 2091 241 2155 31.
267 2090 335 2155 Gai.
363 2090 482 2172 1,101.
510 2126 548 2136 -
575 2138 604 2154 ..
627 2111 684 2173 per
707 2089 863 2174 populum
888 2090 1027 2155 feminae
1047 2108 1099 2152 nou

102 2181 309 2264 adoptantur,
332 2201 407 2242 nam
431 2179 463 2241 id
488 2179 593 2263 magis
616 2179 749 2263 placuit.

400 2327 401 2330 ¹
519 2337 569 2402 De
591 2359 697 2403 mono.

174 2468 176 2471 ’
191 2447 241 2511 32.
267 2445 335 2510 Gai.
348 2447 376 2528 1,
388 2441 481 2509 1151’.
495 2481 538 2492 -
615 2445 642 2508 si
658 2445 790 2509 omnino
805 2444 952 2528 qualibet
967 2467 1005 2508 ex
1020 2463 1101 2508 causa

102 2556 183 2599 uxor
206 2536 240 2598 in
265 2556 362 2599 manu
381 2535 442 2598 viri
463 2534 514 2606 sit,
537 2533 659 2618 placuit
679 2555 749 2596 earn
767 2533 855 2598 filiae
874 2533 947 2598 iura
967 2530 1102 2598 nancisci.

185 2710 234 2775 De
253 2717 401 2794 comotione
422 2711 592 2775 venditione
614 2716 643 2774 et
665 2710 812 2774 locatione
834 2712 1037 2776 conductione.

192 2825 242 2890 33.
276 2824 344 2890 Gai.
378 2827 407 2909 3,
443 2827 514 2890 146.
548 2862 590 2872 —
698 2825 763 2888 iam
793 2877 820 2889 ..
851 2847 919 2890 non
951 2825 1104 2890 dubitatur

104 2913 181 2997 quin
207 2913 266 2977 sub
291 2913 476 2978 condicione
500 2936 551 2978 res
575 2914 676 2977 veniri
699 2917 756 2980 aut
778 2913 879 2979 locari
901 2915 1037 2997 possint

192 3004 243 3067 34.
267 3002 306 3065 D.
333 3003 382 3085 19,
406 3003 435 3084 2,
459 3004 488 3086 2,
514 3006 540 3067 1.
589 3001 689 3067 Gaius
717 3003 802 3067 libro
832 3003 974 3068 secundo
997 3003 1104 3068 Rerum

103 3088 371 3155 Cottidiamarum.
407 3128 446 3138 —
479 3091 570 3156 Adeo
691 3089 950 3156 familiaritatem
975 3093 1104 3176 aliquam

101 3179 220 3242 habere
235 3179 383 3243 videntur
398 3180 518 3262 emptio
539 3184 571 3243 et
584 3180 737 3264 venditio,
760 3179 839 3244 item
855 3181 976 3245 locatio
996 3183 1028 3244 et
1041 3199 1105 3246 oon·

103 3267 225 3350 ductio,
253 3272 291 3331 ut
318 3268 351 3330 in
381 3268 573 3352 quibusdam
602 3269 713 3351 quaeri
738 3269 842 3333 soleat
864 3273 974 3333 utrum
998 3266 1104 3351 emptio

102 3358 134 3418 et
157 3356 299 3420 venditio
324 3356 366 3420 sit
390 3379 430 3420 an
445 3357 563 3422 locatio
588 3363 621 3420 et
645 3357 827 3441 conductio,
843 3361 888 3421 ut
907 3379 980 3422 ecoe
999 3359 1026 3423 si
1043 3375 1105 3421 cum

103 3445 232 3509 aurifice
257 3445 338 3509 mihi
357 3446 551 3531 convenerit,
570 3450 608 3510 ut
625 3446 652 3510 is
673 3469 712 3510 ex
730 3468 808 3511 auro
825 3468 885 3513 suo
905 3448 1017 3512 anulos
1036 3441 1105 3509 mihi

101 3532 220 3596 iaceret
253 3534 332 3598 certi
361 3535 511 3618 ponderis
546 3539 714 3619 certaeque
747 3536 869 3600 formae
903 3540 937 3600 et
961 3535 1106 3618 acceperit
