2430 3944
438 173 464 223 b.
486 166 774 224 annueramus
1067 167 1109 233 97

175 333 209 399 2.
247 330 497 416 Ι).21,1,12,
522 334 549 397 1.
608 330 770 415 Ulpianus
805 332 889 396 libro
925 331 1031 417 primo
1069 331 1110 396 ad

94 420 232 487 edietum
264 419 419 485 aedilium
446 420 604 485 curulium
634 418 684 506 (P.
705 414 825 506 1760‘).
856 457 893 467 -
924 419 1023 504 Eum,
1055 421 1110 504 qni

97 511 230 576 alterum
255 510 387 575 oenlum
411 514 467 574 aut
487 509 624 574 alteram
642 508 808 573 maxillam
827 509 983 573 maiorem
1001 508 1111 591 habet,

99 598 232 665 aireete
262 598 304 663 iis
332 601 456 681 utatur,
487 619 603 662 sanum
630 598 732 662 videri
760 596 876 662 Pedius
904 597 1031 681 seribit;
1064 598 1110 663 ait

102 686 179 752 enirn
201 686 468 772 inaequalitatem
486 686 688 751 maxillarum
707 685 873 751 oculorum
893 685 1110 770 brachiorum,

105 775 228 841 sinihil
252 798 292 841 ex
315 775 496 841 ministerio
518 775 713 860 praestando
732 773 904 853 subtrahit,
928 777 1021 839 extra
1039 775 1108 839 red·

104 864 289 930 bibitionem
313 884 392 928 esse.

181 954 213 1018 3.
230 950 478 1038 Ι).21,1,14,4.
514 949 673 1035 Ulpianus
691 952 774 1017 libro
792 952 897 1034 primo
913 951 954 1015 ad
969 951 1110 1017 edietum

109 1041 245 1108 aedilium
270 1042 430 1108 curulium
452 1037 503 1128 (P.
520 1040 643 1125 17602).
669 1077 707 1087 —
728 1089 758 1105 ..
781 1040 820 1104 de
844 1062 881 1105 eo
905 1040 960 1125 qui
984 1040 1109 1105 urinam

111 1129 174 1196 feeit
195 1130 374 1215 quaeritur.
414 1133 448 1195 et
464 1128 582 1194 Pedius
605 1130 652 1194 ait
669 1151 736 1194 non
755 1129 796 1194 ob
815 1150 886 1193 eam
905 1150 974 1193 rem
994 1151 1110 1194 sanum

112 1239 162 1284 non
186 1241 272 1303 ease,
302 1217 388 1303 quod
414 1219 450 1283 in
476 1218 560 1283 leeto
588 1239 703 1283 somno
730 1218 868 1302 vinoque
895 1238 1027 1302 pressus
1055 1222 1111 1282 aut

114 1308 193 1372 etiam
215 1307 351 1392 pigritia
374 1307 527 1392 surgendi
549 1307 675 1372 urinam
698 1306 810 1390 faeiat3
834 1306 1012 1371 sinautem
1029 1307 1110 1371 vitio

115 1401 219 1460 ruinae
247 1395 421 1462 collectum
448 1417 594 1461 umorem
617 1394 782 1460 continere
805 1416 871 1460 non
894 1398 1017 1479 potest,
1044 1416 1110 1460 non
1202 1394 1206 1399 ’

116 1486 176 1568 quia
195 1485 323 1550 urinam
345 1485 380 1550 in
402 1484 488 1550 lecto
511 1485 601 1569 feeit,
624 1483 680 1549 sed
702 1484 780 1568 quia
801 1483 952 1548 vitiosam
971 1484 1111 1550 vesicam

116 1571 209 1654 habet,
233 1573 396 1639 redhiberi
419 1594 525 1657 posse.

186 1661 217 1726 4.
239 1660 393 1743 Ibid.§5.
418 1661 569 1726 -Idem
592 1661 649 1742 ait,
671 1661 699 1725 si
722 1682 785 1725 uva
809 1660 943 1725 alieuius
966 1661 1112 1744 praecisa

118 1750 156 1832 rit,
174 1751 288 1816 tollere
311 1750 416 1836 magis
440 1772 537 1834 quam
560 1753 725 1834 praestare
744 1747 1003 1833 redhibitionem,
1026 1750 1110 1835 quod

109 1838 227 1904 -norbns
250 1839 414 1905 minuitur.

427 1981 477 2047 De
498 1982 587 2047 dietis
604 1981 778 2064 promissis.

186 2108 215 2171 5.
239 2105 278 2170 D.
289 2107 381 2192 21,1,
393 2106 485 2191 19pr.
518 2104 682 2188 Ulpianus
697 2104 782 2169 libro
796 2103 899 2184 primo
915 2102 956 2167 ad
970 2102 1111 2167 edietum

120 2193 251 2258 aedilium
286 2195 445 2259 curulium
482 2192 532 2281 (P.
557 2190 684 2280 17641’).
716 2229 758 2239 -
786 2199 909 2258 ...ut
932 2241 965 2256 ..
994 2190 1111 2255 Pedius

120 2280 219 2366 uribit,
237 2284 376 2348 multum
394 2285 537 2367 interest,
555 2281 802 2347 commendandi
822 2281 906 2345 servi
924 2301 1020 2345 eausa
1035 2280 1110 2364 quid

119 2367 222 2455 dixerit,
240 2394 282 2436 an
301 2394 377 2437 vero
396 2375 636 2456 praestaturum
655 2391 688 2434 se
706 2370 895 2454 promiserit
914 2369 1000 2453 quod
1019 2368 1109 2432 dixit.

187 2461 215 2526 6.
238 2459 277 2525 Ι).
288 2461 341 2544 21,
354 2463 381 2544 1,
390 2460 442 2543 23,
452 2461 482 2525 9.
519 2459 679 2544 Ulpianus
692 2458 778 2524 libro
793 2458 899 2541 primo
913 2458 954 2522 ad
969 2457 1110 2522 edietum

118 2547 249 2613 aedilium
272 2547 432 2613 curulium
453 2546 503 2636 (P.
515 2544 625 2634 1772).
645 2583 687 2594 —
707 2545 790 2612 Cum
813 2546 998 2611 redhibetur
1021 2568 1110 2610 man-

118 2635 232 2722 eipium,
260 2637 388 2723 siquid
411 2637 452 2702 ad
475 2642 655 2722 emptorem
677 2636 826 2720 pervenit
848 2636 899 2699 vel
923 2636 1018 2720 eulpa
1042 2635 1110 2697 eius

117 2743 166 2788 non
182 2727 335 2810 pervenit,
354 2727 482 2790 restitui
502 2728 639 2809 oportet,
656 2747 723 2789 non
740 2724 845 2788 solum
860 2725 887 2787 si
902 2724 972 2807 ipse
986 2723 1111 2786 fruetus

116 2814 241 2898 percepit
268 2815 470 2880 mercedesve
498 2837 518 2879 a
545 2836 637 2879 servo
660 2813 712 2878 vel
734 2812 928 2878 conductore
952 2811 1038 2876 servi
1061 2832 1111 2875 ac·

117 2903 198 2985 cepit,
229 2903 285 2968 sed
318 2904 416 2968 etiam
449 2903 477 2968 si
509 2925 529 2967 a
561 2902 726 2967 venditore
758 2901 858 2965 fuerit
887 2900 1006 2964 ideireo
1034 2921 1112 2963 eon-

117 2997 237 3070 seentns,
260 2991 347 3077 quod
369 2992 493 3057 tardius
517 2991 547 3056 ei
569 2992 734 3055 hominem
757 2989 910 3054 restituit.
946 2989 1001 3053 sed
1025 2991 1059 3051 et
1084 2988 1111 3050 si

117 3082 259 3162 equoris
286 3081 351 3146 alio
380 3101 564 3163 possessore
592 3080 716 3144 fruetus
745 3079 870 3163 aceepit
892 3080 1033 3161 emptor,
1061 3097 1112 3139 re-

118 3165 234 3233 stituere
259 3191 314 3234 eos
338 3169 475 3234 debebit.
508 3169 563 3234 sed
587 3168 670 3232 etsi
694 3167 771 3251 quid
793 3166 955 3231 fruetuum
978 3166 1111 3230 nomine

118 3261 290 3323 eonseeutue
327 3261 390 3342 est,
428 3258 461 3322 id
498 3260 657 3342 praeatet3
697 3257 777 3320 item
814 3255 842 3319 si
878 3256 1022 3338 legatum
1061 3252 1110 3315 vel

118 3338 260 3412 heredites
284 3368 376 3414 servo
400 3345 577 3412 obvenerit.
617 3366 722 3429 neque
740 3343 849 3426 refert,
871 3343 1014 3427 potuerit
1031 3340 1111 3403 haee

120 3436 252 3519 consequi
283 3436 434 3500 venditor
465 3457 507 3499 an
538 3456 604 3499 non
636 3433 793 3518 potuerit,
825 3431 853 3496 si
885 3451 1014 3495 servum
1045 3448 1112 3490 non

119 3522 309 3607 uendidisset3
332 3546 491 3609 ponamus
515 3524 601 3588 enim
623 3523 722 3586 talem
746 3543 825 3602 esse,
848 3520 904 3603 qui
925 3538 1037 3601 capere
1057 3515 1114 3579 ali·

161 3633 607 3686 Iarnpr.antehadr.rall.ed.13remer.
630 3636 662 3687 11,
671 3638 690 3676 t.
884 3627 898 3673 7
