2430 3944
470 177 495 227 2.
515 170 678 227 PEGASUS
1016 172 1082 238 203

65 355 99 398 ea
119 355 155 399 re
177 333 231 398 vel
255 334 312 398 alii
334 333 504 399 fruendam
529 334 702 400 concedere
726 336 777 399 vel
800 334 908 400 locare
932 335 983 401 vel
1006 358 1081 401 ven·

63 423 134 486 dare
161 425 288 506 potest,
315 445 393 488 nam
421 427 454 487 et
480 423 537 507 qui
564 423 652 488 locat
679 424 796 506 utitur,
825 427 858 488 et
887 425 943 508 qni
970 424 1083 490 vendit

62 510 171 578 utitur.
221 511 278 576 sed
311 515 345 575 et
377 512 405 576 si
438 511 495 577 alii
526 511 674 595 precario
706 512 861 578 concedat
892 514 945 578 vel
976 513 1083 596 donet,

61 603 137 684 puto
166 621 242 664 eum
269 600 319 665 uti
346 603 443 685 atque
470 600 543 666 ideo
570 602 709 667 retinere
736 623 831 666 usum
858 601 1015 685 fructum,
1048 605 1082 667 et

62 689 120 753 hoe
144 685 280 778 Cassius
304 693 337 753 et
359 688 503 774 Pegasus
525 690 773 773 responderunt.

145 778 177 842 4.
202 777 242 843 D.
258 777 310 860 33,
325 778 355 862 8,
369 778 445 861 8pr.
482 777 642 861 Ulpianus
661 778 748 844 libro
767 778 943 844 vicensimo
963 778 1078 863 quinto

61 865 98 930 ad
125 864 285 932 Sabinum
314 862 364 954 (P.
383 863 513 953 2680b).
541 903 584 913 —
612 867 806 951 ..Pegasus
833 867 1018 951 respondit,
1051 867 1079 931 si

62 955 267 1039 statulibero,
293 955 344 1020 eui
372 956 534 1040 peculium
561 956 708 1040 legatum
737 957 794 1040 sit,
821 955 916 1020 heres
944 956 1077 1021 interim

61 1043 242 1128 crediderit,
279 1043 313 1108 id
345 1043 417 1128 ipso
447 1042 517 1108 inre
550 1043 678 1108 detrahi
710 1048 742 1108 et
775 1066 911 1129 corpora
944 1045 1077 1129 singula

61 1132 157 1197 etiam
179 1153 240 1216 per
262 1132 325 1198 hoc
349 1154 404 1198 aes
428 1132 571 1197 alienum
594 1133 745 1200 deminui.

469 1299 516 1357 De
538 1299 669 1372 nuptiis?
734 1340 736 1345 -

145 1398 176 1464 5.
200 1397 242 1463 D.
258 1397 288 1482 3,
302 1399 333 1480 2,
347 1399 378 1480 2,
392 1398 422 1464 5.
458 1398 619 1482 Ulpianus
643 1399 727 1463 libro
751 1403 843 1465 sexto
867 1400 909 1464 ad
933 1400 1075 1465 edietum

63 1485 109 1569 (P.
122 1483 228 1572 279⁸).
255 1523 293 1533 -
320 1487 387 1552 llos
402 1536 409 1552 .
425 1537 442 1572 .,
464 1489 520 1572 qui
544 1491 699 1571 quaestus
722 1509 822 1553 causa
843 1488 876 1552 in
897 1490 1075 1555 certamina

64 1573 269 1660 descendunt,
298 1580 331 1640 et
358 1599 470 1642 omnes
498 1580 633 1661 propter
655 1577 837 1661 praemium
864 1577 900 1641 in
928 1600 1078 1644 scaenam

62 1665 254 1746 prodeuntes
282 1664 427 1730 famosos
456 1686 526 1730 esse
549 1663 695 1749 Pegasus
724 1668 757 1729 et
779 1664 888 1730 Nerva
915 1666 1001 1732 filius
1032 1690 1079 1733 re·

64 1752 272 1837 sponderunt.

146 1847 183 1906 ef.
208 1847 244 1906 n.
261 1850 289 1920 1,
305 1850 334 1921 a,
351 1851 379 1920 7,
396 1851 412 1906 1
437 1847 518 1906 infra
540 1867 568 1923 p.
585 1848 657 1907 soe.

358 2007 405 2066 De
427 2008 580 2066 cerberum
603 2008 782 2081 obliputtoae.

147 2108 177 2172 6.
215 2106 254 2172 Ι).
274 2105 328 2192 45,
351 2110 379 2189 1,
401 2106 473 2192 115,
491 2109 521 2172 2.
579 2107 777 2192 Papinianus
813 2107 897 2172 libro
935 2109 1075 2174 secundo

60 2194 292 2271 Quaestionum
319 2195 368 2281 (P.
389 2196 455 2280 79).
477 2234 522 2244 -
545 2246 576 2262 ..
601 2198 629 2260 si
657 2197 728 2282 quis
756 2198 803 2260 ita
831 2196 1004 2280 stipuletur
1037 2197 1077 2262 ‘si

59 2283 267 2368 Pamphilum
290 2306 357 2349 non
381 2284 520 2369 dederis,
547 2291 677 2350 eentum
701 2285 771 2350 dari
795 2285 970 2369 spondes?
1017 2285 1075 2350 Pe·

59 2392 158 2456 gasus
198 2373 366 2457 respondit
401 2394 468 2439 non
506 2377 581 2439 ante
620 2375 781 2439 committi
820 2374 1075 2458 stipulationem,

58 2483 156 2545 quam
182 2461 320 2526 desisset
341 2483 438 2545 posse
461 2461 650 2546 Pamphilus
674 2463 754 2528 dari.
800 2462 940 2528 Sabinus
965 2468 1073 2528 autem

60 2550 269 2615 existimabat
288 2556 321 2616 et
340 2574 370 2637 q.
384 2573 409 2615 s.

440 2672 488 2730 De
510 2673 692 2733 cottidiana

149 2773 177 2837 l.
201 2771 240 2837 D.
257 2775 307 2856 12,
321 2772 387 2856 5,4
395 2795 442 2856 pr.
487 2773 649 2856 Ulpianus
674 2773 759 2838 libro
783 2773 958 2839 vicensimo
983 2778 1075 2839 sexto

58 2861 98 2925 ad
117 2860 261 2926 edietum
277 2858 442 2948 (Patet).
456 2899 493 2908 —
510 2861 600 2926 Idem
620 2863 647 2926 si
667 2862 707 2927 ob
729 2868 877 2948 stuprum
892 2862 1003 2927 datum
1024 2865 1076 2946 sit,

59 2950 110 3013 vel
146 2950 174 3014 si
207 2951 279 3035 quis
311 2951 346 3014 in
379 2950 536 3015 adulterio
570 2950 788 3034 deprehensus
820 2952 993 3016 redemerit
1026 2974 1073 3035 se;

59 3043 164 3103 cessat
192 3039 277 3104 enim
305 3039 473 3123 repetitio,
499 3039 595 3124 idque
624 3039 764 3105 Sabinus
793 3045 825 3105 et
852 3039 996 3124 Pegasus
1024 3063 1072 3105 re·

61 3127 270 3210 sponderunt.

444 3222 498 3282 111.
522 3265 530 3283 .
546 3269 551 3282 .
568 3267 574 3280 .
590 3221 687 3281 libri.

339 3330 390 3397 Dc
411 3333 604 3414 adquirenda
626 3331 797 3399 hereditate.

151 3437 178 3501 1.
206 3437 245 3502 D.
265 3438 318 3522 28,
337 3438 368 3516 5,
390 3438 440 3503 19.
485 3437 645 3522 Ulpianus
672 3438 756 3504 libro
785 3440 922 3522 septimo
951 3440 991 3503 ad
1016 3440 1074 3504 Sa·

62 3522 173 3588 binum
196 3522 246 3613 (P.
261 3525 374 3615 2489).
398 3564 439 3573 -
464 3528 515 3592 Ex
543 3528 630 3592 facto
645 3576 652 3591 .
668 3576 675 3592 .
691 3528 850 3611 agitatum
872 3527 1073 3612 Pomponius
