2430 3944
317 162 553 217 calamannus.
571 164 618 217 ET
637 164 822 218 ADDENDA.
1012 167 1074 232 601

59 333 236 408 subreptum
259 349 331 406 esse,
353 351 406 390 neo
430 333 509 407 quod
531 333 663 393 hostium
686 334 792 393 fuisset
815 337 869 393 aut
891 336 1077 409 postliminio
1126 402 1129 407 ,

59 423 199 496 redisset,
222 420 250 480 ei
272 422 316 479 rei
338 420 550 496 impedimento
573 440 643 480 esse.

133 521 161 571 p.
178 500 364 571 resposis.
381 507 413 554 12
434 501 565 555 addenda
584 505 660 556 sunt:

135 584 175 640 12
190 576 233 614 ¹³¹⁸·
248 581 283 638 D.
305 581 360 654 39,
381 584 414 655 3,
435 584 490 655 11,
510 582 537 641 5.
584 581 695 640 Paulus
723 581 799 640 libro
829 583 1076 660 quadragensimo

60 689 141 729 nono
169 669 207 728 ad
235 669 372 727 edietum.
396 702 441 709 —
464 668 497 728 si
520 690 555 729 ex
576 671 695 746 privato
719 687 792 747 agro
815 672 847 729 in
870 690 975 749 agrum
998 692 1075 731 oom-

57 779 180 818 munem
203 778 281 834 aqua
302 757 494 831 immittatur,
518 758 624 818 Ofilius
648 760 692 817 ait
714 760 828 818 sosium
847 779 913 818 aum
936 780 970 819 eo
990 781 1077 838 agere

58 866 154 924 posse.

354 955 402 1012 De
424 956 563 1027 minitione
585 948 774 1013 vomitione}

134 1074 231 1136 12*01·
247 1075 310 1135 Gai.
332 1078 514 1150 3,140.—
536 1077 669 1136 Pretium
693 1125 720 1135 ..
745 1081 859 1137 eertum
881 1097 944 1138 esse
967 1081 1074 1139 debet.

59 1186 131 1225 nam
153 1167 288 1241 alioquin
310 1154 337 1224 si
359 1167 403 1224 ita
426 1167 504 1225 inter
526 1185 579 1225 nos
599 1168 777 1242 convenerit,
799 1171 835 1226 ut
854 1169 960 1243 quanti
978 1170 1076 1228 Titius

59 1275 122 1314 rem
142 1255 352 1329 aestimaverit,
372 1255 451 1313 tanti
469 1256 509 1314 sit
527 1259 635 1331 empta,
650 1255 749 1315 Labeo
767 1258 890 1334 negavit
908 1257 1002 1316 ullam
1014 1260 1076 1318 vim

59 1345 116 1402 hoo
147 1345 302 1421 negotium
328 1343 436 1402 habere
461 1390 466 1400 .
492 1391 497 1400 .
520 1341 659 1417 „Ofilius
688 1348 718 1404 et
745 1365 811 1404 eam
838 1347 1018 1422 emptionem
1046 1351 1076 1405 et

59 1432 274 1506 venditionem,
297 1432 381 1491 ouius
406 1432 575 1507 opinionem
597 1433 743 1492 Proculus
766 1428 884 1494 secutus
908 1438 961 1494 est.

131 1531 159 1582 p.
174 1519 225 1566 357
240 1515 306 1582 post
318 1512 351 1565 fr.
368 1517 402 1566 14
421 1512 594 1566 addendum:

485 1682 531 1738 De
553 1681 649 1753 furtis.

150 1806 192 1862 14
206 1798 248 1836 Μ’·
263 1803 299 1860 D.
316 1806 356 1861 47
360 1849 367 1878 ,
383 1806 411 1878 2,
427 1806 517 1878 21pr.
550 1803 662 1863 Paulus
682 1796 795 1884 (potius
814 1801 976 1888 Ulpianus)
998 1809 1074 1868 libro

59 1892 308 1969 quadragensimo
328 1893 366 1950 ad
385 1891 537 1950 Sabinum.
552 1893 747 1970 —Volgaris
766 1897 811 1952 est
828 1897 973 1971 quaestio,
993 1917 1032 1955 an
1050 1899 1075 1957 is

58 1982 112 2058 qui
130 2000 167 2039 ex
185 1999 290 2039 aoervo
309 1981 451 2039 frumenti
469 1981 618 2039 modicum
638 1983 768 2057 sustulit,
787 1983 880 2042 totius
898 1985 942 2043 rei
961 1987 1075 2044 furtum

57 2070 152 2130 faciat
180 2089 218 2128 an
245 2088 315 2129 vero
339 2071 402 2128 eius
425 2073 545 2128 tantum
568 2071 648 2146 quod
672 2071 805 2130 abstulit.
852 2069 958 2132 Ofilius
981 2076 1074 2133 totius

57 2160 159 2219 aoervi
181 2158 278 2218 furem
301 2176 363 2217 esse
385 2161 481 2234 putat.

131 2276 159 2327 p.
175 2261 227 2309 seo
241 2256 259 2310 1.
275 2262 324 2310 ss:
340 2256 443 2326 legata.

131 2347 159 2397 p.
175 2327 259 2380 3611.
275 2333 304 2381 6:
324 2327 504 2396 opinionibus
523 2329 721 2395 singulorum.

162 2431 196 2438 -
237 2398 255 2451 l.
271 2403 318 2451 24:
337 2415 394 2452 non
413 2398 547 2472 <solum>
566 2399 649 2452 solus.

130 2488 158 2539 p.
174 2469 258 2522 3631.
274 2474 320 2523 15:
339 2471 372 2522 ut
390 2471 415 2524 is
435 2486 469 2522 ex
486 2471 587 2524 locato.

129 2559 157 2610 p.
174 2540 257 2593 3671.
274 2546 320 2594 15:
339 2541 370 2593 in
389 2539 582 2594 Coniectaneis
601 2542 756 2610 seriptum.

162 2642 196 2650 -
238 2611 256 2664 l.
271 2617 318 2665 22:
339 2614 458 2665 senatus.

130 2681 474 2751 passinusnaau.

129 2772 158 2823 p.
174 2752 257 2807 3751.
274 2759 302 2807 8:
321 2753 460 2808 missurus
479 2770 516 2807 es.

130 2843 158 2894 p.
175 2829 224 2877 sar
240 2824 258 2878 l.
274 2830 321 2878 21:
342 2827 425 2879 esrae.

130 2913 158 2964 p.
175 2895 258 2948 3841.
275 2900 322 2948 19:
343 2902 368 2962 l,
382 2895 475 2963 26pr.

129 2985 158 3035 p.
174 2971 225 3018 aas
239 2966 258 3020 1.
274 2971 320 3019 ss:
341 2966 410 3020 Gen.
426 2972 451 3032 4,
467 2973 492 3033 a,
508 2972 531 3019 o.
553 2972 592 3019 10.

163 3068 196 3077 —-
238 3036 256 3089 l.
272 3042 319 3090 26:
340 3037 443 3090 sterila.

129 3127 158 3178 p.
174 3107 258 3161 4021.
274 3113 322 3161 25:
342 3108 446 3162 sterila.

129 3198 158 3248 p.
174 3178 258 3232 4051.
275 3185 320 3232 14:
341 3179 518 3250 (Trebatius).

129 3268 157 3319 p.
173 3249 257 3302 4091.
273 3255 319 3304 26:
343 3250 488 3303 Iavolenus
512 3251 583 3304 libro
608 3251 729 3304 seeundo
748 3267 782 3303 ex
800 3250 1002 3318 posterioribus
1021 3251 1074 3302 La-

54 3321 166 3378 beonis.

129 3411 159 3462 p.
174 3397 226 3445 410
246 3393 283 3445 ad
301 3391 334 3446 fr.
351 3398 397 3445 16·
415 3391 523 3445 cf.111
544 3411 571 3462 p.
588 3398 647 3446 196.

129 3482 158 3533 p.
173 3469 224 3516 411
239 3463 258 3516 l.
274 3469 303 3517 9:
322 3463 481 3535 Trebatips.

162 3567 196 3574 —
237 3534 314 3588 l.13:
334 3535 477 3589 educetur.
