2430 3944
96 201 162 267 536
465 196 744 254 Auurunuuum.

97 387 194 449 num,
221 362 333 429 Sabini
366 365 399 427 et
426 360 532 427 Cassii
558 369 591 427 et
617 361 746 426 Proculi
769 359 952 445 expositam
980 383 1051 426 esse
1078 362 1109 426 in

100 453 288 539 quaestione
310 451 511 515 huiusmodi
531 450 797 516 controversiam:
822 471 864 514 an
887 449 1012 536 legata,
1034 471 1110 535 quae

100 545 313 627 posteaquam
344 540 488 604 instituti
520 544 659 604 mortem
690 537 839 602 obierunt
872 537 1031 604 codicillis
1064 539 1110 603 ad·

102 631 223 713 scripta
247 630 297 693 vel
320 629 472 711 adempta
496 631 585 710 sunt,
609 649 628 691 a
652 627 839 691 substitutis
866 627 1059 710 debeantur,
1080 627 1109 690 id

100 723 151 783 est
178 741 217 782 an
247 718 379 803 perinde
403 717 490 781 datio
515 720 548 780 et
571 717 734 799 ademptio
758 715 859 780 etiam
882 716 946 782 hoo
969 720 1109 801 tempore

101 807 258 873 codicillis
281 805 368 870 facta
390 805 499 869 valeat
521 826 559 870 ac
583 806 610 869 si
633 807 829 868 testamento
853 805 942 869 facta
961 809 1049 870 esset

400 989 447 1047 De
467 989 620 1062 amnibus
642 989 808 1061 lepatornm.

264 1104 309 1159 De
327 1120 357 1160 eo
375 1105 447 1174 qnod
462 1121 513 1173 per
531 1104 743 1159 vindicationem
759 1103 880 1172 legatam
897 1110 945 1160 eat.

189 1214 242 1278 23.
268 1213 337 1279 Gai.
352 1215 382 1291 2,
398 1213 471 1279 198.
493 1249 537 1260 -
561 1260 591 1276 ..
611 1213 639 1276 si
658 1212 816 1297 quierem
836 1233 929 1276 suam
949 1212 1108 1298 legaverit,

99 1302 305 1387 deindepost
323 1306 554 1366 testamentum
574 1301 697 1365 factum
715 1322 785 1364 eam
805 1301 1008 1388 alienaverit,
1022 1301 1108 1386 pleri·

98 1413 159 1474 que
192 1394 311 1475 putant
336 1412 403 1454 non
431 1391 537 1455 solum
563 1391 633 1452 iure
667 1389 754 1453 civili
784 1389 900 1453 inutile
929 1411 1001 1454 esse
1029 1391 1108 1475 lega·

97 1485 181 1562 tum,
214 1479 269 1543 sed
301 1500 361 1543 neo
392 1501 431 1543 ex
464 1478 745 1543 senatusconsulto
774 1475 831 1564 (sc.
864 1478 952 1563 quod
986 1483 1107 1544 auctore

97 1566 228 1632 Nerone
255 1566 391 1633 Caesare
423 1568 546 1632 factum
579 1562 642 1652 est)
680 1566 875 1633 confirmari.
928 1569 1014 1651 quod
1044 1567 1107 1632 ideo

96 1656 219 1720 dictum
248 1660 310 1734 est,
339 1656 415 1740 quia
443 1661 476 1719 et
504 1657 533 1720 si
558 1677 616 1740 per
639 1655 881 1726 damnationem
905 1656 1026 1741 aliquis
1048 1679 1107 1721 rem

97 1766 190 1808 suam
221 1745 380 1828 legaverit
417 1766 553 1830 eamque
585 1748 699 1827 postea
731 1745 935 1828 alienaverit,
969 1745 1106 1831 plerique

96 1836 226 1919 putant,
248 1835 325 1898 licet
347 1832 419 1916 ipso
442 1834 511 1898 inre
534 1831 691 1897 debeatur
714 1832 869 1918 legatum,
892 1837 1006 1898 tamen
1029 1835 1106 1920 lega·

96 1922 216 1986 tarium
253 1926 417 2006 petentem
454 1943 550 2007 posse
587 1943 645 2004 per
682 1921 903 2004 exceptionem
940 1922 1008 1987 doli
1039 1921 1106 1987 mali

98 2011 220 2095 repelli,
244 2012 335 2095 quasi
359 2014 471 2075 contra
494 2011 693 2075 voluntatem
717 2010 861 2074 defuncti
884 2015 987 2094 petat.

186 2118 240 2183 24.
264 2117 334 2182 Gai.
348 2119 383 2199 2,
397 2117 472 2181 208.
499 2153 537 2162 —
564 2116 775 2200 ..plerisque
798 2116 936 2200 placuit,
961 2121 1106 2199 quantum

98 2206 138 2270 ad
158 2207 218 2272 hoc
233 2207 283 2270 ius
299 2205 384 2290 quod
398 2206 469 2289 lege
484 2205 585 2289 Papia
599 2206 780 2269 coniunctis
794 2205 1015 2288 constituitur,
1033 2205 1106 2269 nihil

96 2296 267 2377 interesse,
299 2298 408 2359 utrum
441 2317 499 2377 per
533 2293 783 2358 vindicationem
817 2316 860 2357 an
892 2316 952 2377 per
987 2295 1107 2360 damna·

95 2383 219 2447 tionem
243 2384 388 2467 legatum
412 2382 464 2447 sit.

272 2541 316 2594 De
334 2557 363 2594 eo
381 2541 454 2609 qaod
470 2557 519 2608 per
538 2540 740 2594 damnationem
758 2539 876 2607 deputam
895 2545 941 2594 eat.

187 2647 239 2712 25.
273 2648 340 2713 Gai.
363 2647 481 2725 3,175.
512 2683 549 2694 -
582 2644 737 2711 Similiter
760 2649 940 2732 legatarius
964 2649 1108 2713 heredem

99 2736 212 2800 eodem
236 2737 332 2802 modo
356 2738 472 2801 liberat
496 2735 534 2800 de
557 2737 669 2820 legato
687 2737 771 2820 quod
791 2758 850 2819 per
873 2736 1107 2802 damnationem

98 2825 246 2889 relictum
267 2830 317 2889 est
336 2822 393 2912 (sc.
408 2847 465 2908 per
484 2847 538 2890 aes
557 2828 590 2890 et
603 2821 745 2911 libram),
764 2831 800 2889 ut
819 2831 930 2889 tamen
951 2877 1003 2891 ...
1022 2826 1107 2890 heres

97 2917 295 2978 testamento
315 2936 348 2978 se
368 2914 443 2978 dare
463 2913 649 2978 damnatam
670 2935 740 2978 esse
760 2914 853 2978 dicat.
889 2912 928 2978 de
948 2937 987 2979 eo
1006 2920 1108 2979 tamen

96 3006 226 3066 tantum
254 3005 363 3085 potest
390 3002 483 3066 heres
512 3024 549 3066 eo
574 3002 669 3066 modo
693 3002 838 3086 liberari,
862 3004 949 3086 quod
974 3003 1107 3088 pondere

96 3112 230 3155 numero
260 3093 399 3174 constet,
428 3097 460 3154 et
486 3093 534 3155 ita
563 3092 590 3155 si
619 3095 740 3156 certum
765 3092 816 3154 sit.
862 3091 997 3175 quidam
1021 3092 1106 3157 etde

97 3200 135 3243 eo
159 3179 245 3263 quod
268 3201 421 3243 mensura
444 3184 572 3244 constat
594 3179 677 3243 idem
703 3180 899 3245 existimant.

186 3286 251 3350 26?
279 3283 319 3350 D.
334 3286 386 3368 34,
401 3286 435 3368 3,
450 3286 501 3350 30.
534 3284 624 3349 Idem
644 3282 704 3371 (so.
724 3284 860 3372 Paulus)
884 3287 970 3350 libro
990 3287 1104 3351 decimo

99 3371 341 3448 Quaestionum.
354 3409 400 3420 -
421 3375 546 3438 Patitor
568 3373 619 3438 vel
642 3394 812 3458 possessor
836 3375 1006 3440 damnavit
1023 3375 1102 3438 here-

97 3461 169 3524 dem
201 3483 310 3544 suum,
345 3484 386 3526 ne
419 3463 647 3527 centumvirale
680 3462 835 3527 iudicium
868 3468 1024 3528 exerceat.
1070 3460 1101 3522 de

95 3549 210 3617 effectu
229 3550 332 3639 legati
351 3551 523 3638 quaeritur.
559 3554 591 3615 et
610 3550 732 3615 dictum
751 3556 801 3616 est
818 3553 866 3616 ita
886 3552 1014 3616 demum
1033 3549 1099 3615 utile
