2430 3944
104 192 146 256 62
174 192 220 248 ΙΙΙ.
236 192 313 248 GAII
327 192 473 248 CLAUDII
485 191 620 250 NERON.
631 191 775 248 GALBAD
785 192 893 248 Tuus.
903 192 1001 250 IURIS
1012 193 1111 252 CONS.

495 361 542 419 De
563 364 723 423 uoootiooe.

130 516 132 520 -
193 470 266 535 101.
295 469 413 554 Gaia,
434 471 507 535 177.
530 508 572 516 -
597 472 674 535 ..si
702 471 814 536 eadem
841 494 982 556 persona
1010 474 1067 560 sit,
1095 497 1112 539 a

103 581 166 642 qua
189 562 304 642 postea
328 560 472 645 stipuler,
495 560 542 623 ita
566 559 695 624 demum
716 560 848 626 novatio
866 560 914 640 fit,
938 561 966 627 si
985 563 1062 646 quid
1080 563 1112 628 in

101 647 280 730 posteriore
309 648 517 733 stipulatione
540 647 618 713 novi
641 649 696 731 sit,
724 648 809 714 forte
833 649 861 714 si
884 649 1032 717 condicio
1057 655 1113 718 aut

101 735 168 799 dies
192 741 248 800 aut
271 758 408 820 sponsor
431 736 589 800 adiciatur
612 741 668 801 aut
691 736 887 802 detrahatur.

189 855 253 916 Gai.
279 858 308 934 3,
333 859 406 916 178.
456 855 514 915 Sed
541 856 621 933 quod
649 857 686 915 de
713 874 855 932 sponsore
882 857 1026 935 diximus,
1053 877 1113 920 nou

101 947 232 1021 constat,
255 963 326 1004 nam
348 944 483 1005 diversae
507 945 626 1005 scholae
650 945 822 1006 auctoribus
844 946 961 1023 placuit
984 950 1015 1007 et
1039 968 1068 1025 q.
1090 966 1112 1008 s.

494 1106 544 1172 De
565 1109 722 1173 aolutrbae.

191 1223 263 1288 102.
287 1222 356 1288 Gai.
370 1225 401 1308 3,
416 1224 489 1290 168.
504 1260 546 1270 -
566 1222 728 1287 Tollitur.
743 1271 751 1285 .
765 1222 923 1308 obligatio
939 1226 1112 1311 praecipue

102 1311 263 1377 solutione
287 1313 355 1376 eius
380 1312 465 1397 quod
488 1312 632 1376 debetur.
677 1311 761 1376 unde
785 1312 963 1397 quaeritur,
987 1313 1016 1378 si
1039 1316 1112 1399 quis

100 1400 321 1465 consentiente
350 1400 507 1466 creditore
536 1400 623 1465 aliud
651 1422 710 1484 pro
738 1400 802 1465 alio
827 1401 974 1480 solverit,
1001 1407 1113 1468 utrum

99 1490 170 1571 ipso
189 1488 258 1553 iure
277 1490 440 1572 liberetur,
460 1490 545 1574 quod
563 1489 684 1553 nostris
699 1490 962 1572 praeceptoribus
976 1491 1110 1577 placuit,

100 1581 298 1661 wuda

189 1665 262 1730 103.
290 1666 329 1731 D.
347 1666 401 1750 46,
419 1668 449 1744 3,
469 1666 520 1732 78.
565 1665 737 1730 Iavolenus
766 1666 850 1730 libro
877 1665 1048 1732 undecimo
1074 1689 1113 1732 ex

98 1751 213 1819 Cassio
236 1752 285 1838 (P.
303 1751 372 1841 49).
395 1790 438 1801 -
463 1752 497 1819 si
525 1754 621 1818 alieni
650 1753 774 1823 nummi
801 1755 902 1819 inscio
932 1755 984 1819 vel
1006 1755 1112 1822 invito

99 1842 231 1908 domino
264 1843 364 1909 soluti
396 1847 486 1926 sunt,
518 1846 651 1907 manent
683 1844 752 1908 eius
785 1844 875 1908 cuius
905 1843 1052 1927 fuerunt3
1084 1844 1112 1910 si

98 1932 194 1997 mixti
222 1935 342 2016 essent,
370 1932 417 1997 ita
445 1936 482 1995 ut
510 1931 649 1997 discerni
676 1953 742 1996 non
769 1936 915 2016 possent,
943 1933 1013 1996 eius
1041 1933 1112 1998 fieri

99 2021 155 2105 qui
182 2021 305 2105 accepit
332 2021 367 2085 in
395 2020 487 2086 libris
512 2021 585 2086 Gaii
614 2019 769 2104 scriptum
799 2024 862 2104 est,
889 2021 936 2085 ita
963 2021 1112 2087 utactio

99 2109 230 2175 domino
254 2131 327 2175 cum
350 2131 402 2194 eo,
426 2111 481 2195 qui
504 2109 657 2195 dedisset,
680 2108 759 2174 furti
783 2112 990 2193 competeret.

190 2199 261 2264 104.
293 2198 333 2263 D.
351 2199 405 2280 46,
423 2200 454 2282 3,
475 2199 538 2264 17.
574 2197 663 2262 Idem
696 2197 754 2280 (sc.
781 2196 996 2282 Pomponius)
1024 2199 1111 2263 libro

97 2309 183 2353 nono
208 2288 331 2351 decimo
356 2287 396 2351 ad
421 2285 576 2351 Sabinum
600 2284 649 2372 (P.
669 2282 757 2372 671).
785 2323 823 2333 —
845 2284 977 2351 Cassius
1001 2288 1058 2372 ait,
1084 2288 1112 2353 si

98 2378 149 2440 cui
181 2375 348 2458 pecuniam
381 2373 468 2461 dedi,
499 2380 536 2439 ut
566 2397 638 2440 eam
671 2375 823 2441 creditori
849 2397 926 2440 ‘meo
961 2376 1112 2458 solveret,

97 2464 171 2546 <cui
195 2463 319 2546 etipse
343 2462 505 2548 deberet),
528 2465 556 2528 si
576 2486 633 2528 suo
653 2463 783 2529 nomine
802 2463 934 2546 dederit,
957 2468 1112 2529 neutrum

97 2552 243 2634 liberari,
273 2573 338 2636 me,
366 2551 442 2636 quia
470 2574 535 2616 uon
561 2573 633 2616 meo
661 2551 792 2616 nomine
820 2553 895 2617 data
922 2552 978 2636 sit,
1005 2552 1111 2637 illurn,

98 2641 173 2725 quia
205 2641 342 2705 alienam
375 2640 511 2725 dederit3
543 2644 684 2706 ceterum
717 2640 860 2705 mandati
893 2662 967 2704 eum
997 2644 1111 2706 teneri.

98 2730 153 2794 scd
178 2729 205 2792 si
229 2729 368 2794 creditor
391 2750 445 2794 eos
468 2751 619 2795 nummos
643 2730 711 2793 sine
734 2728 809 2794 dolo
834 2729 919 2794 malo
939 2751 1111 2814 consump-

99 2819 210 2902 sisset,
232 2819 270 2902 is,
293 2818 348 2901 qui
372 2840 430 2883 suo
454 2818 584 2883 nomine
609 2839 663 2883 eos
688 2818 846 2901 solvisset,
869 2817 1036 2897 liberatur,
1060 2841 1111 2903 ne,

98 2908 126 2971 si
150 2907 244 2971 aliter
268 2907 507 2992 observaretur,
531 2906 671 2971 creditor
694 2907 727 2969 in
751 2906 840 2971 lucro
864 2910 1059 2972 versaretur.

425 3074 475 3140 De
497 3076 622 3141 71777773
638 3075 783 3158 privatis.

188 3191 260 3256 105.
283 3189 322 3256 D.
339 3192 368 3273 1,
382 3190 412 3273 9,
427 3191 456 3256 2.
493 3189 664 3255 Marcellus
682 3190 765 3254 libro
782 3189 882 3254 tertio
896 3188 1110 3274 Digestorum

97 3277 147 3362 (P.
161 3277 228 3367 20).
251 3316 295 3326 —
319 3277 450 3344 Cassius
473 3278 639 3363 Longinus
662 3300 728 3343 non
751 3281 845 3362 putat
867 3277 897 3342 ei
919 3277 1108 3361 permitten-

96 3369 181 3452 dum,
200 3369 255 3454 qui
274 3372 407 3452 propter
425 3367 658 3450 turpItudinem
679 3372 791 3431 senatu
811 3371 918 3431 motus
936 3388 997 3434 nec
1016 3367 1110 3431 resti·

96 3461 186 3521 tutus
215 3461 278 3541 est,
309 3456 448 3521 iudicare
476 3457 526 3521 vel
554 3456 778 3520 testimouium
806 3455 924 3539 dicere,
952 3457 1029 3540 quia
1056 3456 1110 3520 lex

96 3545 181 3610 Iulia
204 3545 455 3629 repetundarum
478 3545 539 3610 hoc
562 3544 632 3609 fieri
655 3547 753 3609 vetat.
