2430 3944
333 201 359 252 4.
379 194 408 251 Ο.
423 194 569 252 crssws
588 194 773 254 LONGINUS
1020 201 1063 265 35

65 362 103 421 De
142 363 351 423 donationibus
397 364 442 423 De
488 365 686 426 servitutibus

102 445 130 530 (l
188 445 212 532 ).
443 446 542 535 (LX).

65 558 103 617 De
142 559 335 620 servitutibus
395 561 440 620 De
486 561 698 621 donationibus

101 640 130 729 (l
143 645 201 727 Ill)
440 645 475 730 (l.
489 649 585 732 XIV).

395 756 439 816 De
461 758 551 816 furtis
570 750 605 839 (l.
620 750 716 839 XIV).

395 864 441 924 De
481 865 549 943 lege
592 864 716 942 Aquilia

439 946 587 1035 (LXIV).

139 1093 297 1155 Iavolenus
328 1094 360 1153 in
392 1095 477 1156 libris
510 1115 546 1155 ex
574 1095 677 1156 Cassio
710 1096 882 1172 compositis
910 1099 1063 1159 honorarii

64 1201 166 1258 quoquo
184 1183 258 1242 iuris
276 1183 397 1243 videtur
415 1185 563 1245 rationem
581 1185 723 1245 habuisse
741 1204 838 1263 neque
857 1187 888 1245 in
907 1188 953 1247 bis
972 1190 1061 1249 rebus

64 1269 146 1331 Cassii
166 1273 242 1331 iuris
265 1272 361 1332 civilis
384 1273 471 1332 libris
494 1293 566 1334 usus
590 1292 664 1334 esse.

138 1361 249 1420 Earum
276 1380 395 1439 quoque
423 1364 652 1441 sententiarum,
680 1382 755 1441 quas
782 1367 904 1424 auctore
929 1384 990 1424 non
1015 1367 1061 1425 in·

61 1447 148 1509 dieato
169 1450 330 1510 Iavolenus
351 1451 480 1528 profert,
508 1470 578 1527 pars
601 1452 722 1528 quidem
745 1451 841 1512 Cassii
864 1471 929 1513 esse
950 1457 1062 1535 potest,

60 1538 102 1596 eui
131 1544 230 1598 tamen
262 1558 331 1618 sua,
368 1558 437 1600 oum
469 1540 649 1600 discriminis
680 1541 814 1602 rationes
845 1561 900 1602 nos
932 1543 1060 1622 fugiant,

58 1627 180 1686 tribuere
202 1629 253 1689 vix
275 1629 354 1690 lieet.

139 1717 173 1776 ln
195 1718 375 1778 eollooandis
394 1716 489 1778 Cassii
511 1718 690 1797 fragmentis
712 1722 742 1779 et
761 1719 905 1779 Sabinum
925 1725 956 1780 et
974 1721 1060 1782 Iavo-

59 1803 150 1864 lenum
174 1805 267 1865 duces
292 1807 377 1884 sequi
399 1808 481 1868 lieet.

476 2002 586 2061 Liber
608 2003 631 2062 I.

418 2119 469 2187 De
491 2124 687 2188 testamentis.

137 2251 181 2309 De
203 2253 264 2322 filio
287 2252 420 2324 familias
442 2253 486 2310 ool
508 2254 681 2312 instituendo
704 2253 749 2312 oet
771 2253 974 2313 eaheredando.

139 2372 165 2435 1.
190 2371 258 2434 Gai.
273 2372 304 2454 2,
320 2371 392 2436 123.
414 2408 452 2418 -
474 2371 573 2455 ..qui
595 2371 697 2436 filium
717 2373 750 2436 in
768 2376 932 2455 potestate
950 2373 1059 2456 habet,

58 2481 157 2526 curare
181 2461 285 2544 debet,
308 2464 345 2523 ut
369 2481 441 2524 eum
465 2461 516 2524 vel
539 2460 686 2525 heredem
710 2461 862 2526 instituat
885 2463 934 2526 vel
957 2464 1059 2527 nomi-

57 2550 149 2614 natim
173 2549 358 2633 exheredet3
382 2549 524 2632 alioquin
548 2549 576 2613 si
600 2571 672 2613 eum
696 2550 825 2614 silentio
847 2552 1058 2636 praeterierit,

57 2639 206 2703 inutiliter
229 2638 417 2722 testabitur,
446 2638 525 2703 adeo
550 2639 692 2723 quidem,
723 2642 757 2703 ut
780 2640 885 2703 nostri
907 2661 1057 2724 praecep-

57 2729 134 2792 tores
164 2728 364 2808 existiment,
396 2727 524 2792 etiamsi
551 2727 626 2792 vivo
653 2732 747 2810 patre
774 2728 860 2791 filius
888 2727 1057 2793 defunctus

56 2817 104 2900 sit,
141 2817 303 2881 neminem
343 2816 493 2881 heredem
534 2837 574 2880 ex
613 2838 649 2881 eo
686 2819 883 2880 testamento
920 2819 1056 2881 existere

54 2927 153 2990 posse,
187 2907 263 2989 quia
295 2904 419 2970 seilicet
450 2906 561 2970 statim
589 2906 631 2970 ab
658 2903 752 2970 initio
780 2927 845 2970 non
874 2907 1058 2970 eonstiterit

54 2994 216 3060 institutio.
981 3013 983 3017 ’

131 3087 162 3150 2.
184 3083 224 3148 D.
239 3083 292 3167 28,
307 3084 337 3166 2,
352 3080 430 3166 356.
467 3081 557 3146 Idem
577 3079 635 3235 geo.
650 3080 830 3170 Ulpianus)
850 3084 933 3148 libro
953 3084 1056 3167 primo

53 3173 86 3236 ad
113 3172 271 3239 Sabinum
299 3169 348 3258 (P.
368 3168 478 3259 2433).
507 3209 549 3218 —
604 3173 613 3234 i
646 3172 693 3235 ita
724 3175 863 3237 testatus
895 3173 938 3238 sit
965 3175 1058 3255 pater

51 3261 197 3346 familias,
221 3265 260 3325 ut
283 3261 430 3345 aprime
455 3261 584 3345 quidem
608 3261 709 3343 gradu
731 3261 831 3325 filium
857 3260 1057 3344 praeteriret,

51 3372 65 3414 a
91 3352 231 3418 secundo
261 3351 331 3415 solo
360 3349 581 3433 exheredaret,
609 3348 747 3414 Sabinus
776 3353 809 3414 et
837 3346 969 3415 Cassius

50 3446 158 3524 putant
176 3443 346 3525 perempto
363 3440 468 3522 primo
483 3439 586 3524 gradu
600 3442 829 3504 testamentum
845 3440 938 3503 abeo
954 3437 1056 3523 gradu

50 3532 209 3598 exordium
234 3550 363 3613 capere,
385 3529 468 3593 unde
490 3528 576 3592 filius
600 3527 810 3592 exheredatus
836 3531 893 3592 est.

809 3630 844 3687 3*
