2430 3944
350 193 375 242 4.
398 187 430 240 1..
449 185 631 241 NERATIUS
650 185 798 243 PRISCUS
1011 188 1077 252 299

64 354 188 433 utatur,
212 353 332 433 quanto
356 348 462 413 minus
485 348 547 414 tibi
568 348 779 433 praestiterit,
801 352 894 416 tanto
918 351 1025 417 minus
1043 356 1076 418 te

64 439 154 504 Titio
177 441 343 523 praestare
365 459 432 501 non
455 459 525 502 esse
547 439 701 522 iniquum.

156 528 187 594 5.
214 527 253 592 D.
268 527 320 610 36,
336 527 365 607 1,
379 527 432 611 23,
445 527 474 591 3.
520 525 681 610 Ulpianus
708 526 792 591 libro
819 528 933 611 quinto
957 529 1077 614 Dispu-

64 617 227 682 tationum
259 614 309 702 (P.
334 613 421 697 109).
452 651 490 661 -
520 663 554 682 ..
578 616 606 680 si
638 615 710 699 quis
743 620 876 700 rogetur
906 618 1076 684 restituere

64 705 281 771 hereditatem
304 707 336 768 et
358 703 410 768 vel
433 704 518 769 servi
536 704 732 769 decesserint
748 705 801 769 vel
820 705 904 769 eliae
923 727 974 770 res
992 708 1077 790 peri-

64 795 164 877 erint,
191 793 299 877 placet
327 813 394 857 non
419 793 492 876 cogi
515 815 588 857 eum
611 792 742 857 reddere
765 793 849 877 quod
875 816 941 859 non
968 794 1077 860 habet.

66 883 196 967 [culpae
220 883 316 966 plane
348 880 479 946 reddere
511 882 685 964 rationem,
716 881 771 946 sed
801 882 870 947 eius
894 904 975 967 quae
1001 884 1077 949 dolo

65 972 215 1056 proxima
244 973 314 1051 est]
361 973 394 1034 et
425 969 473 1034 ita
504 968 657 1036 Neratius
684 969 768 1036 libro
796 971 900 1054 primo
931 972 1076 1056 Respon-

66 1082 177 1126 eorum
201 1059 321 1124 scribit.

154 1152 276 1212 Inclusa
297 1152 391 1212 verba
412 1151 534 1210 Perniee
557 1170 618 1211 non
640 1151 758 1212 Neratii
780 1171 845 1213 esse
867 1157 978 1214 censet

155 1237 186 1302 6.
218 1235 256 1300 D.
276 1236 329 1320 22,
350 1239 377 1318 1,
398 1235 448 1312 14,
469 1237 497 1300 1.
541 1234 660 1299 Paulus
693 1235 777 1301 libro
807 1240 923 1320 quarto
953 1237 1075 1303 decimo

67 1325 307 1409 Responsorum
331 1319 380 1409 (P.
401 1323 510 1408 1560).
535 1321 753 1389 -Neratius
785 1324 869 1391 libro
896 1327 1001 1411 primo
1029 1327 1077 1391 ita

66 1414 166 1478 refert
192 1434 280 1495 eum,
312 1411 366 1497 qui
385 1460 392 1475 .
408 1461 416 1477 .
434 1416 567 1497 rogatus
597 1415 697 1495 esset,
728 1416 765 1477 ut
792 1414 958 1479 mulierem
984 1416 1077 1480 resti·

65 1504 181 1584 tieret,
203 1506 335 1584 partum
355 1500 423 1565 eins
440 1500 610 1566 restituere
630 1501 807 1586 cogendum
825 1523 892 1567 non
910 1525 993 1588 esse,
1013 1504 1077 1568 nisi

64 1596 144 1656 tnnc
175 1591 278 1655 editus
306 1592 406 1672 esset,
439 1610 511 1654 cum
538 1588 574 1653 in
600 1589 847 1655 fideicommisso
875 1591 1075 1657 restituendo

67 1702 191 1744 moram
215 1678 353 1742 fecisset.

75 1818 77 1821 ,
154 1772 267 1832 Paulus
295 1770 391 1829 addit:
420 1764 526 1847 ‘neque
553 1771 699 1830 interesse
726 1772 877 1848 existimo,
904 1791 942 1832 an
967 1774 1076 1833 ancilla

65 1861 238 1938 specialiter
259 1878 298 1919 an
320 1858 471 1918 hereditas
493 1860 525 1917 in
547 1858 774 1920 fideicommisso
798 1853 859 1920 sit'.

383 2012 434 2078 De
456 2013 555 2095 operis
577 2013 761 2079 tedertorum.

156 2123 185 2186 7.
212 2120 252 2185 Ι).
266 2121 318 2201 38,
336 2124 363 2199 1,
378 2120 420 2185 50
429 2141 477 2204 pr.
521 2119 674 2184 Neratius
697 2120 780 2184 libro
802 2120 908 2202 primo
932 2119 1074 2203 Respon-

68 2233 184 2276 sorum.
219 2245 257 2256 —
292 2207 472 2292 Operarum
508 2207 681 2272 editionem
717 2207 854 2292 pendere
875 2230 932 2273 ex
965 2210 1075 2272 existi-

67 2300 208 2364 matione
233 2298 370 2382 edentis3
392 2319 468 2362 nam
491 2296 647 2381 dignitati
670 2296 881 2362 facultatibus
904 2300 1075 2362 consuetu-

67 2389 133 2452 dini
158 2387 294 2452 artificio
319 2387 387 2449 eius
411 2386 638 2450 convenientes
662 2385 809 2450 edendas.

156 2478 186 2541 8.
215 2474 252 2538 D.
271 2474 348 2538 ibid.
372 2477 391 2554 ξ
412 2476 440 2538 1.
468 2510 512 2520 -
539 2471 615 2539 Non
643 2474 750 2538 solum
777 2477 886 2538 autem
912 2472 1075 2557 libertum,

67 2565 121 2630 sed
150 2564 250 2629 etiam
278 2562 377 2627 alium
405 2561 581 2646 quemlibet
608 2583 721 2646 operas
749 2563 896 2628 edentem
924 2562 1075 2628 alendum

67 2658 124 2718 eut
157 2651 236 2716 satis
268 2651 424 2735 temporis
457 2652 497 2715 ad
528 2658 697 2734 quaestum
726 2651 952 2716 alimentorum
979 2652 1075 2716 relin-

68 2740 228 2826 quendum
257 2743 289 2803 et
316 2740 350 2804 in
377 2739 527 2803 omnibus
554 2742 702 2822 tempora
730 2739 769 2802 ed
797 2760 907 2804 curam
930 2741 1074 2824 corporis

67 2831 283 2895 necessariam
306 2827 524 2914 relinquenda.

155 2925 192 2982 ol.
217 2922 309 2982 Gaius
337 2922 413 2980 libro
437 2920 509 2979 XIV
532 2921 569 2978 ad
593 2920 680 2980 edict.
703 2940 786 2997 prov.
809 2921 846 2981 D.
862 2923 913 2998 38,
930 2925 957 2993 1,
974 2923 1024 2996 22,
1042 2925 1074 2980 2:

65 3007 112 3072 ‘In
141 3013 279 3072 omnibus
307 3011 405 3086 operis
427 3009 588 3087 praecipue
612 3009 830 3069 observandum
853 3016 914 3086 ast,
941 3014 977 3070 nt
1000 3015 1073 3069 tem-

65 3103 146 3178 poris
180 3101 290 3176 spatia,
322 3119 398 3175 quae
431 3101 468 3158 ad
499 3117 602 3157 euram
636 3098 769 3174 corporis
800 3099 967 3158 necessaria
994 3104 1073 3173 sunt,

65 3190 174 3251 liberto
197 3183 428 3265 relinquantur'.
472 3188 509 3247 cf.
529 3185 673 3262 Kuebler,
698 3186 728 3246 Z.
752 3186 780 3245 d.
802 3186 928 3247 Sea-St.
947 3186 1002 3263 XI,
1022 3189 1074 3246 45.

362 3341 412 3407 De
434 3343 583 3423 emptione
603 3341 781 3406 venditione.

153 3449 200 3511 9².
230 3448 269 3513 D.
286 3449 335 3531 19,
352 3449 424 3530 1,6,
440 3449 468 3512 1.
513 3447 711 3530 Pomponius
739 3447 824 3511 libro
848 3469 932 3512 nono
956 3446 996 3510 ad
1018 3445 1073 3510 Sa-

67 3535 179 3600 binum
203 3532 253 3622 (P.
272 3537 361 3622 554).
385 3573 428 3583 —
451 3534 484 3600 si
511 3535 640 3602 vendidi
661 3537 723 3600 tibi
746 3535 885 3599 insulam
909 3539 997 3600 certa
1019 3556 1074 3618 pe·
