2430 3944
367 168 391 216 6.
414 160 621 216 IAVOLENUS
640 160 787 218 PRISCUS
882 114 884 119 Ι
1019 161 1082 227 467

448 375 498 441 De
514 379 712 459 possessione.

159 501 188 566 6.
210 500 251 566 D.
266 501 319 584 41,
334 501 364 584 2,
378 501 431 565 23.
471 499 561 565 Idem
585 498 644 587 (sc.
661 499 848 589 Iavolenus)
872 502 957 568 libro
978 503 1085 587 primo

64 588 304 675 Epistularum.

160 693 183 740 1.
220 678 299 744 Cum
330 677 452 743 laedes
484 678 618 743 instituti
647 698 767 762 sumus,
800 679 889 743 adita
919 678 1085 744 hereditate

65 768 175 832 omnia
203 769 325 849 pridem
352 768 426 831 iura
452 768 495 832 ad
519 787 576 832 nos
604 773 777 846 transeunt,
802 769 954 850 possessio
981 773 1084 834 tannen

63 857 131 922 nisi
153 856 341 921 naturaliter
362 855 576 937 comprehenso
598 856 642 919 ad
661 875 719 921 nos
739 876 804 921 non
819 857 962 938 pertinet.

156 956 181 1005 2.
207 943 251 1008 In
269 944 326 1028 liis,
349 945 403 1026 qui
421 946 456 1008 in
473 944 605 1009 hostiurn
617 949 797 1027 potestaten
808 950 1022 1026 peruenerunt,
1047 947 1083 1011 in

62 1034 223 1098 retinendo
245 1034 319 1097 iura
340 1053 444 1097 rerunt
465 1053 594 1097 sanarunt
612 1033 770 1115 sinpulare
787 1035 839 1098 ius
856 1038 914 1110 est;
938 1055 1082 1117 corpora

63 1123 137 1187 liter
164 1127 265 1187 tamen
285 1122 507 1203 possessionem
534 1123 697 1199 amittunt;
724 1143 819 1204 neque
845 1123 928 1186 enine
949 1127 1084 1206 possunt

63 1212 166 1276 uideri
192 1211 314 1292 aliquid
335 1211 505 1294 possidere,
532 1231 601 1275 ouen
623 1211 686 1293 ipsi
712 1211 751 1275 ab
773 1212 836 1275 olio
854 1212 1082 1292 possideantur.

63 1300 205 1381 sequitur
230 1319 314 1381 erpo,
341 1303 377 1363 ut
400 1301 529 1364 reuersis
554 1298 603 1364 leis
624 1319 706 1364 noua
722 1301 912 1381 possessione
934 1320 1010 1381 opus
1031 1302 1083 1383 sit,

62 1389 190 1453 etiami
211 1408 299 1453 nemo
321 1388 421 1452 medio
444 1393 575 1471 ternpore
596 1409 645 1453 res
667 1408 771 1452 eorum
787 1390 964 1471 possederit.

155 1487 181 1537 s.
208 1475 289 1541 Item
310 1497 432 1560 quaero,
454 1477 483 1542 si
505 1478 629 1542 ainana
653 1477 781 1542 liberum
797 1477 952 1542 dominun
970 1478 1024 1556 ito,
1047 1483 1084 1542 ut

62 1586 135 1631 eune
151 1567 338 1651 possideam,
360 1586 404 1629 on
425 1567 540 1649 omnia,
562 1587 641 1648 oreae
663 1567 691 1630 is
707 1566 892 1650 possidebat,
914 1587 966 1649 epo
977 1567 1081 1648 possi·

63 1656 156 1719 deam
173 1675 232 1736 per
254 1655 353 1720 illurn.

154 1751 339 1834 Respondit:
370 1753 399 1817 si
429 1752 567 1816 ninneris
596 1752 750 1816 hominem
778 1752 921 1835 liberum,
953 1773 1022 1816 eum
1054 1757 1081 1816 te

61 1841 219 1923 possidere
234 1861 298 1905 non
309 1846 397 1924 puto.
427 1842 509 1921 quod
526 1861 593 1906 ouen
611 1842 659 1904 ita
675 1859 707 1904 se
723 1840 839 1923 tabeat,
860 1841 957 1905 multo
975 1842 1081 1905 ruinas

61 1950 119 2011 per
140 1930 234 1994 illurn
255 1949 303 1994 res
325 1931 390 1994 eius
410 1951 431 1993 a
449 1930 726 2011 tepossidebuntnr
744 1927 857 2012 [neque
874 1930 956 1993 enirn
974 1949 1078 1993 rerurn

65 2022 183 2083 notura
208 2019 327 2100 rapu,
356 2023 392 2084 ut
411 2038 470 2099 per
497 2039 567 2084 eurn
593 2017 714 2100 aliquid
734 2019 890 2098 possidere
910 2018 1080 2101 possimus,

63 2127 154 2191 quern
176 2107 306 2172 ciuiliter
328 2109 363 2172 in
385 2127 454 2171 inea
473 2111 619 2189 potestate
639 2127 703 2171 non
725 2105 847 2190 liabeoJ.

486 2377 594 2437 Liber
616 2377 655 2437 Π.

479 2497 529 2562 De
551 2497 666 2580 lupatis.

156 2622 185 2684 7.
213 2619 251 2684 D.
272 2621 419 2705 7,1,53.
464 2620 636 2687 Iavolenus
664 2621 749 2685 libro
778 2618 916 2684 seeundo
943 2619 1078 2703 Epistu-

60 2711 180 2774 larum.
203 2745 245 2755 —
269 2709 306 2774 Si
328 2712 378 2774 oui
395 2711 515 2775 insulae
532 2710 744 2790 ususfructus
763 2710 878 2792 lepateu
894 2714 946 2787 est,
969 2729 1076 2791 quarn-

60 2799 120 2864 diu
138 2799 287 2879 quaelibet
298 2800 401 2880 portio
420 2801 484 2863 eius
501 2800 624 2864 insulae
640 2802 785 2882 remanet,
803 2798 892 2862 totins
909 2798 969 2862 soli
985 2818 1078 2863 nsurn

58 2887 202 2969 fructum
223 2889 341 2953 retinet.

155 2983 184 3048 8.
208 2984 247 3050 D.
262 2986 314 3070 33,
328 2985 359 3067 5,
376 2985 424 3050 15.
461 2983 551 3048 Idem
575 2982 632 3070 (so.
645 2982 832 3069 Iavolenus)
856 2984 939 3049 libro
964 3004 1074 3047 seeun-

62 3074 105 3139 do
129 3072 360 3157 Epistularum.
391 3109 429 3120 -
459 3072 552 3138 Soron
578 3074 644 3138 sine
671 3073 807 3137 libertate
831 3073 941 3156 Quoi,
968 3071 1077 3136 duride

61 3163 216 3251 optionem
251 3182 406 3227 seronrun
442 3162 566 3226 Maenio
602 3162 687 3240 dedi;
727 3164 757 3227 is
792 3162 919 3226 eundern
954 3179 1076 3224 sunum

62 3253 188 3334 optauit.
241 3272 368 3336 quaero,
404 3272 447 3315 an
481 3252 517 3316 id
550 3271 667 3333 ortoque
697 3253 779 3333 quod
809 3251 941 3334 lepatnm
972 3252 1017 3311 est
1047 3247 1076 3310 ei

63 3342 228 3407 deberetur.

154 3427 340 3511 Respondit:
362 3449 425 3494 non
440 3433 514 3510 puto
535 3429 667 3511 lpoturn
684 3428 777 3494 luins
794 3427 874 3493 serui
891 3423 1016 3490 nornine
1034 3423 1078 3488 ad

63 3518 225 3584 dominun
245 3518 405 3601 pertinere.

820 3621 878 3677 su*
