2430 3944
139 185 205 248 374
241 184 273 238 V.
293 183 444 239 NERVAE
463 182 511 237 ΕΤ
530 181 683 237 TRAIANI
701 180 808 236 ΤΕΜΡ.
827 179 924 236 IURIS
943 178 1123 236 CONSULTI

426 404 482 464 ΠΙ.
515 404 747 480 Digestorum
770 403 866 463 libri.

225 528 262 587 In
283 527 446 588 Iustiniani
468 527 602 604 Digestis
623 528 657 588 D.
674 529 725 605 24,
740 529 769 603 3,
784 528 877 604 44pr.
901 529 974 586 haec
997 528 1156 606 leguntur:

137 613 262 679 ‘Paulus
290 617 367 676 libro
395 616 500 694 quinto
528 615 753 688 Quaestionum.
799 662 862 676 ...
890 615 993 675 Nerva
1020 620 1052 675 et
1080 615 1177 676 Doto.

136 705 367 783 responderunt,
400 707 436 764 ut
466 708 513 766 est
540 706 671 764 relatum
697 704 778 781 apud
806 704 929 765 Sextum
957 704 1157 782 Pomponium

136 795 331 871 Digestorum
364 793 402 853 ab
429 794 572 854 Aristono
604 793 682 854 libro
712 793 827 869 quinto.
877 793 989 854 ibidem
1017 794 1156 853 Aristoni

136 876 305 944 consentit'.
360 882 469 960 quibus
503 881 539 941 de
572 882 671 943 verbis
702 882 950 960 interpretandis,
982 885 1087 942 utrum
1120 882 1156 941 de

136 972 287 1032 Aristonis
319 990 360 1030 an
391 971 427 1030 de
459 971 617 1048 Pomponii
652 971 787 1050 Digestis
824 989 921 1031 sermo
959 971 1014 1030 fist
1047 972 1155 1031 eximie

137 1061 302 1121 dubitatur.
344 1063 436 1138 atque
453 1059 619 1120 Mommsen
638 1059 669 1120 Z.
683 1060 704 1120 f.
719 1059 780 1120 Rs.
795 1059 856 1119 VII
869 1080 896 1136 p.
914 1061 978 1120 477
997 1059 1157 1137 Pomponii

137 1168 221 1227 opus,
236 1168 294 1225 quo
305 1148 455 1209 Aristonis
470 1149 635 1209 sententias
649 1149 818 1226 contulerit,
833 1148 987 1225 designari
1001 1150 1157 1208 existimat

136 1237 391 1298 consentientibus
415 1237 569 1315 Kruogero
586 1237 625 1322 [Z.
648 1237 676 1297 d.
696 1236 823 1297 Seu-St.
844 1236 904 1296 VII
922 1259 951 1314 p.
968 1240 1023 1315 94;
1048 1237 1156 1298 Gesch.

135 1348 164 1403 p.
177 1329 240 1387 164
264 1330 295 1386 et
313 1326 455 1386 Ksrlowa
473 1325 529 1402 Ip.
542 1328 616 1387 670.
629 1327 700 1386 700.
738 1325 791 1385 alii
814 1327 871 1385 viri
890 1326 970 1386 docti
989 1346 1049 1387 non
1068 1325 1156 1386 Pom-

135 1416 269 1492 ponium,
287 1414 339 1475 sed
358 1414 531 1475 Aristonem
549 1415 674 1491 Digesta
693 1414 821 1475 edidisse
835 1414 923 1474 Pauli
941 1415 1041 1475 verbis
1061 1415 1155 1492 signi·

135 1505 220 1564 ficari
242 1503 388 1583 iudicant,
411 1503 547 1578 inprimis
570 1503 608 1562 H.
631 1502 756 1563 Pernice
780 1504 862 1563 Misc.
885 1523 914 1579 p.
930 1505 985 1564 35:
1014 1498 1157 1580 ‘Digesta

137 1594 174 1653 ab
189 1592 332 1652 Aristone
414 1592 496 1650 kann
577 1591 745 1668 sprscblich
764 1612 823 1651 nur
836 1593 986 1651 bedeuten
999 1593 1155 1671 Digesten,

135 1681 248 1742 welche
271 1681 375 1740 Aristo
400 1680 594 1757 geschrieben
615 1681 669 1740 bot
691 1675 756 1740 ...'
802 1681 850 1741 cui
872 1681 1036 1740 assentitur
1059 1681 1156 1741 Lenel

136 1770 169 1831 P.
184 1769 239 1829 col.
252 1773 290 1828 61
312 1789 340 1828 n.
352 1773 379 1828 1.
416 1768 490 1828 mibi
508 1788 579 1829 vero
600 1770 700 1846 verba,
724 1787 800 1847 quae
820 1771 894 1829 mire
913 1769 1042 1829 distorta
1060 1769 1155 1831 Paulo

136 1858 355 1932 attribuuntur,
388 1858 490 1934 potius
523 1876 541 1916 s
569 1857 751 1918 Tribouiano
779 1858 920 1918 videntur
946 1859 989 1917 ita
1018 1859 1156 1919 confecta

136 1965 214 2026 esse,
239 1950 273 2006 ut
296 1965 373 2023 quae
395 1945 507 2005 Paulus
531 1947 568 2005 de
591 1946 709 2007 Nervae
732 1947 883 2006 Aristonis
907 1946 1065 2023 Pomponii
1089 1967 1155 2007 sen·

135 2036 240 2096 tentiis
272 2036 446 2113 rettulerat,
479 2053 515 2094 sa
549 2035 676 2110 pessime
708 2036 740 2094 in
768 2036 859 2095 breve
891 2036 1030 2112 coegerit.
1082 2036 1156 2112 quid

135 2125 223 2184 Pauli
246 2123 338 2183 verbs
361 2143 392 2182 re
411 2142 483 2182 vera
502 2123 559 2182 sibi
577 2123 673 2183 velint
691 2125 839 2200 explorari
863 2143 923 2185 non
940 2127 1054 2201 potest3
1078 2125 1156 2184 illud

135 2233 230 2272 unum
258 2213 415 2272 dicendum
443 2215 503 2288 est,
531 2212 597 2271 fieri
624 2231 724 2291 posse,
752 2216 788 2272 ut
815 2212 927 2272 Paulus
956 2214 1155 2288 Digestorum

136 2302 230 2361 libros
263 2301 300 2360 ab
328 2301 471 2361 Aristone
499 2301 650 2360 confectos
678 2303 788 2360 iterum
815 2320 834 2360 a
862 2301 1026 2378 Pomponio
1055 2301 1153 2363 editos

137 2410 202 2450 esse
230 2389 397 2448 tradiderit.
450 2389 529 2466 quod
552 2389 654 2467 Lenel,
677 2390 729 2466 qni
752 2390 833 2465 apud
854 2389 1028 2450 Aristonem
1053 2394 1155 2451 notat:

138 2475 332 2554 ‘Pomponius
363 2523 396 2538 ..
428 2479 553 2556 Digesta
585 2478 651 2556 illa,
684 2480 850 2556 epitomata
881 2480 1022 2555 forsitan,
1056 2481 1154 2540 denuo

136 2569 257 2628 videtur
276 2561 424 2643 edidisss’,
443 2566 524 2643 apud
540 2567 739 2643 Pomponium
758 2570 859 2626 autem
879 2562 925 2645 (ΙΙ
938 2569 991 2627 col.
1005 2563 1061 2648 79)
1081 2570 1155 2628 haec

137 2659 257 2716 tantum
275 2656 404 2731 profert:
425 2649 534 2715 ‘Notae
551 2656 589 2714 sd
603 2656 755 2715 Aristonis
770 2651 916 2733 Digesta',
935 2657 1048 2715 librum
1066 2657 1155 2716 illum

138 2745 276 2821 quintum
290 2743 413 2803 aPsulo
428 2743 556 2803 allatum
565 2745 716 2804 Aristonis
725 2745 858 2822 Digestis
874 2745 1022 2823 attribuit,
1031 2747 1155 2821 probari

139 2833 251 2908 nequit.
308 2832 489 2909 Pomponius
525 2835 604 2892 enim
642 2828 775 2892 ‘ibidem'
812 2833 948 2893 Aristoni
985 2836 1154 2894 consentire

138 2921 260 2997 dicitur,
293 2922 373 2996 quod
406 2921 444 2981 ad
475 2922 567 2981 verbs
599 2915 687 2981 ‘libro
719 2915 837 2998 quinto'
869 2942 929 2982 non
960 2927 1063 2998 potest
1094 2944 1155 2984 non

137 3010 296 3086 pertinere.

228 3099 263 3157 Iu
282 3099 475 3176 Digestorum
498 3098 581 3158 libris
600 3099 774 3159 Aristonem
797 3102 828 3158 et
850 3099 986 3176 priorum
1009 3119 1155 3178 responsa

139 3188 364 3263 sententiasque
382 3187 544 3267 rettulisse,
563 3207 607 3246 ex.
617 3207 662 3266 gr.
676 3186 772 3247 Cassii
787 3184 837 3268 (D.
847 3190 896 3266 17,
906 3191 934 3264 2,
944 3191 1022 3264 29,2
1038 3183 1154 3249 ‘Aristo

138 3277 232 3336 refert
265 3274 402 3335 Cassium
438 3270 668 3357 respondisse'),
704 3277 784 3336 notis
818 3278 996 3354 plerumque
1029 3279 1154 3338 adiectis

139 3359 190 3442 (D.
216 3366 379 3443 7,1,7,3
413 3358 546 3424 ‘Cassius
579 3410 611 3425 ..
645 3365 750 3425 scribit
782 3410 814 3426 ..
849 3370 879 3425 et
910 3366 1014 3426 Aristo
1046 3360 1154 3427 notat’.

138 3454 175 3511 D.
191 3456 242 3531 39,
260 3455 287 3528 2,
303 3455 343 3513 28
369 3446 501 3512 ‘Cassius
524 3454 629 3514 scribit
724 3454 826 3514 Aristo
850 3459 951 3514 autem
1041 3451 1153 3515 adicit'.

139 3542 175 3600 D.
197 3545 274 3620 7,1,
296 3545 381 3614 17,1
413 3536 528 3603 ‘Aristo
555 3544 635 3620 apud
663 3541 800 3602 Cassium
827 3537 934 3603 notat'.
979 3544 1013 3604 D.
1037 3548 1065 3619 7,
1085 3547 1153 3620 8,6
