2430 3944
392 154 417 204 9.
437 147 590 204 CAELIUS
609 147 763 204 SABINUS
1020 150 1085 216 251

64 309 170 376 teneri
193 307 344 377 Caelius²
372 311 432 393 ait,
459 312 592 396 perinde
621 333 658 376 ao
686 313 715 376 si
737 311 930 377 nominatim
952 315 1087 380 morbus

65 403 219 483 exceptus
237 398 354 464 fuisset
374 399 429 480 [ad
447 421 503 464 eos
518 400 605 464 enim
619 401 752 465 morbos
766 401 910 486 vitiaque
923 403 1087 486 pertinere

64 487 207 554 edietum
230 487 384 553 aedilium
407 489 612 573 probandum
636 495 695 574 est,
721 511 803 574 quae
826 491 899 575 quis
922 492 1088 576 ignoravit

63 576 116 642 vel
138 577 294 661 ignorare
318 579 450 661 potuit}

152 667 185 730 4.
217 664 300 731 Gell.
315 666 347 749 4,
363 667 456 749 2,11.
473 703 511 712 -
527 666 577 732 Do
591 689 709 752 myope
724 689 860 751 quoque,
875 669 930 751 qui
944 669 1087 734 luscitio-

63 776 118 819 sus
132 753 254 820 Latine
269 756 462 841 appelletur,
477 755 660 820 dissensum
675 760 739 841 est3
758 757 814 821 alii
829 757 915 821 euim
929 758 1086 822 rethiberi

63 843 252 909 omnimodo
280 844 412 923 debere,
439 845 498 908 alii
526 850 653 928 eontra,
680 845 744 910 nisi
771 845 805 910 id
832 846 949 911 vitium
972 847 1086 912 morbo

62 935 268 997 contractum
293 937 387 998 esset.

152 1019 196 1086 5?
228 1020 276 1086 Id.
295 1022 347 1087 12.
371 1059 413 1069 -
437 1022 523 1087 Eum
551 1071 585 1088 ..
614 1022 768 1087 euidens
792 1022 928 1106 deesset,
956 1022 1087 1088 Servius

63 1109 221 1174 rethiberi
247 1132 344 1193 posse
363 1111 547 1197 respondit,
569 1111 678 1177 Labeo
704 1113 739 1176 in
764 1133 863 1177 eausa
887 1134 957 1176 esse
980 1113 1086 1177 redhi-

63 1198 162 1263 bendi
184 1201 329 1284 negavit
368 1222 445 1264 nam
469 1203 501 1264 et
523 1220 653 1284 magna,
675 1200 792 1285 inquit,
815 1223 891 1284 pars
916 1206 950 1266 et
968 1223 998 1284 q.
1017 1224 1041 1267 s.

152 1292 192 1351 V.
213 1311 306 1370 supra
327 1292 369 1367 Π,
385 1298 401 1352 1
418 1314 447 1370 p.
464 1296 536 1355 143.

152 1394 198 1460 6⁸.
226 1394 322 1461 Id9.
341 1395 394 1460 10.
417 1432 460 1442 -—
483 1395 533 1460 De
557 1396 669 1461 sterila
692 1445 722 1461 ..
746 1395 893 1480 muliere,
922 1396 950 1460 si
973 1397 1086 1461 natira

62 1483 240 1548 sterilitate
259 1484 311 1565 sit,
335 1483 525 1548 Trebatium
544 1489 658 1551 eontra
676 1485 860 1550 Labeonem
879 1485 1085 1568 respondisse

61 1573 185 1638 dieunt.
229 1594 308 1636 nam
335 1594 408 1637 oum
435 1574 594 1638 rethiberi
622 1596 694 1639 earn
716 1572 827 1638 Labeo
855 1574 950 1657 quasi
977 1575 1085 1639 minus

62 1683 179 1725 sanam
194 1664 353 1746 putasset,
372 1681 510 1746 negasse
529 1663 621 1727 aiunt
639 1663 830 1728 Trebatium
849 1684 887 1726 ex
905 1663 1011 1729 edicto
1031 1665 1087 1747 agi

62 1771 171 1834 posse,
190 1749 220 1814 si
239 1771 277 1814 ea
295 1749 412 1814 mulier
432 1751 625 1835 aprinoipio
641 1751 777 1836 genitali
796 1751 971 1816 sterilitate
991 1757 1086 1817 esset.

60 1843 98 1903 at
122 1839 151 1903 si
174 1837 323 1904 valitudo
347 1839 416 1903 eius
441 1841 628 1904 offendisset
649 1862 751 1924 exque
770 1862 808 1904 ea
827 1840 942 1904 vitium
960 1840 1086 1906 facturn

62 1932 164 2008 esset,
187 1930 225 1991 ut
248 1928 417 2011 concipere
440 1929 525 1993 fetus
548 1950 615 1994 non
638 1935 764 2012 posset,
786 1934 857 1993 tum
881 1949 994 1993 sanam
1018 1951 1085 1994 nou

62 2015 168 2081 videri
191 2022 225 2081 et
247 2038 317 2081 esse
340 2019 375 2080 in
400 2038 497 2081 causa
518 2017 750 2082 rethibitionis.

153 2102 200 2170 6¹³.
231 2104 272 2169 D.
291 2106 344 2188 21,
363 2105 393 2189 1,
414 2107 464 2189 14,
483 2107 513 2171 3.
537 2143 579 2152 -
608 2106 768 2189 Ulpianus
795 2105 880 2169 libro
907 2106 1014 2188 primo
1044 2106 1085 2168 ad

58 2193 206 2258 edietum
238 2194 392 2258 aedilium
420 2195 579 2259 curulium
607 2192 655 2281 (P.
678 2191 803 2281 17602).
835 2230 873 2240 -
904 2194 952 2258 De
981 2193 1084 2257 sterili

60 2281 194 2349 caelius
215 2283 415 2367 distinguere
428 2283 617 2347 Trebatium
637 2283 724 2366 dicit,
737 2287 774 2348 ut
789 2285 816 2348 si
831 2287 948 2347 natura
962 2282 1084 2347 sterilis

61 2373 122 2454 sit,
146 2393 227 2435 sana
252 2372 308 2453 sit,
331 2372 359 2436 si
381 2372 461 2436 vitio
486 2376 644 2456 corporis,
667 2377 791 2438 eontra.

154 2460 197 2525 7?
221 2459 305 2525 Gell.
318 2461 349 2543 4,
362 2461 394 2542 2,
408 2461 505 2526 6-8.
529 2499 568 2508 -
592 2461 642 2526 De
670 2462 816 2526 eunucho
840 2510 875 2526 ..
900 2461 1085 2545 quaesitum

59 2553 123 2633 est,
146 2572 189 2613 an
213 2554 328 2614 contra
351 2549 491 2614 edictum
515 2550 668 2614 aedilium
688 2549 853 2616 videretur
871 2549 1085 2632 venundatus,

60 2640 89 2703 si
115 2640 303 2724 ignorasset
325 2641 464 2721 emptor,
487 2661 560 2703 eum
582 2640 764 2704 eunuchum
783 2660 863 2702 esse.
899 2639 1084 2704 Labeonem

59 2726 271 2810 respondisse
295 2726 400 2808 aiunt,
423 2727 581 2792 rethiberi
604 2750 700 2811 posse
724 2728 818 2811 quasi
841 2729 1039 2793 morbosum.

154 2816 185 2880 8.
208 2814 249 2878 D.
264 2816 316 2898 21,
334 2818 362 2898 1,
378 2817 429 2901 17,
445 2819 474 2880 12
520 2814 679 2902 Ulpianus
702 2818 785 2881 libro
808 2819 913 2899 primo
938 2818 978 2881 ad
1003 2816 1085 2880 edio·

58 2909 133 2968 tum
157 2905 313 2969 aedilium
336 2906 495 2968 curulium
520 2903 570 2989 (P.
586 2903 707 2990 17612).
735 2942 772 2952 -
799 2903 927 2970 Caelius
952 2954 978 2970 ..
1001 2905 1084 2989 fugi·

58 2993 168 3057 tivum
200 3015 270 3057 esse
303 2993 349 3056 ait
380 3015 466 3076 eum,
500 2994 556 3077 qui
584 3016 622 3057 ea
648 2998 756 3057 mente
785 2995 941 3078 discedat,
973 3016 1014 3058 ne
1044 2994 1084 3056 ad

59 3082 233 3146 dominum
260 3082 384 3165 redeat,
412 3083 542 3146 tametsi
565 3086 692 3147 mutato
717 3083 852 3147 oonsilio
877 3084 917 3147 ad
941 3105 1014 3147 eum
1036 3104 1084 3146 re-

58 3174 224 3254 vertatnr3
247 3191 335 3235 nemo
357 3171 438 3235 enim
456 3172 514 3236 tab·
527 3177 657 3254 peccate,
677 3172 795 3255 inquit,
810 3173 1007 3254 paenitentia
1025 3192 1085 3236 sua

58 3279 174 3325 nocens
195 3279 258 3324 esse
278 3260 400 3324 desinit.

153 3353 190 3413 of.
210 3353 247 3412 D.
266 3355 319 3429 47,
339 3356 368 3431 2,
389 3357 431 3414 60
458 3354 608 3430 Ulpianus
640 3355 718 3415 libro
749 3354 848 3431 primo
881 3355 918 3414 ad
951 3354 1084 3412 edietum

138 3528 152 3574 1
172 3522 219 3577 FT.
238 3520 386 3578 Caecilius.
