<?xml version="1.0" encoding="UTF-8"?>
<!DOCTYPE html PUBLIC "-//W3C//DTD XHTML 1.0 Transitional//EN"
    "http://www.w3.org/TR/xhtml1/DTD/xhtml1-transitional.dtd">
<html xmlns="http://www.w3.org/1999/xhtml" xml:lang="en" lang="en">
 <head>
  <title>
</title>
<meta http-equiv="Content-Type" content="text/html;charset=utf-8" />
  <meta name='ocr-system' content='tesseract 3.04.00' />
  <meta name='ocr-capabilities' content='ocr_page ocr_carea ocr_par ocr_line ocrx_word'/>
</head>
<body>
  <div class='ocr_page' id='page_1' title='image "./iurisprudentiae02bremgoog_0557.png"; bbox 0 0 2430 3944; ppageno 0'>
   <div class='ocr_carea' id='block_1_1' title="bbox 95 185 862 254">
    <p class='ocr_par' dir='ltr' id='par_1_1' title="bbox 95 185 862 254">
     <span class='ocr_line' id='line_1_1' title="bbox 95 185 862 254; baseline -0.018 -1"><span class='ocrx_word' id='word_1_1' title='bbox 95 189 162 253; x_wconf 75' lang='lat'><strong>524</strong></span> <span class='ocrx_word' id='word_1_2' title='bbox 463 185 742 240; x_wconf 78' lang='lat' dir='ltr'><strong>rnnrrrnuura</strong></span> <span class='ocrx_word' id='word_1_3' title='bbox 860 250 862 254; x_wconf 65' lang='lat'><strong>,</strong></span> 
     </span>
    </p>
   </div>
   <div class='ocr_carea' id='block_1_2' title="bbox 97 348 1104 612">
    <p class='ocr_par' dir='ltr' id='par_1_2' title="bbox 97 348 1104 612">
     <span class='ocr_line' id='line_1_2' title="bbox 98 348 1104 435; baseline -0.005 -19"><span class='ocrx_word' id='word_1_4' title='bbox 98 351 270 435; x_wconf 84' lang='lat' dir='ltr'><strong>pecuniam</strong></span> <span class='ocrx_word' id='word_1_5' title='bbox 297 350 408 414; x_wconf 87' lang='lat' dir='ltr'><strong>statim</strong></span> <span class='ocrx_word' id='word_1_6' title='bbox 428 351 705 432; x_wconf 79' lang='lat' dir='ltr'><strong>consumpturum,</strong></span> <span class='ocrx_word' id='word_1_7' title='bbox 729 369 840 412; x_wconf 82' lang='lat' dir='ltr'><strong>servos</strong></span> <span class='ocrx_word' id='word_1_8' title='bbox 861 349 902 412; x_wconf 96' lang='lat' dir='ltr'><strong>ab</strong></span> <span class='ocrx_word' id='word_1_9' title='bbox 919 370 957 412; x_wconf 95' lang='lat' dir='ltr'><strong>eo</strong></span> <span class='ocrx_word' id='word_1_10' title='bbox 973 348 1104 430; x_wconf 76' lang='lat' dir='ltr'><strong>emisset,</strong></span> 
     </span>
     <span class='ocr_line' id='line_1_3' title="bbox 97 435 1104 524; baseline -0.004 -21"><span class='ocrx_word' id='word_1_11' title='bbox 97 440 245 524; x_wconf 82' lang='lat' dir='ltr'>plerique</span> <span class='ocrx_word' id='word_1_12' title='bbox 276 438 513 523; x_wconf 88' lang='lat' dir='ltr'><strong>responderunt</strong></span> <span class='ocrx_word' id='word_1_13' title='bbox 547 459 620 500; x_wconf 89' lang='lat' dir='ltr'><strong>eum</strong></span> <span class='ocrx_word' id='word_1_14' title='bbox 652 436 754 501; x_wconf 90' lang='lat' dir='ltr'>nihilo</span> <span class='ocrx_word' id='word_1_15' title='bbox 786 438 894 502; x_wconf 89' lang='lat' dir='ltr'><strong>minus</strong></span> <span class='ocrx_word' id='word_1_16' title='bbox 928 438 1016 503; x_wconf 88' lang='lat' dir='ltr'><strong>bona</strong></span> <span class='ocrx_word' id='word_1_17' title='bbox 1050 435 1104 500; x_wconf 88' lang='lat' dir='ltr'><strong>fide</strong></span> 
     </span>
     <span class='ocr_line' id='line_1_4' title="bbox 98 532 379 612; baseline -0.004 -19"><span class='ocrx_word' id='word_1_18' title='bbox 98 532 278 612; x_wconf 88' lang='lat' dir='ltr'><strong>emptorem</strong></span> <span class='ocrx_word' id='word_1_19' title='bbox 301 549 379 592; x_wconf 91' lang='lat' dir='ltr'><strong>esse.</strong></span> 
     </span>
    </p>
   </div>
   <div class='ocr_carea' id='block_1_3' title="bbox 186 637 431 700">
    <p class='ocr_par' dir='ltr' id='par_1_3' title="bbox 186 637 431 700">
     <span class='ocr_line' id='line_1_5' title="bbox 186 637 431 700; baseline -0.02 0"><span class='ocrx_word' id='word_1_20' title='bbox 186 641 223 700; x_wconf 85' lang='lat' dir='ltr'><strong>of.</strong></span> <span class='ocrx_word' id='word_1_21' title='bbox 246 637 316 698; x_wconf 89' lang='lat' dir='ltr'><strong>Vat.</strong></span> <span class='ocrx_word' id='word_1_22' title='bbox 340 639 378 696; x_wconf 84' lang='lat' dir='ltr'><strong>fr.</strong></span> <span class='ocrx_word' id='word_1_23' title='bbox 403 641 431 696; x_wconf 91' lang='lat'><strong>1.</strong></span> 
     </span>
    </p>
   </div>
   <div class='ocr_carea' id='block_1_4' title="bbox 432 797 780 872">
    <p class='ocr_par' dir='ltr' id='par_1_4' title="bbox 432 797 780 872">
     <span class='ocr_line' id='line_1_6' title="bbox 432 797 780 872; baseline 0.003 -16"><span class='ocrx_word' id='word_1_24' title='bbox 432 797 480 856; x_wconf 85' lang='lat' dir='ltr'><strong>De</strong></span> <span class='ocrx_word' id='word_1_25' title='bbox 504 801 628 872; x_wconf 80' lang='lat' dir='ltr'><strong>emptore</strong></span> <span class='ocrx_word' id='word_1_26' title='bbox 650 799 780 857; x_wconf 78' lang='lat' dir='ltr'><strong>liberate.</strong></span> 
     </span>
    </p>
   </div>
   <div class='ocr_carea' id='block_1_5' title="bbox 98 905 1104 1328">
    <p class='ocr_par' dir='ltr' id='par_1_5' title="bbox 98 905 1104 1328">
     <span class='ocr_line' id='line_1_7' title="bbox 188 905 1104 995; baseline -0.004 -21"><span class='ocrx_word' id='word_1_27' title='bbox 188 910 240 974; x_wconf 97' lang='grc'><strong>26.</strong></span> <span class='ocrx_word' id='word_1_28' title='bbox 287 907 327 974; x_wconf 90' lang='lat' dir='ltr'><strong>D.</strong></span> <span class='ocrx_word' id='word_1_29' title='bbox 353 908 406 987; x_wconf 90' lang='grc'><strong>46,</strong></span> <span class='ocrx_word' id='word_1_30' title='bbox 435 909 465 991; x_wconf 95' lang='grc'><strong>3,</strong></span> <span class='ocrx_word' id='word_1_31' title='bbox 493 908 545 991; x_wconf 89' lang='lat'><strong>34,</strong></span> <span class='ocrx_word' id='word_1_32' title='bbox 574 907 602 971; x_wconf 84' lang='lat'><strong>5.</strong></span> <span class='ocrx_word' id='word_1_33' title='bbox 649 906 740 971; x_wconf 83' lang='lat' dir='ltr'><strong>Idem</strong></span> <span class='ocrx_word' id='word_1_34' title='bbox 765 905 822 993; x_wconf 87' lang='lat' dir='ltr'><strong>(se.</strong></span> <span class='ocrx_word' id='word_1_35' title='bbox 845 905 1010 995; x_wconf 87' lang='lat' dir='ltr'><strong>lulianus)</strong></span> <span class='ocrx_word' id='word_1_36' title='bbox 1034 907 1104 972; x_wconf 91' lang='lat' dir='ltr'><strong>libro</strong></span> 
     </span>
     <span class='ocr_line' id='line_1_8' title="bbox 99 994 1104 1082; baseline 0 -20"><span class='ocrx_word' id='word_1_37' title='bbox 99 997 393 1082; x_wconf 83' lang='lat' dir='ltr'><strong>quinquagensimo</strong></span> <span class='ocrx_word' id='word_1_38' title='bbox 423 1000 538 1080; x_wconf 89' lang='lat' dir='ltr'><strong>quarto</strong></span> <span class='ocrx_word' id='word_1_39' title='bbox 566 994 787 1080; x_wconf 85' lang='lat' dir='ltr'><strong>Digestorum.</strong></span> <span class='ocrx_word' id='word_1_40' title='bbox 809 1032 854 1042; x_wconf 97' lang='lat'><em>-</em></span> <span class='ocrx_word' id='word_1_41' title='bbox 878 1046 907 1061; x_wconf 93' lang='lat'><strong>..</strong></span> <span class='ocrx_word' id='word_1_42' title='bbox 933 1019 1006 1062; x_wconf 87' lang='lat' dir='ltr'><strong>cum</strong></span> <span class='ocrx_word' id='word_1_43' title='bbox 1032 996 1104 1081; x_wconf 78' lang='lat' dir='ltr'><strong>fugi-</strong></span> 
     </span>
     <span class='ocr_line' id='line_1_9' title="bbox 98 1085 1102 1170; baseline -0.003 -19"><span class='ocrx_word' id='word_1_44' title='bbox 98 1087 198 1167; x_wconf 90' lang='lat' dir='ltr'><strong>tivus,</strong></span> <span class='ocrx_word' id='word_1_45' title='bbox 222 1087 279 1170; x_wconf 91' lang='lat' dir='ltr'><strong>qui</strong></span> <span class='ocrx_word' id='word_1_46' title='bbox 301 1108 360 1169; x_wconf 93' lang='lat' dir='ltr'><strong>pro</strong></span> <span class='ocrx_word' id='word_1_47' title='bbox 384 1086 489 1150; x_wconf 92' lang='lat' dir='ltr'><strong>libero</strong></span> <span class='ocrx_word' id='word_1_48' title='bbox 514 1106 547 1150; x_wconf 91' lang='lat' dir='ltr'><strong>se</strong></span> <span class='ocrx_word' id='word_1_49' title='bbox 571 1085 714 1168; x_wconf 77' lang='lat' dir='ltr'><strong>gerebat,</strong></span> <span class='ocrx_word' id='word_1_50' title='bbox 741 1107 810 1149; x_wconf 89' lang='lat' dir='ltr'><strong>rem</strong></span> <span class='ocrx_word' id='word_1_51' title='bbox 833 1086 1042 1168; x_wconf 87' lang='lat' dir='ltr'><strong>vendidisset,</strong></span> <span class='ocrx_word' id='word_1_52' title='bbox 1064 1106 1102 1149; x_wconf 86' lang='lat' dir='ltr'><strong>re-</strong></span> 
     </span>
     <span class='ocr_line' id='line_1_10' title="bbox 99 1173 1102 1259; baseline -0.001 -20"><span class='ocrx_word' id='word_1_53' title='bbox 99 1197 255 1258; x_wconf 88' lang='lat' dir='ltr'><strong>sponsum</strong></span> <span class='ocrx_word' id='word_1_54' title='bbox 288 1178 339 1238; x_wconf 90' lang='lat' dir='ltr'><strong>est</strong></span> <span class='ocrx_word' id='word_1_55' title='bbox 371 1179 533 1258; x_wconf 81' lang='lat' dir='ltr'><strong>emptores</strong></span> <span class='ocrx_word' id='word_1_56' title='bbox 566 1173 705 1259; x_wconf 84' lang='lat' dir='ltr'><strong>fugitivo</strong></span> <span class='ocrx_word' id='word_1_57' title='bbox 739 1174 902 1239; x_wconf 83' lang='lat' dir='ltr'><strong>solventes</strong></span> <span class='ocrx_word' id='word_1_58' title='bbox 933 1197 952 1240; x_wconf 90' lang='lat' dir='ltr'><strong>a</strong></span> <span class='ocrx_word' id='word_1_59' title='bbox 984 1174 1102 1240; x_wconf 87' lang='lat' dir='ltr'><strong>domiuo</strong></span> 
     </span>
     <span class='ocr_line' id='line_1_11' title="bbox 98 1264 447 1328; baseline 0 -2"><span class='ocrx_word' id='word_1_60' title='bbox 98 1264 256 1328; x_wconf 86' lang='lat' dir='ltr'><strong>liberatos</strong></span> <span class='ocrx_word' id='word_1_61' title='bbox 280 1285 346 1328; x_wconf 88' lang='lat' dir='ltr'><strong>non</strong></span> <span class='ocrx_word' id='word_1_62' title='bbox 370 1284 447 1327; x_wconf 85' lang='lat' dir='ltr'><strong>esse.</strong></span> 
     </span>
    </p>
   </div>
   <div class='ocr_carea' id='block_1_6' title="bbox 334 1421 872 1504">
    <p class='ocr_par' dir='ltr' id='par_1_6' title="bbox 334 1421 872 1504">
     <span class='ocr_line' id='line_1_12' title="bbox 334 1421 872 1504; baseline 0.004 -18"><span class='ocrx_word' id='word_1_63' title='bbox 334 1421 384 1486; x_wconf 90' lang='lat' dir='ltr'><strong>De</strong></span> <span class='ocrx_word' id='word_1_64' title='bbox 405 1423 524 1504; x_wconf 77' lang='lat' dir='ltr'><strong>nuptiis</strong></span> <span class='ocrx_word' id='word_1_65' title='bbox 547 1425 632 1488; x_wconf 79' lang='lat' dir='ltr'><strong>etde</strong></span> <span class='ocrx_word' id='word_1_66' title='bbox 654 1425 724 1487; x_wconf 79' lang='lat' dir='ltr'><strong>iure</strong></span> <span class='ocrx_word' id='word_1_67' title='bbox 746 1423 872 1488; x_wconf 80' lang='lat' dir='ltr'><strong>dotium.</strong></span> 
     </span>
    </p>
   </div>
   <div class='ocr_carea' id='block_1_7' title="bbox 98 1535 1103 1888">
    <p class='ocr_par' dir='ltr' id='par_1_7' title="bbox 98 1535 1103 1888">
     <span class='ocr_line' id='line_1_13' title="bbox 188 1535 1101 1622; baseline -0.002 -20"><span class='ocrx_word' id='word_1_68' title='bbox 188 1538 240 1602; x_wconf 78' lang='lat'><strong>27.</strong></span> <span class='ocrx_word' id='word_1_69' title='bbox 264 1536 303 1601; x_wconf 91' lang='lat' dir='ltr'><strong>D.</strong></span> <span class='ocrx_word' id='word_1_70' title='bbox 328 1538 380 1621; x_wconf 91' lang='grc'><strong>23,</strong></span> <span class='ocrx_word' id='word_1_71' title='bbox 399 1538 429 1616; x_wconf 88' lang='grc'><strong>2,</strong></span> <span class='ocrx_word' id='word_1_72' title='bbox 453 1538 483 1602; x_wconf 87' lang='grc'><strong>6.</strong></span> <span class='ocrx_word' id='word_1_73' title='bbox 506 1535 669 1621; x_wconf 79' lang='lat' dir='ltr'><strong>Ulpianus</strong></span> <span class='ocrx_word' id='word_1_74' title='bbox 693 1537 779 1602; x_wconf 94' lang='lat' dir='ltr'><strong>libro</strong></span> <span class='ocrx_word' id='word_1_75' title='bbox 803 1537 975 1622; x_wconf 81' lang='lat' dir='ltr'><strong>trigesimo</strong></span> <span class='ocrx_word' id='word_1_76' title='bbox 1000 1537 1101 1621; x_wconf 89' lang='lat' dir='ltr'><strong>quinto</strong></span> 
     </span>
     <span class='ocr_line' id='line_1_14' title="bbox 98 1623 1102 1710; baseline -0.002 -20"><span class='ocrx_word' id='word_1_77' title='bbox 98 1625 138 1690; x_wconf 90' lang='lat' dir='ltr'><strong>ad</strong></span> <span class='ocrx_word' id='word_1_78' title='bbox 160 1623 325 1690; x_wconf 82' lang='lat' dir='ltr'><strong>Sabinum.</strong></span> <span class='ocrx_word' id='word_1_79' title='bbox 346 1663 387 1672; x_wconf 97' lang='lat'><em>-</em></span> <span class='ocrx_word' id='word_1_80' title='bbox 397 1637 414 1690; x_wconf 83' lang='grc'><strong>’.</strong></span> <span class='ocrx_word' id='word_1_81' title='bbox 430 1675 459 1690; x_wconf 95' lang='grc'><strong>..</strong></span> <span class='ocrx_word' id='word_1_82' title='bbox 483 1648 555 1690; x_wconf 93' lang='lat' dir='ltr'><strong>eum</strong></span> <span class='ocrx_word' id='word_1_83' title='bbox 571 1627 627 1710; x_wconf 91' lang='lat' dir='ltr'><strong>qui</strong></span> <span class='ocrx_word' id='word_1_84' title='bbox 642 1627 809 1691; x_wconf 78' lang='lat' dir='ltr'><strong>absentem</strong></span> <span class='ocrx_word' id='word_1_85' title='bbox 830 1627 957 1710; x_wconf 87' lang='lat' dir='ltr'><strong>aceepit</strong></span> <span class='ocrx_word' id='word_1_86' title='bbox 970 1647 1102 1706; x_wconf 83' lang='lat' dir='ltr'><strong>uxorem,</strong></span> 
     </span>
     <span class='ocr_line' id='line_1_15' title="bbox 99 1714 1103 1799; baseline -0.002 -21"><span class='ocrx_word' id='word_1_87' title='bbox 99 1714 213 1778; x_wconf 88' lang='lat' dir='ltr'><strong>deinde</strong></span> <span class='ocrx_word' id='word_1_88' title='bbox 237 1714 362 1778; x_wconf 88' lang='lat' dir='ltr'><strong>rediens</strong></span> <span class='ocrx_word' id='word_1_89' title='bbox 378 1737 398 1778; x_wconf 86' lang='lat' dir='ltr'><strong>a</strong></span> <span class='ocrx_word' id='word_1_90' title='bbox 412 1736 492 1779; x_wconf 86' lang='lat' dir='ltr'><strong>uena</strong></span> <span class='ocrx_word' id='word_1_91' title='bbox 510 1716 603 1779; x_wconf 83' lang='lat' dir='ltr'><strong>iuxta</strong></span> <span class='ocrx_word' id='word_1_92' title='bbox 621 1715 764 1780; x_wconf 85' lang='lat' dir='ltr'><strong>Tiberim</strong></span> <span class='ocrx_word' id='word_1_93' title='bbox 783 1715 932 1799; x_wconf 90' lang='lat' dir='ltr'><strong>perisset,</strong></span> <span class='ocrx_word' id='word_1_94' title='bbox 953 1716 995 1779; x_wconf 85' lang='lat' dir='ltr'><strong>ab</strong></span> <span class='ocrx_word' id='word_1_95' title='bbox 1014 1734 1103 1779; x_wconf 83' lang='lat' dir='ltr'><strong>uxore</strong></span> 
     </span>
     <span class='ocr_line' id='line_1_16' title="bbox 98 1803 574 1888; baseline 0.002 -21"><span class='ocrx_word' id='word_1_96' title='bbox 98 1803 276 1888; x_wconf 81' lang='lat' dir='ltr'><strong>lugendum</strong></span> <span class='ocrx_word' id='word_1_97' title='bbox 300 1825 492 1887; x_wconf 88' lang='lat' dir='ltr'><strong>responsum</strong></span> <span class='ocrx_word' id='word_1_98' title='bbox 517 1808 574 1868; x_wconf 85' lang='lat' dir='ltr'><strong>est.</strong></span> 
     </span>
    </p>
   </div>
   <div class='ocr_carea' id='block_1_8' title="bbox 185 1915 410 1992">
    <p class='ocr_par' dir='ltr' id='par_1_8' title="bbox 185 1915 410 1992">
     <span class='ocr_line' id='line_1_17' title="bbox 185 1915 410 1992; baseline 0.009 -18"><span class='ocrx_word' id='word_1_99' title='bbox 185 1916 220 1975; x_wconf 71' lang='lat' dir='ltr'><strong>cs</strong></span> <span class='ocrx_word' id='word_1_100' title='bbox 245 1915 261 1973; x_wconf 87' lang='lat'>1</span> <span class='ocrx_word' id='word_1_101' title='bbox 284 1936 312 1992; x_wconf 79' lang='lat' dir='ltr'><strong>p.</strong></span> <span class='ocrx_word' id='word_1_102' title='bbox 337 1917 410 1976; x_wconf 79' lang='lat'><strong>273.</strong></span> 
     </span>
    </p>
   </div>
   <div class='ocr_carea' id='block_1_9' title="bbox 56 2024 1105 3271">
    <p class='ocr_par' dir='ltr' id='par_1_9' title="bbox 56 2024 1105 2820">
     <span class='ocr_line' id='line_1_18' title="bbox 186 2024 1104 2112; baseline -0.002 -21"><span class='ocrx_word' id='word_1_103' title='bbox 186 2027 237 2091; x_wconf 88' lang='grc'><strong>28.</strong></span> <span class='ocrx_word' id='word_1_104' title='bbox 261 2026 301 2090; x_wconf 89' lang='lat' dir='ltr'><strong>D.</strong></span> <span class='ocrx_word' id='word_1_105' title='bbox 325 2027 377 2106; x_wconf 91' lang='grc'><strong>23,</strong></span> <span class='ocrx_word' id='word_1_106' title='bbox 400 2026 430 2108; x_wconf 90' lang='lat'><strong>3,</strong></span> <span class='ocrx_word' id='word_1_107' title='bbox 454 2026 496 2090; x_wconf 79' lang='lat'><strong>48</strong></span> <span class='ocrx_word' id='word_1_108' title='bbox 507 2048 555 2108; x_wconf 89' lang='lat' dir='ltr'><strong>pr.</strong></span> <span class='ocrx_word' id='word_1_109' title='bbox 578 2025 668 2089; x_wconf 90' lang='lat' dir='ltr'><strong>Idem</strong></span> <span class='ocrx_word' id='word_1_110' title='bbox 692 2026 750 2112; x_wconf 85' lang='lat' dir='ltr'><strong>(se.</strong></span> <span class='ocrx_word' id='word_1_111' title='bbox 769 2024 933 2110; x_wconf 89' lang='lat' dir='ltr'><strong>Iulianus)</strong></span> <span class='ocrx_word' id='word_1_112' title='bbox 957 2027 1041 2091; x_wconf 89' lang='lat' dir='ltr'><strong>libro</strong></span> <span class='ocrx_word' id='word_1_113' title='bbox 1064 2047 1104 2089; x_wconf 88' lang='lat' dir='ltr'><strong>se-</strong></span> 
     </span>
     <span class='ocr_line' id='line_1_19' title="bbox 98 2113 1104 2199; baseline -0.003 -21"><span class='ocrx_word' id='word_1_114' title='bbox 98 2113 201 2180; x_wconf 86' lang='lat' dir='ltr'><strong>eundo</strong></span> <span class='ocrx_word' id='word_1_115' title='bbox 221 2114 261 2178; x_wconf 84' lang='lat' dir='ltr'><strong>ad</strong></span> <span class='ocrx_word' id='word_1_116' title='bbox 280 2114 432 2179; x_wconf 85' lang='lat' dir='ltr'><strong>Urseium</strong></span> <span class='ocrx_word' id='word_1_117' title='bbox 451 2113 614 2179; x_wconf 84' lang='lat' dir='ltr'><strong>Ferocem.</strong></span> <span class='ocrx_word' id='word_1_118' title='bbox 631 2151 676 2161; x_wconf 97' lang='lat'><strong>—</strong></span> <span class='ocrx_word' id='word_1_119' title='bbox 694 2115 765 2179; x_wconf 81' lang='lat' dir='ltr'><strong>Tali</strong></span> <span class='ocrx_word' id='word_1_120' title='bbox 785 2115 871 2178; x_wconf 87' lang='lat' dir='ltr'><strong>faeta</strong></span> <span class='ocrx_word' id='word_1_121' title='bbox 890 2115 1104 2199; x_wconf 87' lang='lat' dir='ltr'><strong>stipulatione:</strong></span> 
     </span>
     <span class='ocr_line' id='line_1_20' title="bbox 56 2198 1105 2287; baseline -0.001 -20"><span class='ocrx_word' id='word_1_122' title='bbox 56 2242 60 2252; x_wconf 74' lang='lat'><em>‹</em></span> <span class='ocrx_word' id='word_1_123' title='bbox 98 2203 219 2267; x_wconf 73' lang='lat' dir='ltr'><strong>‘decem</strong></span> <span class='ocrx_word' id='word_1_124' title='bbox 243 2203 276 2266; x_wconf 90' lang='lat' dir='ltr'><strong>in</strong></span> <span class='ocrx_word' id='word_1_125' title='bbox 301 2225 385 2267; x_wconf 90' lang='lat' dir='ltr'><strong>anno</strong></span> <span class='ocrx_word' id='word_1_126' title='bbox 410 2205 557 2287; x_wconf 86' lang='lat' dir='ltr'><strong>proximo</strong></span> <span class='ocrx_word' id='word_1_127' title='bbox 582 2203 668 2267; x_wconf 87' lang='lat' dir='ltr'><strong>dotis</strong></span> <span class='ocrx_word' id='word_1_128' title='bbox 691 2204 821 2268; x_wconf 87' lang='lat' dir='ltr'><strong>nomine</strong></span> <span class='ocrx_word' id='word_1_129' title='bbox 845 2202 921 2268; x_wconf 92' lang='lat' dir='ltr'><strong>dare</strong></span> <span class='ocrx_word' id='word_1_130' title='bbox 942 2198 1105 2287; x_wconf 79' lang='lat' dir='ltr'><strong>spondest&#39;</strong></span> 
     </span>
     <span class='ocr_line' id='line_1_21' title="bbox 97 2293 1105 2376; baseline -0.002 -20"><span class='ocrx_word' id='word_1_131' title='bbox 97 2293 279 2375; x_wconf 90' lang='lat' dir='ltr'><strong>quaesitum</strong></span> <span class='ocrx_word' id='word_1_132' title='bbox 294 2295 353 2369; x_wconf 87' lang='lat' dir='ltr'><strong>est,</strong></span> <span class='ocrx_word' id='word_1_133' title='bbox 369 2314 469 2356; x_wconf 88' lang='lat' dir='ltr'><strong>annus</strong></span> <span class='ocrx_word' id='word_1_134' title='bbox 485 2315 523 2356; x_wconf 85' lang='lat' dir='ltr'><strong>ex</strong></span> <span class='ocrx_word' id='word_1_135' title='bbox 538 2314 601 2376; x_wconf 91' lang='lat' dir='ltr'><strong>quo</strong></span> <span class='ocrx_word' id='word_1_136' title='bbox 615 2296 762 2375; x_wconf 89' lang='lat' dir='ltr'><strong>tempore</strong></span> <span class='ocrx_word' id='word_1_137' title='bbox 782 2298 868 2355; x_wconf 87' lang='lat' dir='ltr'><strong>esset</strong></span> <span class='ocrx_word' id='word_1_138' title='bbox 886 2293 1105 2372; x_wconf 87' lang='lat' dir='ltr'><strong>numerandus,</strong></span> 
     </span>
     <span class='ocr_line' id='line_1_22' title="bbox 98 2380 1104 2466; baseline 0 -23"><span class='ocrx_word' id='word_1_139' title='bbox 98 2385 206 2444; x_wconf 91' lang='lat' dir='ltr'><strong>utrum</strong></span> <span class='ocrx_word' id='word_1_140' title='bbox 240 2404 278 2444; x_wconf 87' lang='lat' dir='ltr'><strong>ex</strong></span> <span class='ocrx_word' id='word_1_141' title='bbox 306 2380 356 2444; x_wconf 88' lang='lat' dir='ltr'><strong>die</strong></span> <span class='ocrx_word' id='word_1_142' title='bbox 390 2381 611 2463; x_wconf 88' lang='lat' dir='ltr'><strong>stipulationis</strong></span> <span class='ocrx_word' id='word_1_143' title='bbox 640 2381 745 2445; x_wconf 83' lang='lat' dir='ltr'><strong>factae</strong></span> <span class='ocrx_word' id='word_1_144' title='bbox 770 2403 811 2444; x_wconf 90' lang='lat' dir='ltr'><strong>an</strong></span> <span class='ocrx_word' id='word_1_145' title='bbox 836 2403 874 2444; x_wconf 81' lang='lat' dir='ltr'><strong>ex</strong></span> <span class='ocrx_word' id='word_1_146' title='bbox 904 2403 941 2445; x_wconf 94' lang='lat' dir='ltr'><strong>eo</strong></span> <span class='ocrx_word' id='word_1_147' title='bbox 967 2382 1027 2464; x_wconf 88' lang='lat' dir='ltr'><strong>die,</strong></span> <span class='ocrx_word' id='word_1_148' title='bbox 1050 2401 1104 2466; x_wconf 91' lang='lat' dir='ltr'><strong>quo</strong></span> 
     </span>
     <span class='ocr_line' id='line_1_23' title="bbox 98 2469 1105 2555; baseline 0.001 -24"><span class='ocrx_word' id='word_1_149' title='bbox 98 2469 156 2533; x_wconf 91' lang='lat' dir='ltr'><strong>dos</strong></span> <span class='ocrx_word' id='word_1_150' title='bbox 189 2491 260 2534; x_wconf 89' lang='lat' dir='ltr'><strong>esse</strong></span> <span class='ocrx_word' id='word_1_151' title='bbox 293 2470 468 2552; x_wconf 91' lang='lat' dir='ltr'><strong>potuisset,</strong></span> <span class='ocrx_word' id='word_1_152' title='bbox 498 2470 530 2533; x_wconf 91' lang='lat' dir='ltr'><strong>id</strong></span> <span class='ocrx_word' id='word_1_153' title='bbox 559 2474 609 2533; x_wconf 90' lang='lat' dir='ltr'><strong>est</strong></span> <span class='ocrx_word' id='word_1_154' title='bbox 634 2471 830 2554; x_wconf 86' lang='lat' dir='ltr'><strong>nuptiarum.</strong></span> <span class='ocrx_word' id='word_1_155' title='bbox 864 2474 897 2533; x_wconf 92' lang='lat' dir='ltr'><strong>et</strong></span> <span class='ocrx_word' id='word_1_156' title='bbox 923 2491 1105 2555; x_wconf 88' lang='lat' dir='ltr'><strong>responsum</strong></span> 
     </span>
     <span class='ocr_line' id='line_1_24' title="bbox 97 2557 1105 2641; baseline 0 -21"><span class='ocrx_word' id='word_1_157' title='bbox 97 2561 148 2621; x_wconf 88' lang='lat' dir='ltr'><strong>est</strong></span> <span class='ocrx_word' id='word_1_158' title='bbox 175 2578 214 2620; x_wconf 89' lang='lat' dir='ltr'><strong>ex</strong></span> <span class='ocrx_word' id='word_1_159' title='bbox 242 2557 291 2621; x_wconf 89' lang='lat' dir='ltr'><strong>die</strong></span> <span class='ocrx_word' id='word_1_160' title='bbox 317 2559 505 2641; x_wconf 87' lang='lat' dir='ltr'><strong>nuptiarum</strong></span> <span class='ocrx_word' id='word_1_161' title='bbox 536 2580 658 2622; x_wconf 88' lang='lat' dir='ltr'><strong>annum</strong></span> <span class='ocrx_word' id='word_1_162' title='bbox 687 2580 757 2622; x_wconf 90' lang='lat' dir='ltr'><strong>esse</strong></span> <span class='ocrx_word' id='word_1_163' title='bbox 780 2559 1043 2641; x_wconf 64' lang='lat' dir='ltr'><strong>numerandumL</strong></span> <span class='ocrx_word' id='word_1_164' title='bbox 1063 2580 1105 2639; x_wconf 85' lang='lat' dir='ltr'><strong>ne,</strong></span> 
     </span>
     <span class='ocr_line' id='line_1_25' title="bbox 97 2645 1105 2731; baseline -0.001 -22"><span class='ocrx_word' id='word_1_165' title='bbox 97 2645 125 2709; x_wconf 90' lang='lat' dir='ltr'><strong>si</strong></span> <span class='ocrx_word' id='word_1_166' title='bbox 149 2645 243 2709; x_wconf 90' lang='lat' dir='ltr'><strong>aliter</strong></span> <span class='ocrx_word' id='word_1_167' title='bbox 267 2647 520 2725; x_wconf 87' lang='lat' dir='ltr'><strong>observaremus,</strong></span> <span class='ocrx_word' id='word_1_168' title='bbox 544 2647 572 2710; x_wconf 91' lang='lat' dir='ltr'><strong>si</strong></span> <span class='ocrx_word' id='word_1_169' title='bbox 596 2648 684 2711; x_wconf 88' lang='lat' dir='ltr'><strong>intra</strong></span> <span class='ocrx_word' id='word_1_170' title='bbox 708 2669 828 2711; x_wconf 87' lang='lat' dir='ltr'><strong>annum</strong></span> <span class='ocrx_word' id='word_1_171' title='bbox 852 2647 985 2731; x_wconf 85' lang='lat' dir='ltr'><strong>nuptiae</strong></span> <span class='ocrx_word' id='word_1_172' title='bbox 1009 2649 1105 2713; x_wconf 86' lang='lat' dir='ltr'><strong>factae</strong></span> 
     </span>
     <span class='ocr_line' id='line_1_26' title="bbox 97 2735 1103 2820; baseline 0.001 -23"><span class='ocrx_word' id='word_1_173' title='bbox 97 2755 163 2798; x_wconf 93' lang='lat' dir='ltr'><strong>non</strong></span> <span class='ocrx_word' id='word_1_174' title='bbox 187 2735 261 2817; x_wconf 90' lang='lat' dir='ltr'><strong>sint,</strong></span> <span class='ocrx_word' id='word_1_175' title='bbox 284 2735 386 2799; x_wconf 87' lang='lat' dir='ltr'><strong>videri</strong></span> <span class='ocrx_word' id='word_1_176' title='bbox 409 2737 515 2820; x_wconf 86' lang='lat' dir='ltr'><strong>possit</strong></span> <span class='ocrx_word' id='word_1_177' title='bbox 538 2735 596 2800; x_wconf 92' lang='lat' dir='ltr'><strong>dos</strong></span> <span class='ocrx_word' id='word_1_178' title='bbox 621 2758 660 2800; x_wconf 87' lang='lat' dir='ltr'><strong>ex</strong></span> <span class='ocrx_word' id='word_1_179' title='bbox 683 2757 720 2800; x_wconf 89' lang='lat' dir='ltr'><strong>ea</strong></span> <span class='ocrx_word' id='word_1_180' title='bbox 744 2736 946 2820; x_wconf 87' lang='lat' dir='ltr'><strong>obligatione</strong></span> <span class='ocrx_word' id='word_1_181' title='bbox 968 2735 1103 2814; x_wconf 73' lang='lat' dir='ltr'><strong>deberit]</strong></span> 
     </span>
    </p>

    <p class='ocr_par' dir='ltr' id='par_1_10' title="bbox 96 2822 1104 3271">
     <span class='ocr_line' id='line_1_27' title="bbox 186 2822 1104 2908; baseline 0 -22"><span class='ocrx_word' id='word_1_182' title='bbox 186 2823 238 2886; x_wconf 86' lang='grc'><strong>29.</strong></span> <span class='ocrx_word' id='word_1_183' title='bbox 280 2822 319 2886; x_wconf 82' lang='lat' dir='ltr'><strong>D.</strong></span> <span class='ocrx_word' id='word_1_184' title='bbox 352 2823 409 2906; x_wconf 80' lang='lat'><strong>50,</strong></span> <span class='ocrx_word' id='word_1_185' title='bbox 441 2826 495 2908; x_wconf 91' lang='grc'><strong>16,</strong></span> <span class='ocrx_word' id='word_1_186' title='bbox 531 2824 603 2890; x_wconf 79' lang='lat'><strong>171.</strong></span> <span class='ocrx_word' id='word_1_187' title='bbox 654 2823 854 2908; x_wconf 89' lang='lat' dir='ltr'><strong>Pomponius</strong></span> <span class='ocrx_word' id='word_1_188' title='bbox 896 2825 981 2890; x_wconf 92' lang='lat' dir='ltr'><strong>libro</strong></span> <span class='ocrx_word' id='word_1_189' title='bbox 1024 2829 1104 2889; x_wconf 83' lang='lat' dir='ltr'><strong>sexto</strong></span> 
     </span>
     <span class='ocr_line' id='line_1_28' title="bbox 98 2909 1104 2979; baseline -0.001 -5"><span class='ocrx_word' id='word_1_190' title='bbox 98 2909 222 2975; x_wconf 85' lang='lat' dir='ltr'><strong>decimo</strong></span> <span class='ocrx_word' id='word_1_191' title='bbox 247 2912 286 2974; x_wconf 86' lang='lat' dir='ltr'><strong>ad</strong></span> <span class='ocrx_word' id='word_1_192' title='bbox 312 2910 475 2977; x_wconf 83' lang='lat' dir='ltr'><strong>Sabinum.</strong></span> <span class='ocrx_word' id='word_1_193' title='bbox 500 2913 752 2978; x_wconf 88' lang='lat' dir='ltr'><strong>-Pervenisse</strong></span> <span class='ocrx_word' id='word_1_194' title='bbox 776 2914 816 2977; x_wconf 88' lang='lat' dir='ltr'><strong>ad</strong></span> <span class='ocrx_word' id='word_1_195' title='bbox 839 2917 872 2977; x_wconf 91' lang='lat' dir='ltr'><strong>te</strong></span> <span class='ocrx_word' id='word_1_196' title='bbox 892 2918 979 2978; x_wconf 87' lang='lat' dir='ltr'><strong>reete</strong></span> <span class='ocrx_word' id='word_1_197' title='bbox 999 2914 1104 2979; x_wconf 89' lang='lat' dir='ltr'><strong>dieitur</strong></span> 
     </span>
     <span class='ocr_line' id='line_1_29' title="bbox 100 3000 1104 3088; baseline -0.003 -23"><span class='ocrx_word' id='word_1_198' title='bbox 100 3001 185 3084; x_wconf 88' lang='lat' dir='ltr'><strong>quod</strong></span> <span class='ocrx_word' id='word_1_199' title='bbox 213 3022 271 3082; x_wconf 91' lang='lat' dir='ltr'><strong>per</strong></span> <span class='ocrx_word' id='word_1_200' title='bbox 299 3004 331 3063; x_wconf 89' lang='lat' dir='ltr'><strong>te</strong></span> <span class='ocrx_word' id='word_1_201' title='bbox 360 3000 400 3063; x_wconf 85' lang='lat' dir='ltr'><strong>ad</strong></span> <span class='ocrx_word' id='word_1_202' title='bbox 429 3003 530 3066; x_wconf 88' lang='lat' dir='ltr'><strong>alium</strong></span> <span class='ocrx_word' id='word_1_203' title='bbox 553 3003 745 3086; x_wconf 84' lang='lat' dir='ltr'><strong>pervenerit,</strong></span> <span class='ocrx_word' id='word_1_204' title='bbox 772 3002 866 3066; x_wconf 89' lang='lat' dir='ltr'><strong>utin</strong></span> <span class='ocrx_word' id='word_1_205' title='bbox 890 3002 1104 3088; x_wconf 78' lang='lat' dir='ltr'><strong>hereditates</strong></span> 
     </span>
     <span class='ocr_line' id='line_1_30' title="bbox 96 3089 1103 3175; baseline 0 -23"><span class='ocrx_word' id='word_1_206' title='bbox 96 3089 214 3154; x_wconf 86' lang='lat' dir='ltr'><strong>liberto</strong></span> <span class='ocrx_word' id='word_1_207' title='bbox 228 3112 286 3172; x_wconf 93' lang='lat' dir='ltr'><strong>per</strong></span> <span class='ocrx_word' id='word_1_208' title='bbox 304 3093 478 3171; x_wconf 90' lang='lat' dir='ltr'><strong>patronum</strong></span> <span class='ocrx_word' id='word_1_209' title='bbox 496 3090 600 3155; x_wconf 90' lang='lat' dir='ltr'><strong>filium</strong></span> <span class='ocrx_word' id='word_1_210' title='bbox 620 3091 761 3156; x_wconf 87' lang='lat' dir='ltr'><strong>familias</strong></span> <span class='ocrx_word' id='word_1_211' title='bbox 775 3092 862 3174; x_wconf 88' lang='lat' dir='ltr'><strong>patri</strong></span> <span class='ocrx_word' id='word_1_212' title='bbox 877 3091 946 3156; x_wconf 90' lang='lat' dir='ltr'><strong>eius</strong></span> <span class='ocrx_word' id='word_1_213' title='bbox 962 3090 1103 3175; x_wconf 82' lang='lat' dir='ltr'><strong>adoptivo</strong></span> 
     </span>
     <span class='ocr_line' id='line_1_31' title="bbox 97 3179 560 3271; baseline 0.004 -29"><span class='ocrx_word' id='word_1_214' title='bbox 97 3179 261 3262; x_wconf 90' lang='lat' dir='ltr'><strong>adquisita</strong></span> <span class='ocrx_word' id='word_1_215' title='bbox 284 3199 476 3271; x_wconf 84' lang='lat' dir='ltr'><strong>responsum</strong></span> <span class='ocrx_word' id='word_1_216' title='bbox 501 3183 560 3244; x_wconf 89' lang='lat' dir='ltr'><strong>est.</strong></span> 
     </span>
    </p>
   </div>
   <div class='ocr_carea' id='block_1_10' title="bbox 511 3337 689 3405">
    <p class='ocr_par' dir='ltr' id='par_1_11' title="bbox 511 3337 689 3405">
     <span class='ocr_line' id='line_1_32' title="bbox 511 3337 689 3405; baseline 0.006 -4"><span class='ocrx_word' id='word_1_217' title='bbox 511 3337 561 3403; x_wconf 89' lang='lat' dir='ltr'><strong>De</strong></span> <span class='ocrx_word' id='word_1_218' title='bbox 583 3340 689 3405; x_wconf 81' lang='lat' dir='ltr'><strong>tutelis.</strong></span> 
     </span>
    </p>
   </div>
   <div class='ocr_carea' id='block_1_11' title="bbox 97 3451 1100 3629">
    <p class='ocr_par' dir='ltr' id='par_1_12' title="bbox 97 3451 1100 3629">
     <span class='ocr_line' id='line_1_33' title="bbox 186 3451 1100 3542; baseline -0.003 -24"><span class='ocrx_word' id='word_1_219' title='bbox 186 3455 238 3518; x_wconf 87' lang='lat'><strong>30.</strong></span> <span class='ocrx_word' id='word_1_220' title='bbox 271 3453 310 3517; x_wconf 93' lang='lat' dir='ltr'><strong>D.</strong></span> <span class='ocrx_word' id='word_1_221' title='bbox 344 3454 402 3534; x_wconf 85' lang='lat'><strong>31,</strong></span> <span class='ocrx_word' id='word_1_222' title='bbox 433 3454 476 3518; x_wconf 80' lang='lat'><strong>45</strong></span> <span class='ocrx_word' id='word_1_223' title='bbox 487 3475 534 3535; x_wconf 94' lang='lat' dir='ltr'><strong>pr.</strong></span> <span class='ocrx_word' id='word_1_224' title='bbox 570 3453 657 3518; x_wconf 89' lang='lat' dir='ltr'><strong>ldem</strong></span> <span class='ocrx_word' id='word_1_225' title='bbox 690 3451 746 3541; x_wconf 87' lang='lat' dir='ltr'><strong>(se.</strong></span> <span class='ocrx_word' id='word_1_226' title='bbox 780 3452 998 3542; x_wconf 89' lang='lat' dir='ltr'><strong>Pomponius)</strong></span> <span class='ocrx_word' id='word_1_227' title='bbox 1029 3454 1100 3519; x_wconf 89' lang='lat' dir='ltr'><strong>libro</strong></span> 
     </span>
     <span class='ocr_line' id='line_1_34' title="bbox 97 3541 1099 3629; baseline 0 -26"><span class='ocrx_word' id='word_1_228' title='bbox 97 3544 211 3605; x_wconf 83' lang='lat' dir='ltr'><strong>octavo</strong></span> <span class='ocrx_word' id='word_1_229' title='bbox 241 3542 281 3605; x_wconf 88' lang='lat' dir='ltr'><strong>ad</strong></span> <span class='ocrx_word' id='word_1_230' title='bbox 310 3541 465 3618; x_wconf 82' lang='lat' dir='ltr'><strong>Quintum</strong></span> <span class='ocrx_word' id='word_1_231' title='bbox 492 3542 643 3606; x_wconf 88' lang='lat' dir='ltr'><strong>Muoium.</strong></span> <span class='ocrx_word' id='word_1_232' title='bbox 672 3581 715 3591; x_wconf 98' lang='lat'><em>-</em></span> <span class='ocrx_word' id='word_1_233' title='bbox 825 3544 852 3608; x_wconf 88' lang='lat' dir='ltr'><strong>si</strong></span> <span class='ocrx_word' id='word_1_234' title='bbox 881 3545 929 3608; x_wconf 89' lang='lat' dir='ltr'><strong>ita</strong></span> <span class='ocrx_word' id='word_1_235' title='bbox 957 3545 1099 3629; x_wconf 88' lang='lat' dir='ltr'><strong>seriptum</strong></span> 
     </span>
    </p>
   </div>
   <div class='ocr_carea' id='block_1_12' title="bbox 0 0 1220 3944">
    <p class='ocr_par' dir='ltr' id='par_1_13' title="bbox 0 0 1220 3944">
     <span class='ocr_line' id='line_1_35' title="bbox 0 0 1220 3944; baseline 0 0"><span class='ocrx_word' id='word_1_236' title='bbox 0 0 1220 3944; x_wconf 95' lang='lat' dir='ltr'><strong> </strong></span> 
     </span>
    </p>
   </div>
  </div>
 </body>
</html>
