2430 3944
390 203 414 253 6.
437 195 645 252 IAVOLENUS
664 196 812 253 PRISOUS
1039 198 1107 264 455

95 366 207 442 quibus
229 365 264 424 de
290 365 399 443 legatis
418 367 450 424 ei
467 364 504 424 de
523 364 691 443 donatione,
714 366 844 425 eliorum
861 384 974 445 eorum,
997 368 1107 444 quibus

96 453 139 513 de·
161 455 270 514 damno
295 453 406 513 iniuria
428 454 498 513 dato
522 457 553 513 ei
576 454 612 513 de
634 454 777 530 pauperie
798 456 957 533 tractetur,
979 474 1107 532 quorum

96 544 229 620 capitum
256 543 387 603 alierum
412 543 597 620 insequentis
624 543 695 601 libri
722 543 777 601 XV
805 544 916 619 eapite,
949 545 1031 622 quod
1059 548 1106 606 eet

95 631 133 690 de
155 633 259 706 furiis,
282 631 379 707 excipi
400 630 531 692 videtur.

447 785 497 851 De
519 787 580 870 lepe
600 786 755 851 Falcidia.

185 903 237 967 71.
259 901 298 966 D.
313 900 367 984 35,
382 901 413 982 2,
427 901 471 966 60
481 923 528 984 pr.
565 901 736 965 Iavolenus
749 901 832 965 libro
848 905 964 986 quarto
979 901 1103 967 decimo

93 1012 134 1054 ex
163 987 285 1055 Cassio.
308 1025 352 1036 -
378 988 455 1054 Oum
478 995 568 1071 paler
593 990 744 1071 impuberi
769 991 856 1074 filiae
877 990 1013 1055 hnedem
1035 992 1104 1055 sub-

92 1080 202 1159 stilail,
224 1080 259 1143 id
278 1079 360 1161 quad
377 1079 407 1142 ei
424 1078 592 1160 lepaicrum
609 1080 733 1143 nemine
749 1099 771 1142 a
782 1084 874 1162 palre
892 1080 1016 1163 obvenit,
1035 1100 1105 1143 cum

91 1167 245 1232 hereditas
271 1168 313 1231 ad
333 1167 508 1232 substitutos
524 1168 671 1251 pertinet,
698 1168 733 1232 in
754 1169 1007 1251 conmutationem
1030 1168 1106 1252 lepis

91 1256 256 1321 Falcidiae
276 1276 339 1320 non
360 1257 449 1320 venii.

184 1345 235 1409 72.
268 1342 307 1411 Ι).
325 1344 440 1423 ibid.§
462 1345 490 1408 1.
520 1380 559 1390 -
588 1344 702 1426 Lepnlc
727 1346 823 1426 petilo
855 1365 924 1410 cam
953 1347 988 1411 in
1020 1346 1103 1411 lilem

90 1435 233 1498 iuratum
254 1437 306 1512 esi,
329 1434 363 1496 in
385 1433 506 1497 ratione
529 1433 603 1516 lepis
621 1433 782 1498 Falcidiae
804 1433 928 1517 <rali0>
951 1454 1014 1498 non
1036 1437 1104 1500 eins

88 1543 242 1600 summae,
269 1523 304 1586 in
330 1542 424 1604 qnam
452 1521 619 1604 lepaiarias
645 1523 775 1605 iurauit,
800 1522 907 1587 haberi
928 1524 1022 1606 debet,
1050 1525 1105 1588 scd

88 1613 170 1692 eins,
197 1612 306 1692 quanli
331 1631 365 1674 re
391 1631 463 1675 aera
490 1611 525 1674 id
547 1609 612 1691 fail
632 1612 714 1691 qnod
729 1613 861 1693 pelilam
883 1617 942 1688 esl;
970 1633 1045 1676 nam
1066 1613 1104 1677 id

88 1701 174 1782 qnod
199 1719 318 1782 poenae
349 1719 444 1764 caasa
474 1699 609 1763 adcrmil
638 1701 673 1763 in
706 1700 797 1781 lepem
830 1699 1007 1765 Falcidiam
1038 1722 1103 1766 non

89 1789 207 1854 incidit.

461 1874 511 1941 De
529 1875 590 1958 lepe
612 1875 729 1941 Cincin.

181 1992 232 2057 73.
259 1990 299 2055 Ι).
317 1991 369 2073 39,
388 1991 418 2071 5,
437 1992 488 2057 24.
530 1990 704 2055 Iavolenus
727 1991 810 2055 libro
835 1995 949 2076 quatio
974 1993 1098 2058 decimo

90 2103 129 2145 ex
161 2078 284 2145 Cassio.
311 2117 353 2125 -
382 2079 574 2144 Fideiusscri
605 2081 684 2165 eius,
714 2081 770 2163 qui
797 2082 973 2146 donationis
1004 2102 1100 2147 caasa

83 2170 250 2252 pecaniam
276 2189 373 2252 supra
390 2170 516 2233 modam
539 2170 612 2252 lepis
633 2169 687 2251 (sc.
711 2169 850 2253 Cinciae)
868 2170 1027 2254 promisit,
1049 2191 1099 2234 erc·

84 2259 183 2340 ceptio
205 2259 278 2322 dari
299 2257 382 2322 delei
402 2259 495 2321 eliam
517 2258 612 2322 inrito
635 2278 698 2342 reo,
724 2279 776 2341 ne,
798 2259 827 2322 si
847 2258 926 2338 ferie
948 2279 1018 2323 reus
1040 2259 1100 2324 scl-

84 2349 183 2412 nendo
206 2366 269 2412 non
290 2346 398 2429 faerit,
417 2347 583 2428 pecaniam
605 2347 766 2428 fideiussor
788 2348 918 2412 amiitat.

448 2503 498 2570 De
521 2507 581 2589 lepc
603 2506 744 2588 Aquilia.

180 2620 232 2684 74.
260 2618 298 2685 D.
313 2621 344 2701 9,
357 2621 387 2702 2,
401 2621 443 2685 37
460 2644 506 2704 pr.
546 2622 718 2687 Iavolenus
738 2620 822 2685 libro
841 2625 955 2706 quarto
976 2621 1099 2688 decimo

84 2732 126 2774 ex
155 2707 278 2774 Cassio.
306 2744 351 2755 —
378 2709 471 2774 Lrier
499 2711 587 2776 loma
618 2712 648 2775 si
673 2712 761 2775 iussa
787 2709 915 2775 alterius
945 2712 1099 2776 damnum

83 2796 228 2864 iniuria¹
250 2799 340 2880 dedii,
363 2800 441 2863 aciio
465 2799 538 2880 lepis
560 2799 708 2881 Aquiliae
730 2819 800 2864 cam
817 2819 850 2863 eo
868 2801 982 2880 estqui
999 2801 1098 2879 iussit,

83 2889 114 2953 si
136 2887 227 2951 niodo
249 2888 299 2952 ius
320 2887 496 2968 imperandi
518 2888 631 2953 habuit.
659 2888 789 2969 quodsi
811 2908 873 2952 non
892 2888 1007 2971 habuit,
1029 2910 1098 2954 cum

83 2997 117 3041 eo
141 2976 293 3058 apendam
316 2980 360 3040 esi
380 2977 435 3056 pai
454 2976 535 3055 fecii.

178 3065 228 3129 75.
260 3063 300 3128 D.
318 3062 394 3128 ibid.
414 3068 434 3144 ξ
454 3064 481 3128 1.
510 3101 552 3111 —
580 3064 618 3129 Si
644 3066 829 3146 quadrupes,
860 3067 948 3130 cuius
974 3067 1098 3131 nomine

83 3154 165 3219 aclio
189 3157 262 3216 essei
283 3173 353 3216 cum
375 3154 507 3238 dominc,
529 3155 610 3235 qnod
623 3156 807 3236 pauperiem
827 3154 952 3235 fecisset,
976 3155 1014 3218 ab
1032 3154 1096 3219 alio

83 3244 184 3308 occisa
206 3246 250 3305 esi
272 3246 301 3305 el
321 3261 390 3304 cum
412 3262 445 3306 co
469 3243 529 3325 lepc
551 3242 683 3324 Aquilia
704 3244 817 3326 apitnr,
840 3244 1011 3307 aestimatio
1033 3263 1097 3307 nan

82 3332 128 3396 ad
152 3350 264 3411 carpus
290 3331 509 3412 praeceperis,
531 3332 585 3395 sed
606 3332 649 3394 ad
669 3351 795 3396 causam
816 3333 894 3412 eius,
921 3333 956 3394 in
980 3351 1037 3413 quo
1060 3333 1098 3395 dc

80 3421 232 3502 pauperie
258 3420 337 3483 actio
364 3424 420 3502 esi,
447 3421 557 3500 referri
581 3420 663 3484 debet
684 3424 712 3484 el
734 3421 813 3484 lanii
834 3421 1032 3484 dammandus
1053 3424 1099 3485 esi

156 3571 171 3619 1
192 3565 240 3621 Fl.
259 3582 344 3620 manu
361 3565 501 3620 iniuriam.
