2430 3944
204 209 237 266 Il.
256 207 497 264 INCERTORUM
515 206 748 262 SENTENTIAE
768 207 814 261 ET
831 207 937 264 LIBRI.
1012 209 1076 273 551

64 395 131 476 suo·
153 372 383 524 dispensatori,
410 374 447 435 ut
475 370 580 453 daret,
608 369 783 453 stipulator
812 375 920 435 autam
946 394 1018 455 ruo,
1041 375 1079 437 ut

63 482 211 546 accipere
228 511 234 524 .

157 567 229 633 105.
257 566 297 630 D.
310 566 364 650 45,
379 568 407 647 1,
420 567 474 649 46,
488 566 518 629 2.
559 564 678 629 Paulus
706 559 791 631 libro
820 565 1007 631 duodecimo
1037 566 1079 631 ad

63 655 231 722 Sabinum.
254 691 298 703 -
322 653 357 720 Si
389 657 436 720 ita
468 654 642 738 stipulatus
675 653 764 719 fuero
798 653 882 718 ‘cum
915 655 1079 739 volueris',

64 745 195 831 quidam
232 743 381 808 inutilem
418 765 488 807 esse
521 741 763 826 stipulationem
795 743 899 826 aiunt,
938 744 994 808 alii
1030 744 1079 808 ita

62 833 223 919 inutilem,
246 832 275 896 si
297 837 469 915 antequam
493 832 679 914 constituas,
701 831 858 897 morioris.

157 949 229 1013 106.
257 946 295 1011 D.
309 946 362 1030 35,
378 949 406 1028 1,
421 947 473 1011 24.
508 947 598 1011 Idem
622 942 679 1030 (so.
701 945 862 1032 Iulianus)
879 949 963 1013 libro
984 949 1077 1032 quin-

63 1037 277 1122 quagensimo
297 1035 409 1119 quinto
424 1035 644 1119 Digestorum.
659 1033 789 1099 -Iure
808 1037 895 1101 civili
909 1041 1077 1118 receptum

63 1131 116 1190 eet
129 1125 278 1210 quotiens
293 1145 351 1208 per
369 1145 451 1209 aum,
470 1123 561 1188 cuius
579 1124 715 1188 interest
732 1122 954 1190 condicionem
967 1124 1077 1210 <uon>

62 1215 203 1299 impleri,
224 1213 271 1296 fit,
295 1234 358 1296 quo
381 1212 487 1278 minus
506 1212 688 1297 impleatur,
708 1215 744 1276 ut
761 1213 893 1296 perinde
912 1214 1071 1279 habeatur

62 1325 101 1368 ac
136 1303 165 1367 si
192 1302 326 1385 impleta
354 1300 499 1366 condicio
527 1301 657 1386 fuisset3
689 1302 772 1385 quod
800 1302 946 1388 plerique
974 1307 1008 1367 et
1037 1301 1079 1366 ad

60 1394 173 1476 legata
186 1395 220 1455 et
233 1390 274 1455 ad
287 1389 440 1470 heredum
458 1390 678 1454 institutiones
696 1389 924 1473 perduxerunt.
956 1391 1072 1476 quibus

61 1480 220 1565 exemplis
260 1479 485 1563 stipulationes
522 1500 648 1562 quoque
683 1479 845 1543 committi
877 1479 1007 1564 quidam
1037 1530 1075 1545 ..
1111 1547 1112 1550 ,

61 1572 272 1653 putaverunt,
300 1589 372 1632 oum
399 1589 458 1652 par
485 1567 714 1650 promissorem
742 1567 863 1632 factum
887 1573 986 1653 asset,
1009 1591 1073 1653 quo

61 1658 169 1722 minus
193 1655 369 1740 stipulator
392 1655 575 1720 condicioni
598 1661 736 1738 parerat.

155 1772 228 1837 107.
251 1770 290 1836 D.
308 1770 362 1855 45,
384 1773 411 1852 1,
429 1773 459 1855 2,
477 1772 507 1835 2.
554 1769 675 1834 Paulus
701 1770 787 1835 libro
815 1771 1004 1837 duodecimo
1035 1773 1075 1837 ad

62 1860 229 1926 Sabinum.
241 1895 279 1906 -
297 1861 390 1926 ...si
409 1860 599 1924 divisionem
618 1880 669 1922 res
688 1859 849 1942 promissa
867 1881 933 1924 non
951 1861 1075 1942 recipit,

61 1949 166 2015 veluti
203 1950 271 2031 via,
307 1948 440 2014 heredes
478 1946 684 2032 promissoris
718 1948 839 2030 singuli
870 1949 904 2012 in
937 1948 1077 2013 solidum

61 2043 228 2120 tenantur3
259 2037 315 2101 sed
347 2058 411 2121 quo
443 2059 520 2102 casu
553 2058 635 2100 unus
669 2058 708 2100 ex
735 2035 905 2101 heredibus
939 2036 1077 2101 solidum

60 2125 274 2211 praestiterit,
301 2125 526 2210 repetitionem
553 2124 688 2189 habebit
710 2148 730 2188 a
753 2124 907 2190 coherede
931 2124 1073 2189 familiae

64 2213 271 2280 erciscundae
294 2215 423 2279 iudicio.
470 2236 509 2278 ex
534 2236 597 2298 quo
622 2214 751 2297 quidem
774 2212 917 2278 accidere
940 2212 1079 2297 Pompo·

62 2303 138 2368 nius
167 2303 227 2384 ait,
256 2307 293 2366 ut
320 2307 353 2367 et
380 2303 584 2386 stipulatoris
611 2304 683 2367 viae
711 2303 761 2367 vel
785 2301 911 2366 itineris
941 2302 1077 2367 heredes

63 2392 186 2476 singuli
209 2393 243 2454 in
268 2390 409 2456 solidum
428 2391 571 2456 habeant
588 2392 757 2455 actionem.
794 2391 849 2454 sed
868 2391 998 2474 quidam
1017 2392 1080 2456 hoc

63 2503 142 2546 casu
167 2481 313 2562 extingui
337 2480 579 2562 stipulationem
602 2482 728 2563 putant,
755 2480 830 2563 quia
851 2501 909 2564 per
932 2480 1079 2564 singulos

63 2569 192 2654 adquiri
215 2569 354 2634 servitus
378 2589 445 2633 non
467 2572 585 2652 potest.

157 2675 230 2741 108.
258 2675 297 2738 D.
309 2675 363 2758 46,
378 2675 408 2759 3,
423 2675 475 2740 73.
510 2673 599 2738 Idem
623 2670 681 2758 (so.
704 2673 891 2759 Marcellus)
914 2675 998 2740 libro
1021 2677 1079 2740 tri·

63 2763 211 2850 gansimo
243 2764 349 2847 primo
381 2763 604 2848 Digestorum.
627 2799 668 2809 -
698 2760 748 2827 Ob
776 2762 840 2828 HS
864 2761 958 2828 XXX
986 2787 1079 2828 num·

62 2849 209 2917 morum¹
231 2853 384 2936 pecuniae
408 2852 548 2916 creditae
571 2851 793 2916 fideiussorem
815 2851 851 2916 in
869 2853 986 2937 viginti
1005 2853 1078 2917 dedi

63 2948 95 3006 et
113 2942 242 3027 pignus.
271 2963 309 3004 ex
324 2941 508 3005 venditione
525 2947 633 3005 autem
648 2940 795 3023 pignoris
810 2941 950 3005 creditor
965 2941 1076 3006 decem

62 3034 255 3096 consecutus
284 3034 346 3093 est:
374 3033 483 3093 utrum
512 3051 551 3093 ex
582 3029 788 3093 universitate
817 3029 850 3093 id
874 3030 1011 3111 decedit,
1041 3035 1078 3093 ut

63 3118 196 3202 quidam
214 3123 338 3202 putant,
360 3117 389 3182 si
410 3117 518 3182 decem
537 3117 700 3183 solvendis
720 3119 829 3183 decem
848 3118 931 3182 nihil
950 3117 1079 3181 debitor

64 3208 212 3290 dixisset,
237 3230 278 3271 an
302 3257 352 3272 ...

155 3313 241 3378 109?
260 3311 299 3377 D.
312 3314 464 3396 17,1,40.
489 3312 607 3376 Paulus
622 3313 706 3378 libro
721 3334 805 3377 nono
817 3312 857 3375 ad
872 3312 1021 3376 edictum.
1042 3348 1078 3358 -

63 3401 98 3468 Si
121 3424 180 3487 pro
203 3408 236 3466 te
258 3405 430 3488 praesenta
454 3408 487 3466 et
510 3405 639 3466 vetante
662 3402 881 3483 fideiusserim,
903 3422 963 3464 nee
984 3423 1075 3466 man-

155 3581 170 3629 1
192 3577 268 3632 Tra'b.
292 3576 336 3631 Ob
354 3575 471 3645 triginta
490 3592 629 3631 nummos.
