2430 3944
122 173 189 239 354
225 173 258 229 V.
277 171 427 230 NERVAE
445 173 494 228 ET
513 171 668 228 TRAIANI
686 171 795 227 TEMP.
813 170 910 227 IURIS
929 170 1111 228 CONSULTI

212 341 337 402 Perniee
364 342 492 418 fortasse
521 341 557 401 de
588 340 663 401 iuris
696 340 774 400 sacri
805 341 940 419 collegiis
973 360 1142 403 sermonem

123 449 188 491 0000
222 431 342 509 egregie
375 431 484 491 conicit
511 449 575 508 arg.
598 429 657 506 leg.
685 428 791 490 Genet.
814 448 838 490 0.
869 432 924 491 67:
958 424 1045 490 ‘neve
1074 433 1142 508 quis

122 539 213 596 quem
238 520 271 578 in
294 519 463 599 conlegium
486 518 662 595 pontificum
684 519 789 595 kapite
812 518 964 598 sublegito
998 523 1142 596 cooptato

121 609 180 667 nisi
194 602 275 669 'aune
298 626 368 668 cum
385 608 485 668 minus
504 608 601 667 tribus
619 606 812 685 pontificibus
831 608 922 667 exiis
941 608 993 686 qui
1007 609 1142 668 coloniae

123 695 286 758 Genetivae
311 699 382 757 sunt
404 691 514 756 erunt’

470 867 521 934 De
541 869 670 952 negotiis
689 869 790 952 900110.

212 973 264 1041 65.
296 975 336 1039 D.
354 974 434 1060 3,15,
455 975 505 1040 17.
554 974 674 1039 Paulus
705 975 789 1040 libro
818 997 903 1041 nono
932 976 972 1041 ad
1002 976 1143 1043 edictum

123 1062 172 1150 (P.
188 1060 275 1149 190).
301 1100 339 1111 —
367 1063 522 1129 Proculus
551 1069 584 1129 et
612 1063 757 1150 Pegasus
786 1066 906 1130 bonam
933 1064 1030 1129 fidem
1059 1088 1143 1151 eum,

123 1153 179 1237 qui
202 1153 237 1216 in
260 1154 415 1218 servitute
439 1172 550 1238 gerere
574 1153 689 1237 eoepit,
711 1156 877 1239 praestare
900 1155 1017 1219 debere
1037 1154 1143 1240 aiunt3

124 1241 261 1327 ideoque
276 1245 443 1326 quantum,
462 1241 490 1306 si
504 1242 587 1307 alius
602 1242 672 1306 eius
685 1242 819 1327 negotia
834 1243 997 1328 gessisset,
1013 1265 1142 1308 servare

122 1330 295 1415 potuisset,
318 1335 447 1396 tantum
471 1351 554 1415 eum,
577 1329 634 1416 qui
655 1353 675 1395 a
693 1334 796 1395 semet
813 1332 884 1417 ipso
903 1353 970 1397 non
989 1333 1145 1417 exegerit,

122 1419 331 1504 negotiorum
355 1422 522 1503 gestorum
546 1420 673 1485 actione
695 1424 946 1504 praestaturum,
969 1422 998 1485 si
1019 1421 1143 1504 aliquid

122 1508 240 1573 habuit
264 1508 299 1572 in
321 1508 462 1593 peculio,
484 1508 576 1573 cuius
598 1509 781 1573 retentione
804 1509 836 1573 id
860 1510 984 1574 servari
1006 1508 1143 1594 potatu.

121 1597 207 1661 idem
229 1595 394 1662 Neratius.

158 1775 213 1840 Ec
234 1774 345 1857 00111ιο
367 1775 471 1840 causis
492 1776 625 1840 micres
647 1774 756 1841 XXV
774 1777 869 1842 00010
891 1777 926 1841 ic
948 1777 1105 1860 integram

524 1865 738 1930 restituuntur.

213 1972 265 2036 66.
293 1969 332 2035 D.
345 1972 377 2051 4,
392 1972 422 2053 6,
438 1970 488 2052 15,
503 1971 533 2036 3.
578 1969 739 2054 Ulpianus
768 1971 851 2036 libro
880 1970 1071 2036 duodecimo
1102 1973 1143 2037 ad

124 2060 265 2126 edictum
284 2058 334 2144 (P
343 2057 434 2147 431).
455 2097 493 2106 -
514 2108 539 2123 ..
564 2058 650 2143 quod
673 2061 863 2144 simpliciter
885 2064 1018 2144 praetor
1041 2060 1144 2124 edixit

124 2146 301 2234 ‘posteave'
321 2149 367 2213 110
386 2147 608 2232 accipiendum
627 2152 685 2233 est,
704 2152 750 2233 ut,
770 2150 798 2214 si
812 2148 966 2214 inchoata
981 2150 1024 2213 sit
1037 2150 1142 2214 bonae

123 2238 199 2303 fidei
233 2238 432 2322 possessoris
464 2238 643 2302 detentatio
677 2242 752 2302 ante
786 2238 1011 2318 [absentiam],
1048 2238 1145 2303 finita

124 2332 233 2393 autem
264 2347 408 2409 reverso,
440 2325 658 2391 restitutionis
691 2327 847 2392 auxilium
879 2326 987 2392 locum
1019 2326 1143 2391 habeat

123 2438 189 2481 non
221 2415 428 2501 quandoque,
460 2416 516 2479 sed
547 2415 595 2479 ita
626 2415 769 2498 demum,
801 2415 829 2479 01
861 2417 948 2479 intra
979 2415 1143 2480 modicum

124 2512 251 2589 tempus
272 2526 369 2589 quam
388 2503 485 2568 rediit
503 2503 565 2568 hoo
584 2503 730 2587 contigit,
749 2504 782 2568 id
801 2507 852 2568 001
870 2504 945 2568 dum
962 2503 1142 2587 hospitium

125 2594 198 2677 quis
218 2593 377 2676 conducit,
395 2592 574 2657 sarcinulas
593 2593 768 2677 componit,
789 2593 917 2676 quaerit
933 2592 1142 2677 advocatum3

123 2704 200 2746 nam
224 2703 312 2765 eum,
337 2681 394 2766 qui
416 2681 524 2745 differt
546 2682 803 2763 restitutionem,
825 2703 892 2746 non
916 2703 987 2746 esse
1011 2682 1142 2747 audien·

124 2771 200 2835 dum
224 2768 380 2836 Neratius
404 2769 525 2835 scribit.

413 2945 465 3012 De
486 2947 651 3035 occultius
674 2947 851 3013 0011001600.
943 2923 946 2928 ’

215 3053 266 3118 67.
290 3050 330 3116 D.
340 3054 370 3134 9,
379 3054 411 3133 4,
421 3055 473 3136 21,
484 3054 514 3118 6.
555 3052 717 3139 Ulpianus
741 3054 824 3118 libro
847 3052 1024 3119 vicensimo
1044 3055 1142 3119 tertio

126 3141 166 3208 ad
195 3142 334 3206 edictum
358 3139 408 3227 (P.
423 3141 512 3229 681).
538 3179 576 3190 —
603 3141 638 3207 si
665 3143 889 3208 iusiurandum
916 3145 1026 3228 exegit
1052 3146 1142 3208 actor

125 3252 262 3314 reusque
291 3231 410 3296 iuravit
439 3231 496 3317 (se.
524 3232 559 3296 in
587 3253 646 3295 sue
674 3237 836 3315 potestate
864 3253 992 3297 servum
1019 3253 1053 3295 00
1076 3253 1143 3296 non

125 3318 274 3405 habere),
308 3319 421 3385 deinde
454 3326 569 3404 postea
604 3321 716 3385 noxali
750 3320 829 3384 velit
867 3323 957 3385 actor
994 3320 1143 3404 experiri,

124 3408 298 3474 videndum
318 3413 377 3493 est,
396 3432 438 3474 an
457 3410 604 3494 exceptio
623 3409 834 3474 iurisiurandi
851 3410 968 3474 debeat
987 3409 1142 3474 adversus

199 3555 212 3601 1
235 3547 281 3603 Fi.
299 3549 401 3617 potest
