2430 3944
193 201 227 256 H.
247 200 489 256 INCERTORUM
508 199 737 255 SENTENTIAE
757 200 804 254 ΕΤ
823 200 929 255 LIBRI.
1005 201 1070 266 527

58 368 87 428 te
120 364 299 447 depositam
336 369 391 428 aut
428 385 467 428 ex
500 364 704 428 commodato
737 363 798 427 tibi
828 363 1072 449 <permissam>

58 453 222 536 possidere
249 474 354 535 neque
377 452 508 517 reddere
538 453 752 535 constitueris,
785 454 957 518 confestim
990 457 1071 518 ami-

58 542 138 606 sisse
162 563 213 605 me
236 541 476 625 possessionem
499 542 551 606 vel
570 542 776 625 ignorantem
795 563 988 626 responsum
1012 548 1070 607 est.

145 630 198 695 43.
221 630 261 696 D.
285 632 338 713 41,
361 631 511 712 2,1,14.
535 629 656 694 Paulus
675 630 759 694 libro
779 630 1070 714 quinquagensimo

58 722 173 804 quarto
198 720 238 783 ad
262 719 410 784 edietum.
435 756 478 765 —
498 768 549 784 ...
569 718 646 783 lieet
658 720 900 802 respondeatur,
918 721 1071 803 quamdiu

58 808 95 872 eb
126 808 190 872 alio
219 830 284 872 non
312 808 517 892 possideatur
541 805 599 894 (sc.
623 830 735 872 servus
759 809 870 891 quiin
894 808 973 891 fuga
996 807 1071 895 est),

58 898 193 961 anobis
222 919 294 960 eum
322 896 481 980 possideri
508 896 643 980 ideoque
670 896 801 960 interim
830 917 903 960 eum
927 901 1070 981 usucapi.

143 986 196 1050 44.
232 985 270 1052 D.
290 986 343 1068 41,
358 985 388 1068 5,
404 986 432 1068 2,
449 986 477 1049 1.
513 984 660 1050 Iulianus
688 985 771 1049 libro
799 984 1070 1070 quadragensimo

58 1077 171 1158 quarto
195 1073 414 1159 Digestorum.
439 1111 481 1120 —
580 1095 771 1158 responsum
794 1078 844 1139 est
862 1096 964 1158 neque
984 1076 1070 1140 eolo-

58 1185 133 1227 num
169 1185 272 1247 neque
310 1186 382 1227 eum
418 1162 503 1246 apud
534 1185 628 1246 quem
660 1185 712 1228 res
746 1163 894 1247 deposita
926 1168 982 1228 aut
1018 1164 1070 1228 eui

58 1252 260 1317 eommodata
289 1255 351 1335 est,
379 1250 624 1316 lucrifaciendi
651 1273 748 1317 eausa
770 1274 830 1337 pro
853 1251 970 1317 herede
998 1275 1071 1317 usu-

58 1362 167 1423 rapere
190 1363 294 1424 posse.

143 1429 196 1495 45.
232 1428 272 1493 D.
305 1430 359 1513 41,
387 1430 417 1512 3,
451 1429 502 1514 13,
537 1431 565 1495 1.
602 1429 692 1494 Idem
725 1426 782 1513 (sa.
815 1427 952 1516 Paulus)
985 1429 1069 1494 libro

58 1519 171 1602 quinto
196 1517 236 1582 ad
255 1517 430 1583 Plautium.
457 1555 494 1565 -
520 1517 605 1582 Eum
630 1519 685 1602 qui
709 1541 728 1582 a
750 1519 874 1584 furioso
896 1520 985 1584 bona
1007 1518 1070 1583 fide
1114 1565 1115 1568 ,

58 1608 145 1690 emit,
168 1629 344 1690 usucapere
367 1629 463 1690 posse
486 1628 677 1690 responsum
701 1611 758 1671 est.

144 1696 196 1760 46.
243 1694 283 1761 D.
306 1697 360 1779 41,
383 1697 414 1774 4,
437 1697 514 1780 4pr.
561 1694 734 1760 lavolenus
759 1695 843 1760 libro
867 1697 1006 1761 seeundo
1030 1719 1069 1760 ex

58 1783 191 1849 Plautio.
219 1820 264 1830 -
290 1784 432 1869 Emptor
460 1784 554 1848 fundi
581 1787 707 1867 partem
731 1785 800 1848 eius
825 1784 965 1848 alienum
999 1806 1068 1848 esse

58 1895 119 1938 non
152 1873 372 1958 ignoraverat:
416 1894 608 1955 responsum
645 1876 695 1937 est
727 1873 811 1937 nihil
848 1895 921 1936 eum
958 1896 997 1938 ex
1030 1895 1068 1937 eo

58 1962 151 2026 iundo
174 1962 247 2026 used
271 1966 451 2045 capturum.

423 2111 474 2177 De
495 2113 698 2178 servitutibus.

142 2229 195 2293 47.
227 2228 267 2293 D.
298 2229 327 2311 8,
359 2229 388 2306 5,
418 2230 469 2307 17,
494 2230 521 2292 1.
554 2225 691 2292 Alfenus
723 2228 806 2292 libro
840 2227 979 2292 seeundo
1011 2226 1067 2290 Di-

58 2321 228 2402 gestorum.
267 2355 303 2364 —
338 2316 418 2383 Cum
446 2317 481 2380 in
511 2317 607 2381 domo
636 2315 709 2381 Gaii
737 2313 790 2381 Sei
817 2316 908 2380 loeus
937 2315 1066 2400 quidam

58 2405 186 2470 aedibus
224 2404 311 2470 Anni
348 2407 397 2470 ita
430 2406 577 2485 serviret,
609 2408 647 2470 ut
678 2405 711 2470 in
744 2427 781 2470 eo
815 2407 887 2471 loco
923 2406 1067 2487 positum

58 2495 171 2558 rabere
203 2495 254 2558 ius
293 2493 366 2560 Seio
398 2515 464 2558 non
497 2501 591 2577 esset,
623 2499 656 2558 et
688 2491 779 2559 Seius
813 2494 846 2558 in
880 2516 916 2558 eo
951 2495 1066 2558 silvam

58 2583 201 2665 revisset,
228 2584 350 2668 inqua
376 2583 470 2647 labra
500 2588 532 2647 et
561 2582 648 2647 lenes
671 2587 700 2648 et
722 2583 917 2647 eueumellas
941 2584 1066 2666 positas

58 2673 196 2755 raberet,
219 2674 329 2737 Annio
354 2671 524 2736 eonsilium
549 2693 659 2736 omnes
679 2672 758 2736 iuris
777 2670 874 2755 periti
902 2671 1067 2750 dederunt,

58 2766 87 2826 rt
111 2783 184 2825 eum
206 2783 245 2825 eo
264 2764 387 2844 ageret:
410 2760 460 2824 ius
480 2760 510 2823 ei
530 2782 596 2825 non
616 2782 685 2825 esse
705 2762 738 2824 in
758 2781 795 2824 eo
814 2761 886 2824 loeo
906 2782 943 2825 ea
958 2760 1066 2844 posita

58 2850 172 2914 rabere
195 2850 298 2914 inrito
323 2871 366 2914 se.
472 2889 475 2894 -

422 2972 473 3038 De
488 2974 691 3056 postliminio.

141 3088 193 3154 48.
217 3087 256 3152 D.
279 3089 333 3169 49,
358 3090 409 3172 15,
432 3088 464 3165 5,
489 3090 518 3153 3.
546 3087 744 3172 Pomponius
767 3089 851 3154 libro
875 3088 1064 3174 trigensimo

58 3178 191 3262 reptimo
216 3178 257 3241 ad
281 3175 435 3252 Quintum
454 3177 605 3242 Mucium.
627 3215 668 3224 —
689 3178 794 3244 ...in
812 3178 915 3244 Atilio
931 3176 1066 3261 Regula,

58 3289 147 3351 quem
181 3264 468 3352 Carthaginienses
500 3266 639 3331 Romam
672 3268 838 3351 miserunt,
873 3286 1064 3349 responsum

58 3361 110 3439 est,
134 3377 199 3421 non
224 3376 294 3419 esse
318 3376 391 3419 eum
414 3355 617 3438 postliminio
636 3378 807 3421 reversum.
823 3405 852 3422 ..

141 3449 216 3509 0111
239 3466 269 3527 p.
293 3451 345 3509 43.

124 3580 138 3627 1
161 3574 236 3630 Trio.
256 3574 341 3643 ionga
358 3573 543 3644 possessione.
