2430 3944
152 183 218 258 418
255 192 288 249 V.
306 190 458 247 NERVAE
477 191 523 247 ET
543 190 1137 249 TRAIANITEMP.1UR1800NSULT1

242 357 293 422 62.
327 354 365 420 Ι).
385 354 438 438 35,
460 359 486 438 1,
505 356 557 435 40,
576 355 606 420 2.
656 354 747 419 Idem
779 352 836 440 (so.
864 351 1054 442 Iavolenus)
1082 355 1164 421 libro

45 519 47 527 Ι
156 445 294 510 seeundo
322 466 360 508 ex
387 444 621 528 posterioribus
648 441 816 509 Labeonis.
845 480 889 490 -
918 443 1054 525 Quidam
1084 445 1165 510 Titio

152 539 272 599 eentum
295 535 458 617 tepeseat,
481 533 588 598 deinde
609 532 697 613 iufra
719 533 765 597 ita
789 533 936 598 iusserat:
965 530 1057 614 ‘quas
1073 553 1165 617 pem

153 624 225 688 nias
243 623 351 704 auique
369 622 474 706 lepavi
493 641 544 686 eas
562 621 646 686 beres
664 641 757 705 meus,
776 623 804 686 si
821 625 921 686 mater
938 642 1008 686 mea
1025 623 1166 701 moritur,

152 711 253 789 dato';
277 715 396 776 mortuo
409 714 499 792 patre
515 709 658 791 familias
677 705 778 789 Titius
794 714 915 775 elamat
931 715 961 774 et
977 711 1050 774 uiua
1068 715 1167 775 matre

153 799 333 885 [familias]
370 800 542 865 decesserat.
600 804 724 864 mortua
759 804 858 863 matre
890 798 1051 865 heredibus
1091 800 1167 864 Titii

153 889 287 971 lepatum
305 888 405 954 deberi
424 886 535 972 Ofilius
555 888 723 970 respondit,
740 888 888 968 paeoniam
905 907 969 952 non
986 888 1044 952 sub
1064 888 1167 954 eondi-

152 978 236 1043 eione
262 982 337 1042 esset
363 978 507 1059 leuatum,
533 977 588 1041 sed
612 981 684 1041 aute
707 976 838 1059 lepatum
854 996 948 1059 pure,
971 977 1082 1042 deinde
1105 977 1166 1042 aas

153 1067 289 1132 soluendi
309 1066 435 1131 adiecta.
481 1066 651 1147 rideamus,
674 1065 777 1146 iuquit
798 1065 909 1147 Labeo,
931 1085 970 1129 ue
993 1065 1029 1130 id
1047 1065 1166 1147 falsum

151 1155 203 1239 sit,
226 1155 302 1237 quia
323 1154 405 1219 nibil
426 1155 556 1236 intersit,
579 1159 684 1218 utrum
707 1154 753 1218 ita
775 1153 943 1219 scribatur:
968 1151 1061 1235 ‘quas
1077 1175 1166 1237 peue-

152 1245 226 1308 nias
244 1245 351 1325 auique
370 1243 477 1327 lepaui,
494 1263 546 1308 eas
563 1242 647 1308 beres
664 1262 757 1326 meus,
776 1243 804 1306 si
822 1247 921 1306 mater
938 1263 1007 1306 mea
1026 1245 1166 1326 moritur,

152 1332 235 1397 dato’
259 1352 302 1396 an
325 1333 387 1396 ita:
417 1330 492 1396 ‘nisi
514 1336 614 1395 mater
635 1352 704 1395 mea
726 1332 871 1413 meritur,
894 1351 932 1395 ue
954 1330 1057 1408 dato';
1080 1337 1165 1396 utru-

153 1421 242 1502 bique
264 1421 347 1485 euim
369 1419 425 1485 sub
448 1420 621 1485 eondieiene
642 1421 688 1485 uel
710 1421 825 1485 datum·
841 1420 887 1484 vel
908 1420 1089 1502 ademptum
1108 1441 1166 1487 esse

154 1510 294 1593 lepatum.
340 1508 491 1574 Labeonis
513 1528 690 1590 responsum
708 1508 813 1590 probe.

242 1615 292 1680 63.
316 1613 356 1679 D.
371 1615 423 1697 32,
438 1616 490 1697 30,
505 1615 535 1680 2.
572 1614 679 1680 Labeo
693 1616 779 1679 libro
794 1613 933 1679 seeundo
949 1613 1166 1698 posteriorum

153 1702 343 1768 alaroleno
367 1705 629 1786 epitomatorem.
656 1740 694 1750 —
723 1702 800 1768 Oum
820 1707 994 1768 testamento
1018 1706 1166 1787 seriptum

151 1797 242 1856 esset:
266 1790 381 1858 ‘Stiebo
406 1813 490 1857 seruo
511 1813 575 1857 meo
593 1793 678 1857 neres
694 1793 829 1874 quinque
846 1792 917 1857 dato
936 1797 971 1874 et,
993 1793 1023 1856 si
1043 1791 1166 1858 Stiebas

152 1880 255 1946 berecti
275 1902 341 1946 mee
363 1881 520 1946 bienuium
541 1882 692 1960 servierit,
716 1881 791 1946 liber
813 1879 895 1965 esto’,
910 1886 984 1963 post
1006 1881 1165 1947 biennium

153 1970 286 2053 leuatum
308 1971 407 2035 deberi
428 1971 577 2053 mistime,
599 1971 676 2052 quia
698 1971 732 2034 iu
755 1970 791 2035 id
811 1974 929 2052 tempus
945 1974 975 2034 et
992 1969 1167 2036 libertaset

153 2059 285 2141 leuatum
306 2058 417 2139 referri
438 2059 577 2136 menen
591 2060 673 2140 quod
698 2063 727 2124 et
751 2058 913 2123 Trebatius
935 2061 1103 2140 respondit.

243 2165 295 2231 64.
322 2163 361 2229 D.
381 2166 433 2247 35,
454 2166 481 2248 1,
499 2165 553 2247 40,
571 2166 601 2230 5.
651 2163 741 2229 Idem
774 2161 833 2251 (so.
859 2163 1049 2252 Iavolenus)
1084 2164 1165 2230 libro

153 2255 290 2319 seeundo
315 2274 353 2318 ex
375 2253 609 2337 posterioribus
632 2251 801 2318 Labeonis.
823 2289 865 2300 —
887 2251 1041 2319 Tleermm
1063 2255 1165 2319 minor

151 2363 282 2424 quarum
300 2342 455 2407 arbitratu
473 2347 702 2407 monumentum
720 2342 780 2407 sue·
797 2342 867 2426 fieri
885 2342 972 2406 uellet
988 2347 1165 2408 testamento

151 2433 325 2513 scribserat,
348 2432 454 2496 deinde
476 2432 522 2496 ita
545 2431 712 2514 lepauerat:
736 2429 846 2495 ‘Lucio
873 2428 988 2495 Publio
1013 2429 1165 2497 Corneliis

152 2522 195 2585 ad
220 2525 450 2584 mouumentum
477 2540 578 2584 meum
604 2520 831 2602 aedifieandum
857 2519 942 2583 mille
968 2518 1055 2586 neres
1082 2540 1165 2586 meus

152 2606 243 2673 dato’.
297 2609 457 2673 Trebatius
486 2610 641 2690 respoudit
662 2628 722 2689 pro
749 2629 782 2672 eo
808 2607 982 2692 babendum
1009 2630 1047 2674 aa
1070 2611 1099 2674 si
1121 2611 1165 2674 ita

153 2698 285 2780 lepatum
312 2701 398 2777 esset,
425 2698 455 2762 si
480 2698 558 2762 satis
584 2698 735 2763 dedissent
757 2717 789 2762 se
810 2698 856 2760 ita
879 2697 914 2761 id
934 2704 1164 2764 mouumentum

152 2806 189 2850 en
211 2807 248 2850 ea
268 2786 398 2867 pecunia
419 2786 563 2865 fauturos.
610 2786 710 2850 Labeo
737 2785 872 2849 Trebatii
893 2788 1075 2851 sententiam
1093 2807 1164 2870 pro·

153 2874 216 2952 bat,
243 2876 319 2956 quia
345 2874 418 2939 baea
446 2894 531 2939 mens
554 2874 692 2939 testantis
712 2873 834 2958 fuisset,
862 2879 898 2938 ut
918 2894 955 2938 ea
971 2877 1110 2956 peeuma
1131 2876 1163 2939 in

151 2969 382 3027 mmrummtum
402 2968 643 3040 eonsumemtnm
666 2963 746 3028 idem
765 2968 794 3026 et
810 2983 861 3046 epo
880 2967 908 3027 et
925 2962 1080 3030 Proculus
1092 2985 1163 3047 pro

152 3052 268 3117 bamus.

241 3157 292 3224 65.
325 3156 363 3222 D.
378 3160 430 3242 35,
451 3157 546 3242 1,4o‚
565 3159 594 3223 3.
650 3157 739 3222 Idem
771 3155 828 3244 (so.
860 3126 1050 3246 Iavolenus)
1082 3159 1163 3223 libro

152 3248 292 3312 seeundo
322 3269 360 3311 ex
383 3246 616 3331 posterioribus
640 3245 812 3312 Labeonis.
833 3283 879 3294 -
901 3246 1061 3313 Dominus
1082 3266 1162 3314 seruo

63 3344 66 3350 ⁴
154 3337 255 3419 Hsl
271 3353 445 3440 (rationis)
464 3355 529 3419 eius
547 3354 713 3437 lepauerat:
739 3352 834 3418 ‘lieres
855 3373 940 3419 meus
956 3353 1061 3420 Stiabo
1083 3372 1162 3420 serm

153 3481 234 3541 meo,
261 3482 349 3543 quem
372 3465 546 3526 testamento
569 3460 697 3526 liberum
720 3480 782 3526 esse
804 3461 895 3543 iussi,
919 3461 956 3524 Η
961 3445 1114 3544 Sanae
1129 3460 1161 3523 in

152 3550 265 3615 tabulis
292 3551 393 3635 debes,
418 3548 509 3613 date'.
553 3549 634 3614 nibil
661 3569 745 3615 seruo
772 3549 905 3632 lepalum
934 3570 997 3615 esse
1019 3550 1159 3616 Naum
