2430 3944
150 207 217 272 254
243 206 290 262 IV.
306 204 524 260 VESPASIANI
538 203 613 260 ΤΙΤΙ
627 203 823 261 DOMITIANI
837 204 945 260 ΤΕΜΡ.
958 204 1057 260 IURIS
1072 205 1174 264 OONS.

151 377 183 436 et
211 371 292 454 capi¹
310 391 378 434 non
405 373 554 454 possent,
581 390 684 452 neque
712 369 766 433 lex
787 368 950 433 vendundi
974 369 1174 453 opperienda

150 465 245 542 esset,
260 459 316 524 sed
336 459 438 523 oculis
456 458 522 522 iam
541 458 776 542 praeciperent,
794 457 955 542 quoduam
976 463 1063 523 esset
1080 481 1173 523 mau-

150 550 309 634 eipiorum
333 568 445 632 genus3
467 548 568 628 secati,
591 547 710 630 inquit,
732 548 906 629 antiquitas
924 548 1087 630 menapia
1105 549 1173 612 iare

149 639 221 703 belli
243 641 335 719 capta
357 637 479 701 cornute
501 637 613 700 traduto
635 635 795 700 vacabant
814 637 974 701 etidcirco
992 636 1174 702 dicebantur

148 728 205 792 sab
232 746 344 791 caram
369 726 481 789 venire.
529 745 664 806 eamque
689 730 726 790 at
750 745 787 788 ea
813 745 930 790 carcaa
956 726 1083 807 abnam
1106 731 1175 790 erat

148 817 342 898 captivorum
363 814 528 893 renalium,
550 812 597 878 ita
611 813 729 896 pilleus
751 815 914 898 impositas
931 814 1173 897 demonstrabat,

149 905 299 970 eiusmodi
321 923 423 968 serras
444 903 627 985 emundari,
649 923 782 984 quaram
803 904 928 968 nomiae
949 904 1081 986 emptori
1101 924 1172 968 cea·

148 996 230 1059 ditor
252 993 334 1058 nibil
351 996 532 1076 praestaret.

238 1100 290 1164 20.
322 1099 362 1163 D.
376 1099 429 1182 21,
444 1099 474 1184 1,
488 1098 541 1163 20.
587 1097 687 1163 Gaius
715 1097 801 1164 libro
828 1098 935 1182 primo
963 1099 1004 1162 ad
1028 1098 1174 1164 edictum

149 1189 304 1254 aedilium
332 1188 492 1253 curulium
517 1185 565 1270 (P.
581 1187 670 1272 381).
696 1222 734 1233 -
761 1185 848 1252 Si..
872 1191 947 1252 ante
971 1187 1173 1252 venditionis

149 1283 279 1362 tempus
305 1277 428 1341 dictum
450 1276 688 1360 intercesserit,
715 1275 829 1340 deiude
851 1280 929 1359 post
951 1276 1080 1360 aliquot
1103 1276 1173 1342 dies

149 1367 346 1450 interposita
376 1364 477 1429 fuerit
509 1364 694 1448 stipulatio,
727 1362 855 1429 (laelius
885 1362 1026 1430 Sabinus
1056 1365 1175 1430 scribit

150 1478 189 1520 ex
207 1457 315 1539 priore
339 1475 445 1536 causa,
469 1474 551 1538 quae
571 1453 693 1531 statim,
717 1453 832 1537 inquit,
849 1457 887 1517 ut
905 1454 1008 1520 veniit
1026 1454 1060 1518 id
1079 1477 1173 1518 man·

150 1546 270 1629 cipium
294 1565 332 1608 eo
355 1544 487 1607 nomine
509 1563 605 1626 posse
630 1563 726 1626 agere
750 1542 867 1626 eoepit.

239 1654 395 1729 Quomodo
414 1654 499 1722 locus
517 1653 600 1714 varie
615 1656 753 1714 tentatus
770 1652 925 1713 emendari
939 1653 1050 1714 debeat
1062 1655 1172 1716 neseio.

447 1826 497 1891 De
519 1827 666 1892 tumeatis
687 1826 868 1892 vendundis.

238 1955 290 2018 21.
311 1952 547 2036 D.21,1,38,7.
569 1950 660 2016 Idem
671 1947 729 2038 (sc.
738 1948 914 2035 Ulpianus)
928 1951 1014 2016 libro
1030 1953 1173 2017 secundo

149 2041 189 2106 ad
218 2044 360 2107 edictum
389 2041 542 2105 aedilium
571 2041 730 2104 curulium
758 2036 807 2126 (P.
829 2035 940 2126 1792).
970 2077 1009 2086 —
1041 2038 1172 2106 (laelius

149 2180 180 2196 ..
209 2132 325 2196 scribit
351 2152 416 2195 nou
446 2131 556 2194 omnia
584 2128 738 2193 animalia
766 2134 908 2192 castrata
936 2128 977 2192 ob
1004 2129 1037 2193 id
1061 2129 1172 2216 ipsum

148 2221 267 2285 vitiosa
300 2241 383 2300 esse,
419 2219 483 2282 nisi
514 2221 648 2301 propter
680 2218 786 2302 ipsam
819 2218 1050 2282 castrationem
1082 2219 1173 2283 facta

149 2314 226 2373 sunt
253 2308 480 2390 imbecilliora,
504 2312 537 2370 et
563 2306 636 2371 ideo
665 2307 789 2371 mulum
817 2327 882 2370 nou
912 2328 982 2370 esse
1005 2308 1173 2375 vitiosum.

148 2398 233 2462 idem
247 2397 347 2461 refert
358 2395 492 2460 Ofilium
506 2395 720 2478 existimasse,
730 2416 848 2478 equum
863 2398 1043 2460 castratum
1054 2418 1173 2462 sanum

149 2507 233 2569 esse,
266 2486 361 2551 sicuti
378 2485 491 2570 spado
522 2505 648 2568 quoque
678 2506 775 2547 sanus
804 2487 867 2568 est3
900 2483 956 2548 sed
986 2485 1014 2548 si
1043 2492 1173 2569 emptor

148 2575 327 2660 ignoravit,
349 2574 498 2639 venditor
522 2572 597 2656 scit,
620 2593 660 2635 ex
683 2578 792 2655 empto
816 2594 886 2636 esse
910 2572 1082 2641 actionem.

238 2686 339 2746 Eisele
364 2685 393 2744 Z.
409 2684 435 2744 d.
451 2683 587 2744 Seu-St.
602 2683 638 2757 X,
654 2685 717 2742 314
729 2702 771 2760 sq.

238 2789 290 2853 22.
315 2787 353 2851 D.
369 2786 445 2850 ibid.
460 2789 480 2866 ξ
498 2787 537 2850 11
554 2783 604 2870 (P.
622 2784 731 2868 1793).
754 2821 798 2831 -
823 2783 992 2850 Vendendi
1017 2836 1046 2852 ..
1071 2807 1173 2852 causa

149 2881 299 2942 ornatum
313 2877 492 2940 iumentum
508 2874 608 2938 videri
623 2871 751 2938 (laelius
767 2875 814 2938 ait
825 2894 902 2956 non,
921 2874 949 2937 si
963 2874 1024 2940 sub
1039 2879 1172 2961 tempus

149 2965 349 3032 venditionis
372 2964 447 3046 [hoc
472 2967 521 3028 est
544 2963 642 3027 biduo
668 2966 743 3027 ante
761 2963 995 3047 venditionem]
1016 2971 1171 3029 ornatum

149 3057 205 3141 sit,
234 3055 290 3119 sed
319 3054 346 3118 si
374 3058 409 3116 in
435 3054 508 3137 ipsa
535 3051 720 3116 venditione
749 3056 900 3116 ornatum
924 3053 981 3135 sit,
1007 3053 1081 3117 ideo
1106 3051 1172 3139 ut¹,

147 3143 269 3228 inquit,
291 3143 405 3207 venale
429 3164 502 3206 curn
527 3145 613 3205 esset
636 3141 681 3205 sic
705 3143 854 3204 ornatum
877 3141 1103 3224 inspiceretur.

238 3250 304 3316 23?
323 3249 403 3313 Gell.
413 3250 443 3328 4,
455 3250 483 3329 2,
495 3249 524 3314 8.
547 3283 584 3294 -
608 3244 687 3312 Sues
707 3247 805 3310 etiarn
824 3246 964 3311 feminae
988 3247 1016 3311 si
1037 3249 1170 3314 sterilae

149 3344 258 3405 esseut
286 3344 320 3403 et
343 3358 458 3402 venum
481 3338 596 3419 issent,
625 3358 664 3400 ex
688 3335 793 3400 edicto
817 3335 970 3400 aedilium
992 3357 1090 3421 posse
1115 3338 1171 3423 agi

148 3429 334 3494 Labeonem
359 3427 536 3510 scripsisse.

222 3593 234 3639 1
256 3585 304 3639 Fr.
323 3585 373 3638 aut
390 3583 462 3638 ideo.
