2430 3944
107 164 173 229 298
210 165 243 221 V.
262 165 412 221 NERVAE
429 165 477 220 ET
494 164 645 220 TRAIANI
662 165 770 221 ΤΕΜΡ.
787 165 882 221 IURIS
902 165 1085 222 CONSULTI

533 386 642 446 Liber
664 387 688 446 I.

513 504 564 571 De
586 505 701 588 lupatis.

437 617 484 676 De
505 618 660 691 usufructu
681 617 781 691 leuato.

196 720 224 784 1.
252 716 327 783 Vat.
344 716 383 782 fr.
403 717 481 798 §75
505 715 594 804 (Uip.
616 718 637 782 l.
654 715 751 783 XVII
774 717 814 782 ad
839 715 937 804 Seu).
956 755 999 766 -
1024 719 1113 786 Idem

105 803 163 893 (sc.
186 803 344 894 Iulianus)
373 806 428 890 ait,
455 812 488 870 et
514 807 543 870 ai
573 807 734 871 communi
763 827 855 871 servo
880 809 913 871 et
936 811 1114 893 separatim

105 895 193 961 Titio
221 918 298 960 usus
327 896 449 959 fructus
472 895 600 978 legatus
625 895 681 979 sit,
708 896 863 960 amissam
885 901 1013 979 partem
1037 919 1113 963 usus

103 985 229 1052 fructus
252 1005 318 1048 non
335 982 376 1047 ad
396 981 528 1066 Titium,
552 982 606 1048 sed
625 982 665 1047 ad
685 984 789 1049 solum
809 981 931 1049 socium
949 987 1113 1069 pertinere

103 1071 220 1138 debere
254 1072 348 1156 quasi
379 1071 485 1136 solum
517 1071 735 1137 coniunctum.
788 1094 884 1157 quam
917 1077 1113 1141 sententiam

102 1183 205 1246 neque
228 1159 400 1225 Marcellus
427 1181 529 1244 neque
552 1158 772 1226 Mauricianus
797 1161 952 1248 probant,
980 1162 1114 1248 Papini·

103 1272 184 1314 anus
213 1270 340 1333 quoque
363 1249 448 1313 libro
471 1245 567 1313 XVII
591 1247 823 1325 Quaestionum
851 1249 893 1314 ab
921 1272 959 1316 ea
981 1252 1112 1318 recedit.

102 1360 184 1421 quae
208 1336 368 1402 sententia
386 1335 502 1401 Nerati
525 1337 632 1421 fuerit,
656 1341 706 1403 est
728 1338 813 1402 libro
833 1337 849 1402 Ι
868 1337 1113 1423 Responsorum

102 1426 249 1491 relatum.

190 1516 266 1578 Cum
291 1518 473 1595 Papinianus
500 1519 723 1595 Responsorum
749 1519 827 1580 libro
857 1521 953 1597 primo
978 1515 1028 1604 (P.
1048 1525 1112 1585 387

101 1599 226 1688 —407)
252 1625 312 1666 non
334 1606 370 1666 de
393 1607 516 1685 legatis,
544 1608 597 1667 sed
619 1607 686 1667 aliis
710 1608 857 1668 derebus
882 1612 966 1688 agat,
994 1611 1114 1672 Neratii

100 1696 178 1755 liber
200 1696 384 1772 designatur.

188 1799 218 1861 2.
241 1796 316 1862 Vat.
335 1797 374 1862 fr.
390 1798 430 1861 79
453 1794 541 1881 (Uip.
561 1797 582 1861 l.
600 1795 696 1862 XVII
719 1796 759 1861 ad
783 1795 859 1862 Sab.
881 1796 916 1864 P.
931 1797 1045 1888 2564).
1069 1838 1113 1850 -

100 1885 254 1950 Neratius
273 1889 368 1970 putat
391 1907 516 1951 cessare
539 1885 590 1951 ius
609 1884 812 1951 adcrescendi
831 1886 914 1951 libro
933 1887 950 1952 I
968 1887 1112 1974 Respon-

99 1996 362 2144 somndiequuntur
379 2068 464 2127 haee:
484 2062 581 2127 ‘cuius
599 2067 765 2128 sententiae
784 2069 923 2146 congruit
936 2071 1015 2131 ratio
1031 2070 1111 2132 Celsi

100 2156 226 2217 dicentis
249 2157 360 2217 totiens
383 2156 431 2215 ius
454 2157 644 2216 adcrescendi
666 2174 744 2231 esse,
770 2156 908 2234 quotiens
931 2157 962 2217 in
985 2160 1110 2237 duobus,

100 2246 151 2323 qui
176 2246 303 2306 solidum
325 2245 510 2319 habuerunt,
533 2264 678 2305 concursu
701 2244 815 2305 divisus
838 2239 903 2305 est'.

187 2335 223 2393 cf.
245 2334 282 2392 D.
298 2338 326 2412 7,
342 2335 371 2412 2,
385 2335 458 2408 3pr.

187 2436 216 2500 3.
241 2435 279 2499 D.
296 2435 323 2516 7,
340 2434 368 2515 1,
382 2435 425 2499 33
433 2456 480 2517 pr.
517 2434 712 2517 Papinianus
731 2434 815 2500 libro
829 2434 969 2518 septimo
984 2436 1109 2503 decimo

99 2521 330 2598 Quaestionum
361 2520 410 2609 (P.
432 2521 523 2606 254).
550 2559 592 2569 —
625 2521 660 2587 Si
691 2521 777 2587 Titio
809 2522 949 2608 fructus,
982 2523 1109 2592 Maeuio

97 2612 280 2697 proprietas
307 2611 417 2696 legata
440 2611 484 2676 sit
507 2616 539 2676 et
560 2612 635 2676 vivo
658 2615 815 2676 testatore
838 2611 942 2677 Titius
967 2613 1109 2699 decedat,

97 2700 179 2764 nihil
204 2700 288 2784 apud
312 2701 466 2784 scriptum
489 2699 639 2764 heredem
661 2700 869 2784 relinquetur.
902 2704 935 2765 et
953 2701 987 2765 id
1005 2701 1107 2770 Nera·

96 2788 162 2852 tius
187 2810 312 2872 quoque
335 2788 510 2871 respondit.

185 2881 314 2942 Videtur
336 2882 539 2959 fragmentum
561 2882 630 2940 huie
653 2882 730 2941 libro
755 2874 989 2943 attribuendum.

441 3052 491 3119 De
512 3054 761 3135 fideicommissis.

184 3161 214 3224 4.
243 3160 281 3224 D.
296 3159 348 3242 35,
364 3161 393 3243 1,
407 3161 460 3241 43,
475 3161 505 3225 3.
549 3158 668 3224 Paulus
697 3160 782 3225 libro
808 3165 923 3226 octavo
947 3161 988 3226 ad
1011 3164 1105 3231 Plau·

95 3249 176 3313 tium
197 3247 247 3336 (P.
265 3246 375 3333 1156).
392 3285 428 3294 —
451 3246 604 3313 Neratius
626 3248 710 3313 libro
733 3248 838 3332 primo
861 3249 1105 3334 Responsorum

96 3338 222 3422 scribit,
250 3359 289 3402 ex
317 3337 440 3401 duobus
465 3338 593 3419 scriptis
616 3336 788 3402 heredibus
812 3339 839 3402 si
862 3359 946 3404 unus
969 3347 1104 3427 rogatus

97 3428 140 3492 sit
158 3426 220 3491 tibi
233 3425 446 3490 hereditatem
460 3427 640 3508 restituere,
653 3429 689 3490 tu
705 3425 791 3492 Titio
806 3429 928 3492 certam
943 3450 1104 3496 summam

96 3515 184 3599 dare,
209 3519 241 3579 et
264 3513 418 3579 beneficio
442 3513 523 3599 legis
547 3512 708 3578 Falcidiae
731 3515 765 3579 in
788 3515 987 3584 restituendo
1011 3519 1104 3586 heres
