2430 3944
156 163 220 228 162
235 161 284 220 ΙΙΙ.
294 160 371 219 ann
380 160 527 218 CLAUDII
536 159 673 216 NERON.
684 158 830 216 GALBAE
841 159 948 216 TEMP.
957 158 1056 216 IURIS
1067 159 1141 217 0οΝ
1142 161 1168 220 S.

475 384 523 442 De
543 385 576 443 in
597 399 659 442 rem
682 383 849 443 adtonitam

244 503 296 569 96.
329 502 448 581 Gai4,
469 501 541 568 114.
568 537 613 547 -
641 499 796 585 Superest
821 503 859 565 ut
885 486 1112 584 dispiciamus,
1142 504 1169 569 si

154 595 229 657 ante
252 614 320 657 rem
342 591 518 656 iudicatam
540 591 569 654 is
592 610 665 654 cum
686 611 749 674 quo
769 590 886 675 agitur,
909 593 985 673 post
1003 595 1169 675 acceptum

155 681 307 746 iudicium
322 678 503 745 satisfaciat
518 678 629 761 actori,
646 678 722 761 quid
737 678 845 743 officio
860 678 974 744 iudicis
989 681 1170 766 conveniat,

154 774 265 835 utrum
289 769 457 834 absolvere
481 789 522 832 an
545 766 616 831 ideo
640 767 749 851 potius
771 766 939 853 damnare,
961 767 1037 851 quia
1059 766 1170 835 iudicii

155 857 333 942 accipiendi
366 861 511 940 tempore
543 855 578 919 in
610 877 648 920 ea
680 877 777 921 eausa
808 855 919 940 fuerit,
955 859 993 921 ut
1024 856 1170 923 damnari

156 947 281 1015 debeat,
335 947 441 1010 nostri
476 950 703 1029 praeceptores
741 944 907 1009 absolvere
944 966 1017 1011 eum
1055 945 1169 1012 debere

156 1035 359 1119 existimant,
391 1055 450 1099 nec
478 1033 632 1097 interesse
660 1033 750 1098 cuius
780 1033 908 1116 generis
937 1033 981 1097 sit
1007 1033 1170 1100 iudicium

156 1128 190 1190 et
207 1124 270 1189 hoc
288 1126 346 1203 est,
365 1122 450 1206 quod
469 1122 567 1206 vulgo
587 1120 704 1186 dicitur
722 1118 843 1187 Sabino
863 1125 896 1186 et
910 1119 1024 1187 Cassio
1042 1123 1170 1206 placere

155 1213 265 1278 omnia
306 1209 424 1275 iudicia
469 1210 670 1275 absolutoria
706 1231 785 1276 erse.
837 1207 1005 1294 <diversae
1042 1212 1171 1278 scholae

156 1300 343 1366 auctoribus
367 1299 405 1363 de
429 1298 535 1363 stricti
556 1298 637 1363 iuris
659 1298 786 1363 iudiciis
810 1304 923 1363 contra
944 1299 1106 1386 placuit‚>
1134 1299 1171 1366 de

156 1390 262 1455 bonae
285 1388 359 1453 fidei
382 1386 509 1452 iudiciis
533 1392 641 1452 autem
663 1387 749 1451 idem
773 1388 926 1468 sentiunt,
950 1388 1027 1473 quia
1048 1389 1086 1453 in
1105 1389 1172 1455 eius

156 1477 245 1542 modi
267 1475 394 1541 iudiciis
416 1476 555 1540 liberum
578 1479 627 1539 est
646 1475 788 1541 officium
808 1476 933 1542 indicis.
968 1477 1173 1543 tantumdem

157 1570 191 1630 et
209 1566 247 1630 de
266 1566 301 1629 in
318 1586 386 1629 rem
406 1564 590 1665 actionibus
606 1567 734 1649 putant,
753 1564 829 1648 quia
843 1563 1025 1644 <formulae
1044 1567 1172 1651 verb>is

157 1652 1173 1826 tetihtttbt‘clt,dsstt’ltltdtlmffldffl

247 1832 299 1896 97.
326 1829 366 1895 D.
380 1829 411 1911 5,
425 1830 455 1911 3,
471 1830 570 1913 llpr.
615 1828 777 1913 Ulpianus
804 1830 889 1896 libro
913 1830 1026 1914 quinto
1051 1831 1173 1898 decimo

158 1919 199 1985 ad
222 1918 361 1984 edictum
381 1916 429 2004 (Ρ.
441 1915 531 2004 509).
550 1955 592 1965 -
611 1917 674 1983 Pro
693 1918 809 1984 herede
827 1920 981 2003 possidet,
1005 1919 1063 2003 qui
1081 1923 1175 2006 putat

158 2030 193 2073 se
220 2007 371 2073 heredem
398 2029 477 2073 esse.
524 2006 580 2071 sed
608 2029 650 2072 an
676 2011 710 2071 et
731 2007 774 2091 is,
803 2009 858 2092 qui
881 2009 942 2073 scit
965 2028 999 2072 se
1023 2009 1176 2082 heredem

157 2119 223 2162 non
246 2118 325 2180 esse,
343 2119 403 2181 pro
422 2095 539 2160 herede
557 2095 730 2179 possideat,
754 2095 926 2179 quaeritur.
964 2100 996 2160 et
1014 2095 1175 2164 Arrianus

158 2185 242 2250 libro
267 2185 406 2250 secundo
430 2184 468 2248 de
487 2183 672 2248 Interdictis
695 2187 791 2267 putat
802 2185 921 2269 «teneri,
944 2206 1008 2268 quo
1026 2187 1097 2251 iure
1116 2208 1176 2252 nos

157 2274 207 2339 nti
228 2273 383 2339 Proculus
407 2273 526 2338 scribit.

160 2361 368 2535 ,aihta
383 2361 585 2514 heliu
605 2357 1048 2536 (113¹.⁰l¹50l⁰·-Ptt¹,2?l0lb?f'
1059 2385 1177 2537 alth

159 2539 256 2603 debet
282 2541 393 2623 utique
421 2542 453 2602 et
481 2539 549 2603 litis
578 2541 778 2604 contestatae
804 2543 951 2622 tempore
979 2542 1011 2604 et
1037 2561 1178 2624 queres

160 2627 321 2693 indicatur
411 2628 439 2691 si
462 2627 530 2692 litis
554 2631 755 2692 contestatae
773 2631 917 2711 tempore
936 2649 1001 2694 non
1020 2630 1177 2713 possedit,

161 2737 224 2800 quo
257 2719 366 2780 antem
395 2714 556 2780 iudicatur
581 2716 741 2801 possidet,
771 2715 940 2800 probanda
967 2721 1018 2781 eat
1044 2716 1178 2785 Proculi

162 2804 337 2889 sententia,
360 2807 398 2868 nt
421 2805 605 2870 omnimodo
629 2804 866 2874 condemnetur.

250 2893 302 2958 99.
330 2893 369 2957 D.
384 2894 413 2976 6,
431 2894 459 2972 1,
473 2895 525 2977 27,
539 2893 570 2958 5.
614 2893 705 2958 Idem
729 2893 786 2976 (sc.
804 2890 938 2979 Paulus)
961 2893 1045 2959 libro
1069 2895 1177 2961 vicen·

162 2982 244 3047 simo
272 2983 377 3065 primo
405 2982 446 3048 ad
474 2982 612 3047 edictum
636 2981 685 3069 (P.
700 2979 789 3070 336).
816 3019 853 3028 -
879 2981 917 3046 In
945 3004 1014 3071 rem
1038 2985 1178 3067 petitam

163 3071 192 3141 si
213 3092 381 3154 possessor
406 3075 480 3135 ante
500 3070 590 3135 litem
609 3074 824 3136 contestatam
843 3074 990 3155 sumptus
1009 3071 1096 3156 fecit,
1119 3095 1179 3158 per

162 3158 231 3224 doli
260 3159 337 3223 mali
365 3159 587 3244 exceptionem
615 3161 698 3226 ratio
728 3181 839 3225 eorum
866 3159 977 3224 haberi
1005 3159 1116 3246 debet,
1149 3162 1178 3227 si

162 3250 347 3331 perseveret
370 3252 460 3312 actor
482 3252 592 3333 petere
614 3270 683 3312 rem
706 3271 798 3313 snam
821 3270 886 3313 non
908 3248 1042 3314 redditis
1067 3271 1180 3334 sump-

162 3338 259 3402 tibus.
304 3336 389 3400 idem
417 3339 467 3400 est
495 3336 605 3419 etiam,
633 3338 661 3402 si
687 3337 796 3402 noxali
823 3336 940 3402 iudicio
970 3359 1100 3403 servum
1124 3338 1176 3404 de·

164 3425 266 3490 fendit
295 3429 327 3489 et
355 3425 525 3490 damnatus
552 3425 716 3508 praestitit
743 3427 927 3510 pecuniam,
955 3429 1012 3490 aut
1039 3427 1072 3492 in
1102 3449 1178 3493 area

163 3537 246 3599 quae
281 3513 343 3579 fuit
378 3514 525 3598 petitoris
559 3536 617 3598 per
649 3535 788 3580 errorem
820 3515 961 3580 insulam
996 3516 1178 3582 aedificarit
