2430 3944
141 189 206 253 330
242 190 275 244 V.
294 188 444 246 NERVAE
464 188 512 243 ΕΤ
530 187 682 244 Tnnmnr
700 188 808 244 ΤΕΜΡ.
827 187 923 244 IURIS
943 188 1125 246 CONSULTI

548 393 657 453 Liber
679 392 748 452 VII.

368 512 556 596 Lepotorum
577 513 799 577 servandorum
821 532 927 578 cauea.

227 621 279 688 55.
303 620 342 685 D.
357 620 410 704 36,
423 620 454 704 3,
470 620 520 685 13.
557 618 710 684 Neratius
729 618 813 683 libro
834 619 972 703 septimo
992 619 1152 686 Membra·

138 733 263 776 narum.
290 745 328 757 -
353 707 395 773 Ei
424 730 568 810 quoque&
592 708 643 809 oui
671 707 854 810 legatorum
882 709 966 773 aetio
995 709 1154 775 daturin

137 800 766 971 thttttfffttgtttmmsttht
779 797 1154 972 {tsttttttttttt

137 980 172 1043 in
186 976 426 1061 possessionem
439 975 623 1059 legatorum
638 975 870 1039 servandorum
885 996 982 1040 eausa
992 976 1151 1060 mittitur3

136 1089 212 1132 nam
230 1066 311 1130 haeo
333 1085 460 1149 quoque
478 1066 609 1147 praetor
626 1061 761 1147 perinde
778 1063 868 1127 salva
883 1085 952 1128 esse
966 1065 1038 1129 vult
1054 1069 1151 1150 atque

136 1177 174 1220 ea
198 1175 279 1239 quae
302 1153 371 1218 iure
394 1152 484 1217 oivili
508 1152 675 1217 debentur.
716 1151 800 1217 idem
820 1149 966 1217 Aristoni
988 1154 1106 1237 placet.

424 1311 475 1377 De
495 1312 654 1378 oabmum
675 1311 865 1396 obte'potione.

224 1421 276 1486 56.
300 1417 340 1483 D.
358 1418 408 1501 15,
423 1418 453 1503 3,
470 1418 521 1484 18.
557 1417 712 1485 Neratius
731 1417 815 1482 libro
832 1418 971 1502 septimo
986 1418 1150 1486 Membra-

133 1532 325 1576 narum-
349 1505 502 1583 Quamvis
530 1508 565 1570 in
588 1528 659 1570 eam
683 1529 751 1570 rem
774 1529 833 1590 pro
858 1529 950 1574 servo
974 1531 1047 1574 meo
1070 1509 1150 1575 fide·

134 1598 279 1682 iussoris,
303 1617 385 1681 quae
407 1595 455 1660 ita
478 1599 647 1660 eontracta
669 1599 728 1678 est,
751 1598 789 1659 ut
811 1595 846 1659 in
865 1617 934 1660 rem
952 1619 1059 1663 meam
1077 1620 1150 1662 ver-

134 1691 271 1771 saretur,
292 1685 394 1750 veluti
418 1685 454 1766 si,
476 1706 549 1749 oum
573 1705 684 1749 servus
707 1684 907 1764 frumentum
930 1687 1062 1751 emisset
1083 1709 1149 1771 quo

133 1775 259 1842 familia
286 1775 438 1855 aleretur,
468 1773 629 1838 venditori
656 1771 811 1837 frumenti
834 1773 1044 1859 fideiussoris,
1072 1798 1148 1859 pro-

133 1867 206 1950 pius
231 1867 426 1944 esttamen,
454 1865 491 1926 ut
514 1861 553 1926 de
576 1861 702 1945 peoulio
727 1883 764 1926 eo
788 1862 933 1942 nomine,
956 1885 1025 1928 non
1048 1863 1087 1928 de
1111 1866 1147 1929 in

132 1976 201 2019 rem
224 1974 317 2017 verso
342 1972 438 2036 agere
461 1951 577 2034 possis,
599 1954 636 2014 ut
658 1949 752 2015 unius
774 1949 944 2015 dumtaxat
961 1952 995 2015 in
1015 1974 1146 2038 quoquo

133 2047 301 2108 contractu
334 2040 372 2104 de
404 2040 438 2103 in
469 2060 538 2103 rem
570 2060 663 2103 verso
692 2039 736 2102 sit
763 2040 863 2122 aetio,
895 2041 949 2124 qui
977 2040 1009 2104 id
1038 2042 1147 2125 ipsum

133 2131 268 2196 eredidit
292 2129 377 2215 quod
400 2129 434 2192 in
457 2149 525 2192 rem
549 2127 672 2193 domini
694 2148 824 2193 versum
848 2133 906 2192 est.

429 2287 479 2353 De
501 2287 677 2353 hereditatis
693 2288 846 2373 petitione.

219 2397 273 2462 57.
295 2396 334 2462 D.
345 2396 376 2477 5,
388 2396 418 2479 3,
428 2394 479 2476 13,
489 2395 519 2460 3.
548 2392 639 2457 Idem
658 2390 717 2480 (so.
731 2391 906 2479 Ulpianus)
924 2393 1009 2459 libro
1028 2396 1144 2479 quinto

131 2487 254 2551 decimo
278 2485 317 2549 ad
341 2485 480 2549 edietum
504 2481 553 2568 (P.
569 2479 658 2567 512).
682 2518 725 2542 -.-
749 2481 916 2566 (Neratius
939 2482 1023 2548 libro
1049 2490 1143 2550 sexto

130 2573 393 2638 Membranarum
412 2572 525 2636 scribit
544 2571 584 2635 ab
599 2571 714 2634 herede
728 2570 795 2655 peti
809 2570 1021 2636 hereditatem
1036 2595 1147 2657 posse,

131 2662 260 2728 etiamsi
282 2663 411 2746 ignoret
433 2683 492 2745 pro
516 2659 633 2724 herede
656 2659 709 2723 vel
727 2681 786 2743 pro
806 2681 994 2742 possessore
1014 2660 1146 2727 defune-

130 2756 200 2816 tum
228 2745 435 2835 possedisse)
480 2748 566 2813 idem
595 2769 664 2813 esse
691 2748 775 2812 libro
805 2749 943 2831 septimo
973 2749 1019 2813 ait
1043 2752 1143 2815 etiam

131 2841 159 2904 si
186 2840 314 2923 putavit
339 2839 432 2903 heres
461 2859 515 2903 eas
541 2858 591 2901 res
616 2858 655 2901 ex
677 2837 739 2901 hae
761 2835 941 2901 hereditate
965 2860 1035 2903 esse
1059 2860 1144 2922 quae

131 2929 193 2992 sibi
217 2928 324 2992 delata
348 2929 407 2991 est.

219 3016 271 3083 58.
295 3015 335 3080 D.
351 3015 381 3100 5,
395 3016 424 3098 3,
438 3012 491 3079 57.
532 3013 686 3079 Neratius
710 3014 794 3080 libro
819 3015 957 3099 septimo
980 3014 1143 3082 Membra-

129 3127 254 3170 narum.
286 3142 323 3150 —
354 3101 436 3169 (ium
469 3104 554 3167 idem
585 3102 719 3167 eandem
746 3103 959 3168 hereditatem
988 3103 1143 3170 adversus

130 3195 209 3260 duos
237 3193 380 3259 defendit
408 3198 441 3257 et
467 3191 640 3256 seeundum
664 3191 803 3256 alterum
827 3215 866 3257 ex
888 3193 940 3256 his
963 3193 1141 3259 iudicatum

130 3288 187 3365 est,
211 3284 322 3366 quaeri
341 3283 432 3362 solet,
450 3287 558 3344 utrum
578 3281 710 3363 perinde
730 3282 758 3344 ei
777 3279 989 3346 hereditatem
1009 3283 1140 3347 restitui

130 3375 294 3456 oporteat,
322 3374 419 3455 atque
447 3374 625 3454 oporteret,
653 3370 681 3433 si
705 3368 860 3434 adversus
884 3369 986 3435 alium
1009 3370 1143 3436 defensa

128 3483 195 3527 non
217 3464 316 3542 esset,
339 3468 376 3523 ut
395 3457 518 3523 seilicet
537 3458 564 3522 si
583 3479 659 3522 mox
678 3461 711 3521 et
730 3458 903 3522 seeundum
923 3459 1024 3523 alium
1042 3460 1141 3524 fuerit

128 3549 320 3632 iudicatum,
351 3547 538 3612 absolvatur
570 3547 597 3610 is
631 3567 703 3610 oum
734 3569 797 3631 quo
831 3550 938 3612 aetum
970 3553 1033 3629 est,
1066 3549 1141 3632 quia
