2430 3944
236 197 269 252 11.
290 198 531 254 INCERTORUM
550 198 779 253 SENTENTIAE
800 199 847 254 ET
866 199 972 256 LIBRI.
1047 201 1112 264 523

390 378 441 444 De
462 380 613 463 emptione
635 381 814 445 venditione.

452 510 499 568 De
520 511 612 582 fnndo
634 511 756 569 vendite.

185 620 237 685 21.
282 618 322 685 D.
348 621 399 704 19,
425 622 456 699 1,
481 620 531 685 39.
578 619 779 684 Modestinus
802 619 886 685 libro
911 619 1024 705 quinto
1049 621 1111 685 Re-

94 730 301 793 sponsorum.
317 745 358 754 —
374 760 381 773 .
397 710 518 774 ..iuris
538 711 683 774 nociores
698 708 940 791 responderunt,
960 710 987 772 si
1003 713 1109 774 certus

93 797 246 861 venditor
274 798 466 881 quibusdam
493 798 642 881 personis
666 800 769 863 certas
798 797 969 862 servitutes
994 797 1109 862 debere

92 908 160 951 non
196 887 418 951 admonuisset
455 890 647 971 emptorem,
683 909 721 951 ex
755 889 864 971 empto
901 907 975 951 eum
1007 887 1110 951 teneri

94 975 214 1039 deberi.

185 1064 237 1128 22.
269 1063 308 1128 D.
329 1065 381 1148 18,
401 1066 429 1145 1,
448 1065 500 1129 60.
537 1063 710 1129 Marcellus
734 1064 818 1129 libro
843 1067 935 1129 sexto
959 1063 1111 1149 Digesto-

93 1174 178 1216 rum.
207 1189 246 1198 -
282 1149 559 1236 Comprehensum
592 1158 662 1218 erat
692 1153 766 1237 lege
799 1152 995 1217 venditionis
1024 1153 1111 1217 dolia

94 1241 266 1325 sexaginta
290 1242 428 1324 emptori
452 1263 629 1309 accessura.
675 1264 748 1307 cum
772 1246 881 1306 essent
906 1245 1048 1322 centum,
1076 1241 1112 1306 in

93 1329 272 1394 venditoris
287 1329 358 1394 fore
371 1332 534 1414 potestate
548 1353 740 1415 responsum
755 1335 805 1395 est
820 1352 900 1414 quae
916 1330 1012 1394 vellet
1026 1330 1110 1394 dere.

185 1428 238 1492 23.
284 1426 322 1491 D.
340 1428 391 1507 18,
410 1429 439 1512 6,
463 1429 493 1494 9.
539 1426 640 1493 Gaius
661 1429 745 1494 libro
766 1428 888 1493 decimo
909 1428 948 1492 ad
969 1427 1109 1492 edictum

93 1516 301 1600 provinciale.
329 1552 366 1563 —
393 1515 428 1581 Si
445 1521 518 1600 post
536 1518 715 1600 inspectum
735 1516 911 1602 praedium,
935 1519 1108 1601 antequem

94 1605 219 1688 emptio
248 1606 469 1687 contrahatur,
498 1606 629 1670 arbores
658 1611 754 1672 vento
783 1607 924 1670 deiectae
954 1610 1039 1689 sunt,
1068 1627 1110 1669 an

94 1693 158 1757 hae
191 1714 318 1778 quoque
341 1695 479 1778 emptori
503 1696 587 1758 tradi
617 1695 765 1778 debeant,
789 1694 963 1779 quaeritur.
1007 1699 1041 1760 et
1062 1716 1112 1758 re·

96 1803 252 1864 sponsum
282 1787 331 1847 est
359 1804 425 1847 non
454 1782 572 1863 deberi,
603 1784 680 1867 quia
704 1806 758 1848 eas
786 1805 852 1847 non
880 1783 1008 1867 emerit,
1036 1804 1109 1847 cum

94 1873 170 1934 ante
199 1893 297 1954 quam
324 1871 457 1936 fundum
486 1872 600 1935 emerit
628 1872 783 1937 desierint
812 1871 905 1934 fundi
928 1893 1006 1936 esse.
1053 1872 1108 1935 sed

95 1960 124 2023 si
157 1959 323 2044 ignoravit
355 1965 483 2043 emptor
516 1960 657 2025 deiectas
687 1983 756 2026 esse
785 1961 927 2041 arbores,
960 1960 1110 2024 venditor

94 2051 205 2112 autem
230 2049 292 2112 scit
319 2071 378 2112 nec
403 2048 577 2132 admonuit,
606 2050 721 2133 quanti
746 2047 901 2132 emptoris
925 2047 1111 2111 interfuerit

92 2158 164 2200 rem
187 2137 420 2201 aestimandam
444 2159 522 2221 esse,
547 2138 693 2203 simodo
718 2139 815 2203 venit.

305 2311 352 2370 De
373 2313 473 2385 (rnnn
494 2312 588 2371 oliooe
605 2315 761 2386 pendentis
782 2312 904 2370 vendito.

184 2422 235 2486 24.
284 2421 320 2485 Ι).
356 2422 600 2505 18.1,39,1.
645 2421 790 2488 Iulianus
813 2421 897 2485 libro
922 2420 1035 2504 quinto
1058 2420 1110 2484 de·

93 2511 180 2574 cimo
204 2510 424 2596 Digestorum.
443 2547 486 2556 —
506 2509 690 2575 Verisimile
715 2513 764 2575 est
787 2531 869 2588 eum,
893 2509 949 2594 qui
968 2509 1109 2574 fructum

93 2600 201 2664 olivae
229 2599 399 2682 pendentis
428 2598 624 2663 vendidisset
652 2605 684 2664 et
712 2599 886 2682 stipulatus
915 2603 965 2662 eet
999 2597 1109 2663 decem

93 2687 204 2771 pondo
228 2688 290 2751 olei
315 2686 400 2771 quod
423 2691 537 2752 natum
562 2691 657 2770 esset,
680 2690 820 2772 pretium
841 2687 1048 2753 constituisse
1067 2710 1106 2752 ex

94 2799 134 2841 eo
159 2776 245 2861 quod
269 2782 383 2840 netum
408 2781 493 2841 esset
515 2798 617 2860 usque
642 2777 681 2841 ad
706 2777 815 2841 decem
833 2776 942 2860 pondo
962 2775 1038 2861 olei,
1063 2776 1107 2840 id·

94 2867 181 2930 eirco
205 2865 284 2930 solis
309 2866 452 2949 quinque
482 2866 625 2931 collectis
653 2889 719 2930 non
744 2866 883 2948 amplius
908 2885 977 2930 enon
999 2869 1108 2947 petere

93 2953 206 3038 posse¹
232 2976 327 3038 quam
352 2956 492 3039 quinque
513 2953 622 3038 pondo
647 2954 719 3038 olei,
739 2975 819 3040 quae
839 2954 974 3019 collecta
993 2957 1109 3034 essent,

94 3066 114 3107 a
137 3042 302 3127 plerisque
325 3064 519 3127 responsum
543 3046 601 3108 est.

413 3217 460 3276 De
482 3219 557 3276 bonu
579 3218 637 3289 dole
660 3221 793 3290 emptore.

186 3326 237 3390 25.
284 3325 322 3390 D.
352 3325 405 3409 41,
432 3327 462 3405 4,
492 3328 519 3391 8.
566 3325 656 3390 Idem
685 3324 742 3412 (sc.
766 3321 927 3409 Iulianus)
951 3324 1036 3388 libro
1061 3346 1110 3389 se-

95 3415 200 3480 eundo
225 3437 264 3479 ex
286 3415 427 3480 Minicio.
458 3451 496 3460 -
527 3412 561 3479 si
585 3415 670 3501 quis,
697 3437 767 3479 cum
792 3415 887 3478 sciret
908 3412 1109 3478 venditorem

168 3578 183 3625 1
204 3572 250 3627 Fi.
270 3574 379 3642 emptor
397 3575 492 3642 petere
511 3573 613 3642 potest.
