2430 3944
338 191 363 240 4.
389 186 421 241 L.
440 185 622 242 NERATIUS
639 184 788 242 Perseus
1003 185 1069 251 329

55 350 131 415 dere
161 348 309 428 credidit,
336 348 424 414 filius
454 349 521 414 eius
550 371 619 415 esse
647 349 710 414 dici
738 350 856 433 coepit3
886 371 963 414 nam
992 351 1070 434 eius,

54 439 111 524 qui
143 437 296 523 adgnitus
329 441 380 502 est
415 438 455 502 ab
489 460 542 520 eo,
573 437 612 502 de
646 439 737 503 cuius
769 439 864 502 bonis
896 439 1071 523 quaeritur,

51 527 171 592 iustior
193 527 228 591 in
251 548 289 591 ea
312 548 347 591 re
371 548 469 592 causa
491 532 542 591 est
564 549 661 611 quam
684 528 838 610 postumi.

143 633 197 699 52.
221 632 260 698 D.
271 630 301 715 ὅ,
311 634 342 717 3,
357 634 409 715 13,
423 633 453 698 3.
490 632 580 697 Idem
594 633 653 719 (sc.
664 632 841 720 Ulpianus)
855 634 939 699 libro
954 635 1069 719 quinto

54 723 180 787 decimo
209 721 249 787 ad
277 723 418 786 edictum
441 718 493 808 (P.
511 718 601 809 512).
628 758 666 773 -
692 720 846 788 Neratius
869 722 953 788 libro
979 727 1071 788 sexto

54 810 320 877 Membranarum
337 810 452 876 scribit
466 811 507 875 ab
521 811 640 876 herede
654 812 722 895 peti
736 811 950 877 hereditatem
965 833 1071 896 posse,

55 899 186 1053 etiamsi
199 901 329 984 ignoret
342 921 401 984 pro
416 899 532 964 herede
546 898 598 1003 vel
612 921 673 983 pro
686 921 872 984 possessore
883 899 1071 966 defunctum

56 1010 154 1074 posse
176 1010 250 1053 isse.

279 1146 330 1214 De
351 1149 541 1230 adquirendo
562 1169 668 1214 rerum
689 1147 849 1215 dominio?

145 1263 198 1329 53.
227 1260 266 1329 D.
286 1263 339 1342 39,
358 1264 388 1347 2,
405 1262 459 1328 47.
504 1261 658 1328 Neratius
686 1263 771 1329 libro
798 1270 888 1329 sexto
912 1263 1072 1330 Membra-

55 1375 251 1418 narum-
283 1351 375 1428 Quod
404 1353 557 1417 conclave
585 1352 736 1416 binarum
765 1353 892 1419 aedium
921 1353 1073 1419 dominus

57 1463 97 1506 ex
116 1440 191 1506 aliis
211 1441 373 1506 aedibus
363 1463 399 1505 m
418 1441 556 1506 aliarum
574 1463 671 1506 usum
690 1442 859 1527 convertit,
881 1464 948 1507 non
967 1442 1073 1508 solum

58 1532 87 1595 si
115 1529 331 1616 contignatio,
360 1551 425 1613 qua
451 1529 484 1593 id
513 1529 739 1614 sustinebitur,
768 1531 849 1595 oriet
849 1553 888 1595 ur
915 1552 954 1595 ex
979 1536 1074 1615 parte

58 1640 168 1683 earum
189 1618 355 1702 aedium,
345 1641 379 1682 1n
399 1639 535 1702 quarum
553 1640 648 1683 usum
667 1640 857 1685 conversum
871 1620 942 1704 erit,
962 1641 1073 1685 earum

57 1707 129 1793 fiet,
158 1706 214 1771 sed
243 1708 342 1771 etiam
370 1707 398 1771 si
425 1709 613 1772 transversa
636 1707 838 1791 contignatio
861 1709 966 1773 tota
956 1731 992 1772 1n
1016 1709 1073 1774 ali-

58 1817 152 1862 arum
185 1795 312 1860 aedium
344 1794 525 1881 parietibus
559 1795 691 1860 sedebit.
745 1796 801 1860 sed
834 1801 868 1861 et
898 1796 1050 1862 Labeo
1040 1820 1075 1861 m

58 1884 154 1950 libris
183 1884 401 1969 posteriorum
430 1883 544 1948 scribit
572 1885 722 1948 binarum
751 1883 878 1949 aedium
906 1885 1074 1950 dominum

59 1973 207 2058 utrisque
235 1977 395 2057 porticum
425 1974 669 2056 superposuisse
696 1973 794 2057 inque
822 1994 894 2038 eam
923 1973 1012 2038 aditu
1036 1997 1075 2038 ex

59 2063 172 2128 alteris
205 2061 339 2126 aedibus
372 2062 448 2126 dato
481 2062 601 2126 alteras
632 2061 726 2126 aedes
754 2062 911 2127 servitute
939 2063 1075 2144 [oneris]

59 2151 205 2235 porticus
221 2151 396 2214 servandae
411 2150 566 2234 imposita
579 2149 776 2215 vendidisse:
792 2154 898 2215 totam
912 2151 1075 2235 porticum

62 2261 173 2304 earum
198 2239 325 2303 aedium
349 2260 419 2303 esse
443 2261 522 2323 quas
546 2239 741 2322 retinuisset,
765 2260 839 2304 cum
857 2260 916 2323 per
934 2239 1075 2324 longitu-

62 2329 173 2392 dinem
191 2328 360 2412 utriusque
380 2327 493 2392 domus
513 2331 646 2392 extensa
659 2326 859 2412 <suspensa>
873 2332 958 2392 essct
971 2333 1075 2393 trans-

61 2438 174 2482 versae
198 2415 443 2501 contignationi,
467 2438 549 2501 quac
568 2417 608 2481 ab
628 2420 766 2500 utraque
784 2420 878 2501 porte
896 2417 1075 2500 parietibus

62 2505 192 2588 domus,
220 2527 301 2590 quae
329 2506 485 2586 venisset,
513 2505 734 2571 sustineretur.
781 2527 840 2570 nec
868 2509 979 2570 tamen
1003 2527 1077 2571 con·

63 2615 201 2679 sequens
226 2601 284 2676 est,
306 2597 344 2658 ut
367 2593 514 2677 superior
536 2616 612 2679 pars
632 2594 779 2679 aedificii,
802 2616 883 2678 quae
902 2595 985 2658 nulli
1003 2615 1077 2659 con-

61 2684 174 2748 iuncte
201 2683 246 2746 sit
272 2703 376 2767 neque
404 2682 527 2746 aditum
556 2682 685 2747 aliunde
707 2682 837 2764 habeat,
869 2683 1001 2748 alterius
1025 2683 1078 2766 sit,

63 2793 162 2856 quam
186 2771 276 2836 cuius
300 2771 406 2871 estid
429 2771 480 2835 cui
503 2772 707 2855 superposita
730 2778 788 2839 est.

563 2963 581 3030 t

154 3081 207 3146 54.
240 3078 279 3144 D.
300 3081 328 3163 1,
347 3081 377 3158 3,
396 3082 448 3147 21.
498 3079 650 3146 Neratius
684 3081 767 3145 libro
797 3086 886 3147 sexto
915 3081 1078 3147 Membra-

64 3192 190 3236 narum.
211 3205 254 3215 -
273 3167 318 3233 Iht
335 3169 407 3234 ideo
426 3171 568 3235 rationes
588 3191 709 3254 eorum,
727 3192 809 3254 quae
828 3171 1079 3253 constituuntur,

64 3260 186 3344 inquiri
208 3280 273 3323 non
298 3261 440 3343 oportet;
465 3259 610 3342 alioquin
633 3259 737 3323 multa
761 3281 800 3324 ex
818 3259 869 3324 his
889 3281 971 3343 quse
991 3263 1080 3327 certa

66 3351 142 3413 sunt
166 3347 405 3412 subvertuntur.

156 3459 193 3520 cf.
207 3457 359 3518 Iulianum
374 3458 409 3517 D.
427 3462 455 3536 1,
471 3460 500 3530 3,
516 3460 567 3518 20.
586 3452 665 3519 ‘Non
681 3459 814 3519 omnium
828 3478 904 3536 quas
923 3477 941 3518 a
960 3458 1079 3519 maiori·

66 3548 122 3609 bus
146 3546 313 3607 constituta
336 3549 419 3623 sunt,
443 3547 521 3608 ratio
545 3547 631 3606 reddi
653 3543 776 3625 potcst'.
