2430 3944
424 182 449 232 r.
468 174 655 231 Paoeunns
978 180 1049 246 ‘145

64 335 188 402 uhausta
210 337 255 401 sit
279 359 350 402 mea
374 338 510 423 integra,
534 342 567 402 et
589 339 682 404 illam
705 339 912 407 vindicavero
937 340 995 429 (sa.
1010 347 1047 408 ut

64 423 208 511 aduram),
231 423 364 492 Cassius
388 427 631 498 confundendas
650 450 721 493 esse
739 432 851 512 partes
870 431 1045 517 existimat,

64 513 183 579 lroenlus
206 517 331 580 contra.
561 540 564 549 ’
592 569 593 573 ,

121 602 169 668 25.
197 602 243 681 D„
253 602 305 684 35,
320 605 350 687 2,
365 603 417 686 45,
434 606 461 670 1.
502 603 621 669 Paulus
644 605 728 670 libro
753 607 978 692 sexagensimo
1002 609 1041 673 ad

64 691 169 756 dictum
197 689 248 778 (Ρ.
269 689 357 778 724).
387 730 429 739 -
456 691 495 756 In
522 692 574 758 his
603 693 736 778 legatis,
771 716 852 778 quae
881 696 940 760 sub
969 719 1046 761 cou-

64 779 153 844 ieione
174 781 291 845 relicta
314 784 401 866 sunt,
429 780 585 846 Proculus
608 783 759 866 putabat,
782 804 855 847 oum
878 785 1047 868 quaeritur

64 865 162 953 [alege
185 867 342 952 Falcidia,
365 873 492 935 tantum
516 891 586 935 esse
605 871 638 934 in
657 872 776 956 legato,
788 873 915 956 quanti
933 873 1044 937 venire
1075 903 1086 929 s

64 961 175 1043 assunt3
204 956 292 1041 qnod
320 958 348 1022 si
376 962 440 1042 est,
467 962 500 1024 et
522 953 670 1023 deductio
695 960 741 1024 sio
763 964 873 1043 potest
895 960 980 1042 fieri,
1008 965 1046 1026 ut

64 1048 154 1110 autum
182 1044 333 1110 videatur
361 1046 482 1126 deberi,
511 1047 625 1140 quanti
652 1069 770 1113 nomen
794 1048 902 1113 venire
925 1052 1043 1132 potest.

366 1211 414 1270 De
433 1213 590 1285 usufructu
611 1213 710 1287 leuato.

119 1313 169 1378 26.
193 1310 234 1375 D.
250 1312 279 1394 7,
290 1313 320 1394 8,
331 1312 382 1394 10,
391 1313 422 1377 2.
466 1311 628 1396 Ulpianus
651 1314 736 1378 libro
761 1315 898 1398 septimo
921 1314 1046 1379 decimo

64 1398 258 1465 ulSabinum
285 1396 332 1485 (P.
353 1397 466 1488 2576).
493 1438 535 1448 -
565 1450 599 1471 ..
627 1403 655 1466 si
684 1402 730 1468 sie
757 1395 888 1467 relictus
917 1404 960 1467 sit
988 1401 1046 1488 (se.

64 1510 107 1553 uns
136 1484 277 1575 fructus)
319 1488 379 1553 ‘illi
412 1489 525 1554 domus
558 1511 651 1556 usum
682 1489 839 1556 fruatum¹
873 1491 1044 1556 habitandi

64 1577 144 1662 ansa',
177 1581 288 1642 utrum
312 1577 553 1643 habitationem
581 1579 686 1644 solam
717 1601 759 1643 an
786 1601 862 1644 vero
891 1583 924 1644 et
950 1602 1044 1644 usum

64 1671 168 1731 metum
192 1666 322 1749 habeat,
351 1666 532 1732 videndum.
578 1671 611 1731 et
632 1664 808 1732 Proculus²
834 1671 867 1732 et
889 1667 1044 1733 Neratius

64 1759 143 1819 ritant
169 1755 275 1819 solam
299 1754 535 1821 habitationem
559 1755 720 1842 legatam

118 1845 169 1909 27.
202 1843 242 1908 Ι).
264 1844 293 1925 7,
314 1845 342 1925 1,
363 1843 403 1908 19
414 1867 461 1927 pr.
509 1844 708 1928 Pomponius
740 1844 824 1910 libro
858 1846 972 1929 quinto
1004 1846 1045 1909 ad

64 1929 182 1997 labinum
214 1929 264 2018 (P.
283 1930 374 2014 469).
401 1969 443 1979 -
471 1932 626 1998 Proculus
663 1936 759 2016 putat
795 1934 918 1997 insulae
952 1954 1046 1998 usum

64 2018 180 2086 uuum³
210 2041 307 2104 posse
335 2021 382 2085 ita
408 2023 523 2105 legari,
555 2026 592 2084 ut
618 2021 648 2085 ei
677 2022 815 2086 servitus
843 2022 1043 2105 imponatur,

64 2129 111 2191 puae
137 2110 234 2174 alteri
262 2108 388 2174 insulae
413 2109 626 2174 hereditariae
651 2111 819 2192 debeatur,
846 2109 909 2173 hoo
933 2110 1045 2175 modo:

64 2196 79 2258 si
99 2199 150 2263 ille
177 2198 292 2263 heredi
319 2220 391 2263 meo
419 2198 606 2280 promiserit
633 2221 690 2282 per
718 2220 752 2263 se
780 2220 845 2262 non
868 2198 952 2280 fore,
981 2220 1045 2282 quo

64 2283 126 2350 ltius
145 2309 184 2351 ea
204 2286 352 2351 aedificia
370 2286 537 2372 tollantur,
555 2291 626 2350 tum
645 2287 674 2351 ei
694 2309 805 2351 eorum
822 2287 1042 2351 aedificiorum

64 2393 123 2438 uum
156 2375 300 2439 fructum
336 2374 376 2438 do
413 2375 499 2458 lego'
536 2376 587 2439 vel
626 2375 684 2441 sio:
721 2374 861 2440 ‘aedium
898 2375 1041 2460 illarum,

64 2464 132 2541 lnoad
164 2463 278 2546 altius,
310 2484 407 2546 quam
439 2464 487 2526 uti
519 2487 604 2529 nuno
636 2471 724 2548 sunt,
757 2464 944 2529 aedificatae
972 2487 1038 2529 non

64 2556 135 2633 runt,
159 2553 208 2616 illi
233 2552 492 2617 usumfructum
516 2553 557 2617 do
581 2551 677 2636 lego?

119 2642 168 2707 28.
196 2639 237 2705 Ι).
253 2641 282 2719 7,
296 2639 327 2720 5,
341 2643 370 2707 3.
416 2639 574 2723 Ulpianus
602 2642 686 2706 libro
715 2644 827 2706 octavo
851 2640 975 2706 decimo
999 2641 1041 2705 ad

64 2725 184 2794 labinum
194 2726 377 2815 (P.2590¹’).
388 2766 430 2775 —
441 2729 520 2795 Post
534 2729 618 2814 quod
633 2726 827 2816 (sasenatus
841 2730 1042 2817 consultum)

64 2818 171 2883 iunium
204 2839 313 2882 rerum
344 2839 422 2882 usus
454 2818 576 2883 fructus
609 2819 712 2901 legari
745 2820 875 2901 poterit.
931 2841 973 2883 an
1007 2829 1041 2882 et

64 2906 218 2970 ominum?
255 2905 365 2972 Nerva
382 2907 525 2991 negavit3
544 2906 598 2971 sed
680 2904 811 2971 Cassius
832 2913 864 2970 et
880 2906 1037 2972 Proculus

65 2992 233 3073 xistimant,
255 3016 352 3076 posse
375 2995 488 3080 legari.
785 3068 791 3081 Ι

119 3083 170 3148 29.
202 3082 242 3146 Ι).
261 3083 291 3166 7,
305 3084 335 3165 9,
350 3084 426 3167 lpr.
475 3082 635 3167 Ulpianus
663 3085 746 3149 libro
777 3085 1043 3170 septuagensimo

64 3189 117 3236 ono
139 3172 180 3236 ad
203 3171 346 3236 edictum
367 3171 537 3258 (Ρ.1724).
557 3211 596 3219 -
618 3172 652 3238 Si
673 3195 751 3238 usus
771 3172 894 3238 fluetus
912 3175 1045 3238 nomine

64 3261 212 3325 etradita
240 3261 434 3325 satisdatum
461 3284 528 3326 non
556 3263 667 3345 fuerit,
694 3260 850 3327 Proculus
878 3262 924 3326 ait
949 3282 1045 3345 posse

107 3405 119 3452 1
138 3400 185 3455 Fr.
206 3417 274 3455 nans
292 3400 406 3455 fruetus.

107 3475 120 3522 2
138 3473 176 3526 sio
195 3473 355 3540 Stephanus
373 3473 410 3527 ad
428 3471 492 3525 Bas.
509 3477 551 3537 16,
565 3477 590 3541 8,
607 3476 649 3540 10,
672 3472 804 3526 ‘Priscus'
825 3470 892 3524 libri
909 3467 1008 3524 nostri.

108 3543 184 3597 3Fl.
203 3541 334 3597 insulam.
371 3545 518 3598 secuudum
539 3542 656 3598 &oecos
675 3545 851 3598 emendatum.
962 3551 964 3559 '

94 3636 181 3690 larium.
195 3642 318 3683 antehadr.
332 3643 383 3684 rell,
397 3642 431 3683 ed,
445 3643 544 3683 Bremer.
564 3642 599 3696 Π,
608 3645 626 3684 2.
854 3635 889 3687 ih
