2430 3944
351 161 377 210 6.
399 153 605 210 IAVOLENUS
624 153 780 211 PRISOUS.
1001 156 1069 220 465

66 319 160 402 iurit,
191 319 331 383 odiretur
361 339 452 382 ueeue
477 319 598 400 pupilli
628 318 791 397 hereditas,
823 339 893 384 oum
922 339 959 383 eo
987 320 1069 384 houa

66 408 168 472 missa
194 427 215 470 o
237 407 397 472 substituto
418 406 581 471 hereditate
603 408 646 471 ud
667 408 829 471 creditores
850 428 913 472 riou
933 410 1067 488 pertiue-

66 501 133 561 aut.
179 516 226 559 me
248 496 330 561 iliud
350 497 485 560 maxime
507 496 612 573 mouit,
637 497 720 577 quod
734 497 983 578 praeceptoribus
1005 499 1070 563 tuis

66 586 150 651 ‚mue
170 605 269 648 uuum
291 605 353 650 esse
376 588 595 649 testamentum.

141 672 325 755 Respondit:
353 675 433 755 quod
448 677 577 755 praetor
595 673 670 754 filio,
692 675 747 755 qui
764 694 786 738 a
797 679 935 755 poterua
952 674 1069 739 heredi·

66 768 114 827 ate
135 781 168 826 se
189 762 328 845 ahstiuet,
345 767 494 844 praestat,
516 782 555 825 ue
577 762 664 826 bouis
676 763 783 844 putris
800 763 866 827 eius
883 764 1015 828 omeditis
1033 765 1069 828 iu

67 872 121 915 um
143 852 222 914 aetio
241 852 338 934 detur,
360 849 446 933 <ut>‚
469 851 590 914 taureisi
601 855 710 933 postea
728 852 756 914 ei
773 851 924 916 hereditas
942 852 1070 934 obvenit,

66 939 251 1004 rediturihus
278 960 340 1004 uou
367 940 486 1023 reddat,
514 940 595 1003 idem
623 940 657 1003 iu
684 939 844 1004 uestitum
871 940 937 1021 filio
963 940 1070 1005 herede

66 1029 237 1093 meandum
268 1049 331 1092 uou
362 1033 417 1111 est,
449 1028 596 1109 quoniam
627 1027 689 1109 uui·
712 1029 827 1108 pudori
849 1029 1002 1111 parcitur,
1035 1034 1073 1093 ut

66 1118 155 1182 »otius
171 1117 276 1199 patris
297 1137 392 1198 quam
410 1117 475 1181 eius
493 1116 574 1180 boue
591 1121 727 1199 ueueaut,
749 1117 853 1199 itaque
871 1118 906 1181 iu
923 1118 966 1199 id,
988 1119 1074 1198 quod

66 1209 157 1271 vostea
178 1207 207 1269 ei
229 1206 355 1282 obresit,
377 1206 457 1269 aetio
475 1205 673 1270 eruditoribus
690 1206 866 1288 deueqmtm,
888 1206 963 1287 quia
981 1207 1016 1270 id
1032 1226 1071 1270 eu

66 1294 222 1359 odueutioio
257 1295 447 1376 adquisitam
482 1298 539 1372 est,
578 1314 641 1358 uou
675 1314 732 1374 per
764 1300 885 1375 putrem
922 1295 966 1358 od
1000 1315 1070 1359 eum

66 1383 194 1448 urveuit.
252 1388 286 1448 at
326 1403 396 1447 eum
432 1382 612 1448 substitutus
646 1383 711 1463 utto
748 1382 944 1448 hereditatem
980 1384 1071 1468 adiit,

66 1475 214 1552 pstquam
234 1471 378 1554 pupillus
400 1492 431 1535 se
447 1475 598 1553 pateruae
619 1472 776 1535 misouerit
796 1471 970 1555 hereditati,
998 1476 1071 1537 tuue

66 1561 204 1625 ereditas
226 1566 254 1624 et
269 1561 375 1642 patris
397 1564 426 1624 et
446 1559 507 1640 titii
526 1581 591 1623 uua
608 1565 652 1624 est
669 1564 699 1623 et
715 1561 750 1624 iu
768 1561 853 1624 omui
870 1581 940 1624 aere
958 1562 1070 1643 aliero,

66 1650 134 1731 ruod
160 1653 218 1712 aut
237 1649 343 1735 patris
364 1653 420 1712 out
440 1648 502 1731 ulti·
523 1648 630 1730 fuerit,
659 1650 753 1713 etium
775 1649 891 1713 iuuitus
913 1649 999 1715 heres
1022 1651 1071 1715 oh

66 1739 186 1820 ipatur,·
204 1743 233 1802 et
249 1738 505 1819 quemadmodum
524 1737 652 1801 hherum
670 1738 699 1801 ei
715 1757 778 1802 uou
796 1743 841 1802 est
853 1737 1070 1821 ohhiqatiouem

66 1825 292 1910 [hereditarium
317 1826 494 1910 recusare>‚
521 1830 557 1889 ut
581 1846 645 1889 uou
668 1827 855 1905 omuimodo,
882 1828 912 1891 si
933 1847 995 1891 uou
1019 1829 1069 1891 de·

66 1916 201 1998 orditur,
232 1916 333 1997 ipsius
363 1915 443 1980 houa
469 1919 609 1997 ueueout,
640 1915 687 1979 ita
713 1934 752 1978 ue
777 1935 921 1996 separare
945 1916 1070 1996 quidem

66 2023 105 2068 res
126 2005 263 2068 ohieuum
279 2005 384 2086 patris
406 2008 435 2068 et
455 2003 517 2084 utu
531 2004 657 2084 poterit;
680 2023 739 2084 quo
758 2023 832 2067 oosu
849 2002 1010 2087 ethoietur,
1032 2009 1069 2069 ut

66 2093 250 2157 ruditarihus
267 2093 303 2157 iu
320 2113 390 2156 eum
408 2093 486 2156 aetio
505 2093 578 2156 dori
595 2091 704 2157 debeat.
740 2092 869 2173 quodsi
886 2092 1069 2156 substitutus

66 2202 137 2246 ures
164 2181 357 2246 hereditatem
383 2202 447 2246 uou
472 2182 596 2263 adierit,
624 2180 823 2245 oreditoribus
839 2181 945 2261 patris
966 2181 1002 2244 iu
1025 2182 1068 2263 id,

66 2271 134 2335 mod
158 2271 300 2352 pupillus
331 2270 465 2351 reliquit,
498 2271 577 2334 aetio
604 2271 676 2333 dari
702 2289 765 2333 uou
792 2269 886 2347 dehet,
918 2269 1068 2350 quouiam

66 2379 146 2441 reque
175 2358 289 2440 pupilli
320 2359 399 2423 houa
429 2359 532 2423 oeuire
564 2359 668 2423 deheut
691 2362 820 2440 propter
851 2377 903 2422 aes
930 2359 1069 2422 ah'euum

66 2448 152 2512 utris
177 2468 272 2530 ueqrre
293 2447 330 2511 iu
352 2448 438 2512 bouis
458 2448 560 2528 patris
582 2447 728 2528 estquod
744 2446 888 2528 pupillus
910 2448 1068 2528 adquisiit.

466 2640 517 2706 De
539 2642 655 2724 hepatis.

142 2757 173 2821 2.
206 2755 244 2821 D.
263 2759 315 2840 31,
333 2757 387 2822 40.
436 2756 526 2820 Idem
554 2752 612 2844 (sc.
635 2753 822 2843 Iavolenus)
850 2756 934 2822 libro
961 2760 1067 2842 primo

66 2845 288 2930 hpistularum.
313 2882 353 2892 —
378 2844 416 2911 Si
438 2846 553 2911 duobus
575 2846 671 2910 seruis
688 2846 763 2910 meis
781 2846 884 2910 eadem
901 2866 950 2911 res
969 2848 1070 2929 teqota

66 2939 96 3000 st
108 2939 138 2999 et
150 2935 277 3000 atterius
288 2935 368 3000 serui
381 2937 505 2998 uomiue
518 2935 562 2999 od
573 2954 702 2998 meeum
710 2935 864 3015 pertimere
876 2936 956 3018 uoto,
972 2940 1069 3000 totum

66 3024 95 3088 ui
115 3043 165 3087 me
181 3024 355 3107 pertimebit,
377 3024 454 3105 quia
470 3028 594 3106 portem
616 3023 744 3088 atterius
762 3024 842 3088 serui
860 3044 917 3105 per
935 3025 1069 3088 atterum

66 3132 174 3177 ermom
196 3113 335 3195 adqmro,
353 3113 482 3194 periude
503 3133 540 3176 ae
560 3113 589 3177 si
612 3132 676 3176 meo
698 3113 872 3177 etahterius
889 3134 973 3177 seruo
991 3117 1070 3177 esset

66 3205 196 3285 eqatum.

218 3334 221 3338 ·
351 3307 401 3372 De
423 3308 571 3390 emptioue
592 3308 769 3373 reuditioue.

145 3424 175 3487 3.
207 3421 368 3508 D.41‚3‚
388 3423 438 3488 19.
487 3422 659 3487 Iavolenus
690 3421 774 3486 libro
802 3422 907 3504 primo
936 3420 1067 3504 Epistu-

67 3533 170 3576 arum.
200 3548 238 3558 -
254 3511 306 3583 ,st
336 3512 489 3576 homiuem
520 3512 633 3595 emisti,
663 3515 711 3590 ut,
742 3512 770 3575 si
799 3511 909 3592 aliqua
936 3511 1078 3574 ooudio‘io

107 3623 206 3674 Iurispr.
219 3616 335 3666 summat,
348 3626 397 3666 1011.
412 3626 445 3667 ed.
460 3626 562 3668 Bremer.
585 3627 620 3681 11,
629 3629 649 3670 2.
832 3619 870 3668 30
