2430 3944
99 163 163 228 140
188 163 235 219 111.
247 162 322 218 GAII
332 161 624 218 GLAUDIINERON.
633 161 778 218 enisam
787 160 1003 219 rummeins
1012 160 1097 221 GONd

322 315 325 322 .
444 349 491 408 De
512 350 768 410 substitutionibus.

129 517 131 520 .
186 459 230 524 5?
267 458 337 525 Gai.
361 460 391 541 2,
415 460 487 525 178.
523 496 560 506 —
595 508 629 524 ..
663 456 786 524 Sabino
820 458 950 544 quidem
983 459 1094 543 placuit,

97 548 251 632 quamdiu
280 570 408 614 eernere
437 552 470 613 et
495 569 532 613 eo
556 548 653 613 modo
677 547 771 612 heres
795 547 865 612 fieri
888 547 994 632 possit
1015 546 1095 633 prior,

97 637 226 702 etiamsi
252 659 312 722 pro
339 637 456 701 herede
485 632 650 722 gesserit,⁸
664 658 731 701 non
753 640 863 700 tamen
887 635 1016 701 admitti
1037 635 1095 702 sub

98 726 264 810 st'tutum3
293 749 366 792 eum
393 746 469 790 vero
498 726 597 791 cretio
623 725 716 789 finita
739 726 796 810 sit,
823 727 902 789 tum'
916 747 976 809 pro
998 722 1095 790 heroda

97 820 229 901 gerente
254 815 382 879 admitti
406 814 627 889 substitutum.
669 814 740 878 aliis
768 834 845 878 vero
867 813 993 898 placuit
1014 814 1095 879 etiarn

99 907 271 988 superante
298 904 442 968 cretione
469 925 565 986 posse
595 925 667 967 eum
692 924 750 986 pro
774 902 892 966 herede
917 902 1051 987 gerendo
1069 901 1095 966 in

97 996 224 1076 partem
244 993 457 1058 substitutum
476 991 648 1056 admittere
667 994 699 1055 et
718 991 859 1074 amplius
879 991 920 1056 ad
939 991 1093 1056 cretionem

96 1082 214 1145 reverti
236 1101 302 1144 non
325 1102 429 1163 possa.

187 1171 216 1235 6.
250 1168 319 1234 Gai.
335 1170 366 1252 2,
382 1169 502 1252 179sq.
531 1204 570 1215 -
600 1168 725 1233 Liberis
752 1167 874 1233 nostris
903 1167 1094 1252 inpuberibns

98 1280 179 1343 quos
206 1258 241 1322 in
268 1261 432 1342 potestate
460 1258 617 1322 habemus
724 1256 920 1320 substituere
943 1274 1095 1340 possumus

96 1394 164 1431 ...‚
192 1350 229 1412 ut
257 1346 387 1410 etiamsi
414 1346 547 1411 heredes
576 1345 671 1411 nobis
694 1344 861 1409 extiterint
884 1348 917 1409 et
940 1345 1040 1410 adhue
1058 1345 1094 1408 in·

97 1435 234 1519 puberes
258 1435 379 1500 mortui
401 1435 531 1520 fuerint,
554 1435 598 1499 sit
620 1435 661 1498 iis
685 1433 804 1519 aliquis
827 1434 922 1499 heres
1016 1451 1094 1519 qnam

42 1527 45 1532 ’
97 1524 139 1589 ob
158 1545 225 1587 rem
246 1523 308 1589 duo
328 1523 567 1609 quodammodo
582 1527 658 1588 sunt
671 1526 878 1606 testamenta,
899 1523 987 1588 aliud
1000 1521 1095 1608 patris,

97 1611 184 1676 aliud
216 1612 289 1694 filii,
321 1615 486 1696 tamquam
519 1612 548 1677 si
581 1613 650 1695 ipse
682 1612 767 1678 filius
797 1611 862 1676 sibi
888 1611 1037 1676 heredem
1060 1609 1096 1674 in·

97 1700 257 1765 stituisset
280 1750 312 1765 ..

185 1812 305 1872 Proouli
326 1813 506 1872 sententiam
525 1811 636 1873 Gaium
653 1812 765 1871 referre
785 1810 899 1870 indicat
917 1809 1097 1885 D.4a‚5,28‚

96 1920 155 1980 quo
183 1903 249 1962 loeo
272 1901 298 1961 is
323 1901 375 1979 qui
397 1901 575 1962 Iavolenum
597 1900 740 1975 consulit,
768 1901 826 1959 ait:
855 1893 1097 1978 ‘praeceptoribus

96 1991 157 2050 tuis
184 1992 295 2068 planet,
323 2009 418 2048 unum
445 2007 510 2049 osse
533 1983 770 2049 testamentum’.
816 1987 853 2048 ef.
873 1986 929 2048 Gai
952 1989 1045 2050 verba
1065 2005 1097 2048 se

96 2080 221 2156 quentia
244 2073 310 2138 ‘aut
333 2081 413 2138 carte
436 2097 532 2137 unum
550 2080 597 2137 est
614 2079 832 2137 testamentum
851 2077 980 2136 duarum
999 2074 1097 2138 herodi·

197 2161 207 2190 ‚

96 2173 215 2229 tatum.
265 2257 312 2316 ne
335 2257 516 2329 aequum
538 2256 582 2314 aa
605 2244 759 2315 amaram
782 2255 944 2314 sanatae.

186 2368 229 2431 7³.
253 2365 322 2430 Gai.
331 2367 362 2449 2,
372 2366 422 2430 36.
435 2366 486 2430 37.
505 2401 548 2412 -
569 2365 779 2429 Testamento
802 2414 827 2430 ..
852 2364 993 2447 scriptus
1017 2366 1097 2429 heret

97 2459 172 2519 ante
196 2454 320 2518 aditam
344 2454 473 2538 quidem
495 2452 708 2518 hereditatem
726 2454 766 2516 in
787 2453 856 2517 iure
875 2452 1018 2518 cadendo
1042 2475 1097 2518 ean

98 2543 154 2606 alii
169 2543 253 2606 nihil
263 2543 345 2626 agit3
357 2545 472 2627 postea
482 2564 558 2606 vero
573 2564 670 2626 quam
682 2541 798 2606 adierit
814 2542 842 2606 si
858 2541 959 2625 aedat,
977 2563 1017 2606 ea
1032 2543 1097 2608 aooi

97 2632 188 2714 dunt,
201 2653 282 2715 quae
297 2631 443 2713 proxime
458 2631 598 2695 diximus
613 2631 652 2694 de
667 2653 705 2695 eo
720 2630 760 2694 ad
779 2651 875 2713 quem
895 2631 936 2694 ab
956 2630 1097 2696 intestat

97 2719 242 2802 legitimo
268 2720 337 2783 iure
360 2720 501 2802 pertinet
522 2719 699 2801 hereditas,
728 2719 756 2782 si
779 2721 855 2802 post
879 2719 1097 2803 obligationes

97 2807 175 2892 <in>
197 2809 265 2872 iure
289 2809 383 2873 aedat
401 2806 460 2895 (so.
480 2806 594 2873 ‘nihilo
615 2809 722 2872 minus
741 2808 810 2890 ipse
831 2806 927 2872 heres
945 2829 1097 2890 permane

97 2901 129 2961 et
157 2897 198 2962 ob
226 2897 260 2960 id
287 2897 501 2962 oreditoribus
529 2897 705 2978 tenebitur,
733 2896 844 2961 debita
872 2917 949 2961 vero
975 2919 1097 2981 pereun

97 3007 199 3070 eoque
223 2986 320 3051 modo
344 2985 505 3050 debitores
529 2985 715 3050 hereditarii
738 2987 863 3050 luorum
882 2985 1022 3070 faciunt3
1046 3008 1097 3051 eor

96 3095 178 3159 pora
204 3096 282 3139 varo
310 3074 379 3139 eius
406 3073 596 3140 hereditatis
623 3074 757 3158 proinde
780 3078 951 3139 transeunt
974 3074 1016 3138 ad
1040 3097 1097 3140 eun

96 3163 148 3228 oui
171 3183 262 3227 cessa
285 3166 335 3228 est
357 3163 528 3249 hereditas,
552 3185 589 3228 ao
612 3169 640 3228 si
663 3164 693 3226 ei
716 3162 846 3247 singula
868 3161 904 3226 in
926 3163 995 3227 iure
1021 3186 1097 3230 oess

96 3249 271 3338 fuissent').
316 3252 401 3316 idem
429 3255 462 3316 et
489 3251 528 3316 do
554 3252 743 3317 necessariis
769 3251 941 3316 heredibus
965 3252 1096 3318 diversa

97 3341 227 3406 subolae
252 3344 398 3407 auotores
422 3340 623 3424 existimant,
647 3340 732 3425 quod
756 3340 838 3404 nihil
863 3339 992 3405 videtur
1015 3342 1097 3407 inter

98 3450 178 3512 esse,
199 3434 309 3494 utrum
332 3429 494 3514 (aliquis)
519 3428 664 3494 adeundo
687 3428 905 3493 hereditatem
928 3430 987 3494 fiat
1010 3429 1097 3495 heres

98 3539 140 3582 an
162 3519 283 3584 invitus
307 3520 434 3584 existat.
