2430 3944
137 191 203 256 332
239 192 272 246 V.
292 191 442 247 NERVAE
462 191 509 247 ET
528 192 681 249 TRAIANI
699 192 805 249 TEMP.
825 191 921 249 IURJS
940 191 1121 247 CONSULTI

316 360 542 421 Incertorum
566 361 744 422 librorum
766 361 978 440 fragmenta.
1088 348 1089 351 ¹

459 479 508 546 Dc
530 481 629 563 operis
652 479 836 546 libertorum.

229 605 279 669 62.
302 602 342 667 Ι).
356 604 409 688 38,
426 607 454 682 1,
468 605 520 670 49.
558 603 658 669 Gaius
681 604 764 669 libro
787 605 947 690 singulari
966 605 1005 670 de
1024 605 1156 671 casibus

138 690 189 780 (P.
204 691 248 777 5).
275 728 313 739 -
338 692 486 759 Duorum
508 693 645 758 libertus
664 697 773 777 potest
791 694 899 778 aliquo
919 715 996 759 casu
1016 695 1156 779 singulis

139 781 283 845 diversas
307 803 422 866 operas
446 804 510 846 uno
535 787 681 866 tempore
703 782 737 846 in
762 782 902 847 solidum
926 782 1028 867 edere,
1052 782 1156 848 veluti

140 870 168 934 si
191 870 344 935 librarius
368 871 411 936 sit
433 874 467 935 et
490 870 547 935 alii
570 873 708 955 patrono
731 870 891 935 librorum
910 870 1158 945 scribendorum

140 979 255 1042 operas
279 959 368 1038 edat,
394 960 475 1024 alter
498 980 574 1025 vero
598 979 733 1043 peregre
756 981 829 1025 cum
854 960 921 1025 suis
944 959 1157 1044 proficiscens

140 1068 256 1131 operas
281 1047 447 1112 custodiae
471 1048 585 1113 domus
610 1049 638 1113 ei
661 1048 827 1132 indixerit,
850 1048 932 1113 nihil
952 1049 1038 1113 enim
1057 1051 1159 1132 vetat,

140 1136 216 1200 dum
235 1136 378 1201 custodit
399 1136 539 1221 domum,
557 1136 659 1201 libros
677 1137 825 1203 scribere.
846 1136 925 1203 -hoc
938 1138 986 1202 ita
1001 1136 1158 1202 Neratius

140 1225 234 1289 libris
258 1223 523 1290 Membranarum
546 1225 685 1308 scripsit.

505 1383 554 1450 De
575 1386 643 1450 iure
664 1385 791 1450 dottam.

231 1509 297 1595 635.
320 1508 359 1573 D.
379 1509 433 1590 24,
452 1510 482 1590 3,
504 1510 542 1572 17
551 1530 599 1592 pr.
641 1507 762 1573 Paulus
785 1508 868 1573 libro
888 1509 1026 1592 septimo
1046 1509 1087 1574 ad
1102 1508 1160 1575 Sa·

140 1598 254 1661 binum
267 1596 316 1680 (P.
326 1595 450 1681 17661‘).
468 1633 506 1644 -
524 1597 607 1663 ...si
622 1617 713 1662 socer
728 1619 766 1662 ex
780 1597 994 1681 promissione
1010 1600 1160 1664 amarito

142 1687 367 1771 conveniatur,
390 1685 475 1750 solet
498 1686 620 1770 quaeri,
644 1708 684 1749 an
708 1685 795 1750 idem
818 1685 847 1750 ei
866 1685 972 1751 honor
989 1688 1159 1753 habendus

142 1775 185 1839 sit
209 1773 267 1861 (so.
286 1778 323 1839 ut
346 1775 381 1838 in
400 1775 432 1838 id
453 1775 623 1839 damnetur
641 1775 726 1858 quod
750 1775 856 1840 facere
878 1771 1014 1862 potest).
1057 1774 1161 1841 Nera-

142 1864 207 1928 tius
239 1863 332 1928 libris
366 1861 628 1928 Membranarum
665 1867 698 1927 et
730 1861 885 1929 Proculus
919 1865 1064 1929 scribunt
1095 1866 1160 1931 hoc

141 1952 262 2016 iustum
286 1973 365 2017 esse.

233 2057 299 2124 63¹³.
323 2058 362 2123 D.
377 2059 430 2140 42,
446 2059 475 2144 1,
489 2058 542 2122 21.
579 2057 699 2122 Paulus
720 2058 804 2123 libro
825 2063 916 2124 sexto
936 2059 976 2123 ad
990 2058 1161 2125 Plautium

143 2146 191 2234 (P.
208 2145 334 2233 113112).
359 2183 400 2193 —
425 2144 537 2211 Sicut.
552 2196 560 2212 .
575 2168 648 2211 cum
672 2149 791 2212 marito
817 2147 935 2233 agitur,
958 2150 1005 2212 ita
1029 2154 1061 2212 et
1085 2171 1161 2214 cum

143 2259 264 2322 socero,
286 2242 323 2301 ut
345 2258 418 2301 non·
434 2237 521 2301 ultra
543 2235 717 2300 facultates
742 2235 920 2301 damnetur.
965 2259 1006 2300 an
1031 2237 1059 2301 si
1084 2259 1160 2302 cum

144 2347 254 2391 socero
280 2347 319 2389 ex
341 2325 555 2408 promissione
580 2324 664 2388 dotis
688 2327 812 2409 agatur,
836 2324 870 2388 in
894 2324 927 2389 id
947 2325 1031 2408 quod
1050 2324 1162 2392 facere

143 2419 266 2501 potest,
299 2412 498 2478 damnandus
531 2412 596 2477 sit?
647 2413 733 2495 quod
764 2411 890 2478 cridem1
920 2436 1057 2500 aequum
1087 2437 1162 2480 esse

145 2502 281 2567 videtur.
330 2501 384 2565 sed
409 2502 472 2566 alio
496 2501 564 2566 iure
588 2501 718 2586 utimur,
744 2505 780 2565 ut
803 2505 837 2566 et
859 2500 1012 2567 Neratius
1036 2504 1164 2571 scribit.

520 2659 571 2726 De
593 2661 784 2726 condictione.

235 2786 286 2850 64.
309 2784 349 2850 D.
366 2786 416 2865 12,
430 2786 461 2864 4,
476 2785 507 2868 3,
521 2785 550 2850 5.
587 2784 748 2868 Ulpianus
767 2784 854 2850 libro
873 2787 1050 2852 vicensimo
1065 2793 1162 2853 sexto

145 2874 186 2939 ad
209 2874 349 2938 edictum
369 2873 417 2958 (P.
433 2872 537 2957 stab).
564 2911 601 2927 *-
628 2871 662 2938 Si
681 2874 764 2938 liber
782 2873 891 2958 homo,
915 2876 970 2960 qui
990 2876 1075 2940 bona
1095 2876 1163 2942 fide

145 2963 317 3045 serviebat,
336 2963 416 3026 mihi
433 2963 602 3046 pecuniam
622 2962 753 3043 dederit,
772 2968 808 3028 ut
826 2985 900 3027 eum
919 2963 1163 3047 manumittam,

146 3058 179 3118 et
209 3051 330 3135 fecero,
361 3056 476 3134 postea
507 3051 589 3115 liber
621 3051 776 3134 probatus
810 3074 852 3116 an
882 3052 962 3116 mihi
990 3053 1161 3119 condicere

145 3141 258 3225 possit,
283 3139 455 3226 quaeritur.
497 3142 529 3202 et
547 3137 797 3205 Iulianus'libro
817 3141 988 3206 undecimo
1008 3140 1161 3227 Digesto·

145 3252 216 3295 rum
246 3228 360 3293 scribit
387 3231 569 3311 competere
593 3228 790 3293 manumisso
813 3228 1049 3313 repetitionem.
1096 3230 1160 3295 Ne-

145 3320 250 3383 ratius
274 3318 372 3384 etiam
393 3316 475 3381 libro
495 3316 523 3396 <.
538 3366 546 3381 .
562 3317 590 3397 .>
609 3316 872 3383 Membranarum
890 3317 991 3383 refert
1008 3319 1159 3385 Paridem

145 3408 382 3491 pantomimum
407 3426 426 3468 a
449 3404 594 3469 Domitia
616 3404 756 3470 Neronis
779 3406 848 3472 filia
871 3407 994 3486 decem,
1023 3430 1105 3492 quae
1129 3410 1160 3472 ei

219 3569 233 3616 1
255 3563 302 3617 Fl.
323 3563 351 3617 et
369 3561 406 3615 id.
