<?xml version="1.0" encoding="UTF-8"?>
<!DOCTYPE html PUBLIC "-//W3C//DTD XHTML 1.0 Transitional//EN"
    "http://www.w3.org/TR/xhtml1/DTD/xhtml1-transitional.dtd">
<html xmlns="http://www.w3.org/1999/xhtml" xml:lang="en" lang="en">
 <head>
  <title>
</title>
<meta http-equiv="Content-Type" content="text/html;charset=utf-8" />
  <meta name='ocr-system' content='tesseract 3.04.00' />
  <meta name='ocr-capabilities' content='ocr_page ocr_carea ocr_par ocr_line ocrx_word'/>
</head>
<body>
  <div class='ocr_page' id='page_1' title='image "./iurisprudentiae02bremgoog_0525.png"; bbox 0 0 2430 3944; ppageno 0'>
   <div class='ocr_carea' id='block_1_1' title="bbox 148 187 1133 257">
    <p class='ocr_par' dir='ltr' id='par_1_1' title="bbox 148 187 1133 257">
     <span class='ocr_line' id='line_1_1' title="bbox 148 187 1133 257; baseline -0.001 -13"><span class='ocrx_word' id='word_1_1' title='bbox 148 190 219 257; x_wconf 78' lang='grc'><strong>492</strong></span> <span class='ocrx_word' id='word_1_2' title='bbox 255 190 289 245; x_wconf 88' lang='lat' dir='ltr'><strong>V.</strong></span> <span class='ocrx_word' id='word_1_3' title='bbox 308 189 459 245; x_wconf 78' lang='lat' dir='ltr'><strong>NERVAE</strong></span> <span class='ocrx_word' id='word_1_4' title='bbox 476 189 525 243; x_wconf 85' lang='grc' dir='ltr'><strong>ΕΤ</strong></span> <span class='ocrx_word' id='word_1_5' title='bbox 541 188 693 244; x_wconf 66' lang='lat' dir='ltr'><strong>Turtam</strong></span> <span class='ocrx_word' id='word_1_6' title='bbox 710 187 818 243; x_wconf 69' lang='lat' dir='ltr'><strong>Tunc.</strong></span> <span class='ocrx_word' id='word_1_7' title='bbox 835 188 935 243; x_wconf 87' lang='lat' dir='ltr'>IURIS</span> <span class='ocrx_word' id='word_1_8' title='bbox 953 189 1133 245; x_wconf 54' lang='lat' dir='ltr'><strong>consulam</strong></span> 
     </span>
    </p>
   </div>
   <div class='ocr_carea' id='block_1_2' title="bbox 144 352 1160 615">
    <p class='ocr_par' dir='ltr' id='par_1_2' title="bbox 144 352 1160 615">
     <span class='ocr_line' id='line_1_2' title="bbox 150 352 1158 435; baseline 0 -16"><span class='ocrx_word' id='word_1_9' title='bbox 150 359 241 435; x_wconf 75' lang='lat' dir='ltr'><strong>tenet,</strong></span> <span class='ocrx_word' id='word_1_10' title='bbox 268 354 413 418; x_wconf 80' lang='lat' dir='ltr'><strong>dominus</strong></span> <span class='ocrx_word' id='word_1_11' title='bbox 439 353 573 418; x_wconf 73' lang='lat' dir='ltr'><strong>creditu</strong></span> <span class='ocrx_word' id='word_1_12' title='bbox 594 352 758 434; x_wconf 78' lang='lat' dir='ltr'><strong>possidere.</strong></span> <span class='ocrx_word' id='word_1_13' title='bbox 806 353 891 434; x_wconf 73' lang='lat' dir='ltr'><strong>quoa</strong></span> <span class='ocrx_word' id='word_1_14' title='bbox 914 374 986 418; x_wconf 81' lang='lat' dir='ltr'><strong>aero</strong></span> <span class='ocrx_word' id='word_1_15' title='bbox 1012 373 1052 418; x_wconf 77' lang='lat' dir='ltr'><strong>ea</strong></span> <span class='ocrx_word' id='word_1_16' title='bbox 1077 353 1158 418; x_wconf 70' lang='lat' dir='ltr'><strong>aab</strong></span> 
     </span>
     <span class='ocr_line' id='line_1_3' title="bbox 148 442 1160 525; baseline 0 -18"><span class='ocrx_word' id='word_1_17' title='bbox 148 444 232 525; x_wconf 64' lang='lat' dir='ltr'><strong>ficita</strong></span> <span class='ocrx_word' id='word_1_18' title='bbox 253 442 500 525; x_wconf 77' lang='lat' dir='ltr'><strong>adprehenditur,</strong></span> <span class='ocrx_word' id='word_1_19' title='bbox 522 443 558 505; x_wconf 82' lang='lat' dir='ltr'><strong>id</strong></span> <span class='ocrx_word' id='word_1_20' title='bbox 577 443 622 505; x_wconf 80' lang='lat' dir='ltr'><strong>ud</strong></span> <span class='ocrx_word' id='word_1_21' title='bbox 641 442 760 504; x_wconf 76' lang='lat' dir='ltr'><strong>cimini</strong></span> <span class='ocrx_word' id='word_1_22' title='bbox 776 443 1001 522; x_wconf 72' lang='lat' dir='ltr'><strong>possessiones»</strong></span> <span class='ocrx_word' id='word_1_23' title='bbox 1022 443 1160 507; x_wconf 74' lang='lat' dir='ltr'><strong>ideone»</strong></span> 
     </span>
     <span class='ocr_line' id='line_1_4' title="bbox 144 529 977 615; baseline -0.002 -19"><span class='ocrx_word' id='word_1_24' title='bbox 144 533 290 615; x_wconf 72' lang='lat' dir='ltr'><strong>portaret,</strong></span> <span class='ocrx_word' id='word_1_25' title='bbox 312 532 389 613; x_wconf 82' lang='lat' dir='ltr'><strong>quia</strong></span> <span class='ocrx_word' id='word_1_26' title='bbox 409 551 465 595; x_wconf 81' lang='lat' dir='ltr'><strong>neo</strong></span> <span class='ocrx_word' id='word_1_27' title='bbox 480 530 597 612; x_wconf 71' lang='lat' dir='ltr'><strong>prata·</strong></span> <span class='ocrx_word' id='word_1_28' title='bbox 618 549 747 595; x_wconf 72' lang='lat' dir='ltr'><strong>cascum</strong></span> <span class='ocrx_word' id='word_1_29' title='bbox 767 529 977 612; x_wconf 72' lang='lat' dir='ltr'><strong>adprdrardit.</strong></span> 
     </span>
    </p>
   </div>
   <div class='ocr_carea' id='block_1_3' title="bbox 346 755 973 833">
    <p class='ocr_par' dir='ltr' id='par_1_3' title="bbox 346 755 973 833">
     <span class='ocr_line' id='line_1_5' title="bbox 346 755 973 833; baseline 0.005 -19"><span class='ocrx_word' id='word_1_30' title='bbox 346 756 414 817; x_wconf 88' lang='lat' dir='ltr'><strong>VII.</strong></span> <span class='ocrx_word' id='word_1_31' title='bbox 445 756 615 815; x_wconf 80' lang='lat' dir='ltr'>Incertae</span> <span class='ocrx_word' id='word_1_32' title='bbox 638 755 734 814; x_wconf 84' lang='lat' dir='ltr'><strong>sedis</strong></span> <span class='ocrx_word' id='word_1_33' title='bbox 756 756 973 833; x_wconf 80' lang='lat' dir='ltr'><strong>fragmenta.</strong></span> 
     </span>
    </p>
   </div>
   <div class='ocr_carea' id='block_1_4' title="bbox 431 875 887 941">
    <p class='ocr_par' dir='ltr' id='par_1_4' title="bbox 431 875 887 941">
     <span class='ocr_line' id='line_1_6' title="bbox 431 875 887 941; baseline -0.002 0"><span class='ocrx_word' id='word_1_34' title='bbox 431 875 483 941; x_wconf 87' lang='lat' dir='ltr'><strong>De</strong></span> <span class='ocrx_word' id='word_1_35' title='bbox 503 875 661 939; x_wconf 73' lang='lat' dir='ltr'><strong>heredebus</strong></span> <span class='ocrx_word' id='word_1_36' title='bbox 683 876 887 940; x_wconf 74' lang='lat' dir='ltr'><strong>instibrmdis.</strong></span> 
     </span>
    </p>
   </div>
   <div class='ocr_carea' id='block_1_5' title="bbox 41 988 1160 1608">
    <p class='ocr_par' dir='ltr' id='par_1_5' title="bbox 41 988 1160 1608">
     <span class='ocr_line' id='line_1_7' title="bbox 243 988 1160 1075; baseline -0.002 -18"><span class='ocrx_word' id='word_1_37' title='bbox 243 994 271 1057; x_wconf 90' lang='lat'><strong>1.</strong></span> <span class='ocrx_word' id='word_1_38' title='bbox 303 989 343 1057; x_wconf 89' lang='lat' dir='ltr'><strong>D.</strong></span> <span class='ocrx_word' id='word_1_39' title='bbox 359 989 457 1074; x_wconf 68' lang='lat' dir='ltr'><strong>aab,</strong></span> <span class='ocrx_word' id='word_1_40' title='bbox 473 991 523 1054; x_wconf 92' lang='grc'><strong>19.</strong></span> <span class='ocrx_word' id='word_1_41' title='bbox 571 988 733 1073; x_wconf 82' lang='lat' dir='ltr'><strong>Ulpianus</strong></span> <span class='ocrx_word' id='word_1_42' title='bbox 765 990 849 1055; x_wconf 88' lang='lat' dir='ltr'><strong>libro</strong></span> <span class='ocrx_word' id='word_1_43' title='bbox 877 992 1019 1075; x_wconf 90' lang='lat' dir='ltr'><strong>septimo</strong></span> <span class='ocrx_word' id='word_1_44' title='bbox 1048 991 1089 1056; x_wconf 82' lang='lat' dir='ltr'><strong>sd</strong></span> <span class='ocrx_word' id='word_1_45' title='bbox 1115 989 1160 1055; x_wconf 84' lang='lat' dir='ltr'><strong>Sa-</strong></span> 
     </span>
     <span class='ocr_line' id='line_1_8' title="bbox 152 1077 1158 1162; baseline -0.002 -18"><span class='ocrx_word' id='word_1_46' title='bbox 152 1081 277 1145; x_wconf 90' lang='lat' dir='ltr'><strong>binum.</strong></span> <span class='ocrx_word' id='word_1_47' title='bbox 294 1117 340 1126; x_wconf 94' lang='lat'><em>-</em></span> <span class='ocrx_word' id='word_1_48' title='bbox 358 1079 409 1144; x_wconf 82' lang='lat' dir='ltr'><strong>Ex</strong></span> <span class='ocrx_word' id='word_1_49' title='bbox 427 1079 515 1143; x_wconf 87' lang='lat' dir='ltr'><strong>facto</strong></span> <span class='ocrx_word' id='word_1_50' title='bbox 529 1127 538 1141; x_wconf 93' lang='lat'><strong>.</strong></span> <span class='ocrx_word' id='word_1_51' title='bbox 551 1126 560 1142; x_wconf 88' lang='lat'><strong>.</strong></span> <span class='ocrx_word' id='word_1_52' title='bbox 574 1078 733 1162; x_wconf 83' lang='lat' dir='ltr'><strong>agitatum</strong></span> <span class='ocrx_word' id='word_1_53' title='bbox 748 1077 949 1162; x_wconf 88' lang='lat' dir='ltr'><strong>Pomponius</strong></span> <span class='ocrx_word' id='word_1_54' title='bbox 963 1085 999 1144; x_wconf 89' lang='lat' dir='ltr'><strong>et</strong></span> <span class='ocrx_word' id='word_1_55' title='bbox 1012 1079 1158 1145; x_wconf 85' lang='lat' dir='ltr'><strong>Arrianus</strong></span> 
     </span>
     <span class='ocr_line' id='line_1_9' title="bbox 152 1167 1159 1252; baseline -0.002 -19"><span class='ocrx_word' id='word_1_56' title='bbox 152 1169 315 1251; x_wconf 89' lang='lat' dir='ltr'><strong>referunt,</strong></span> <span class='ocrx_word' id='word_1_57' title='bbox 346 1170 373 1233; x_wconf 92' lang='lat' dir='ltr'><strong>si</strong></span> <span class='ocrx_word' id='word_1_58' title='bbox 406 1167 478 1252; x_wconf 91' lang='lat' dir='ltr'><strong>quis</strong></span> <span class='ocrx_word' id='word_1_59' title='bbox 509 1187 611 1230; x_wconf 86' lang='lat' dir='ltr'><strong>vacua</strong></span> <span class='ocrx_word' id='word_1_60' title='bbox 637 1171 732 1250; x_wconf 86' lang='lat' dir='ltr'><strong>parte</strong></span> <span class='ocrx_word' id='word_1_61' title='bbox 758 1168 873 1233; x_wconf 86' lang='lat' dir='ltr'><strong>relicta</strong></span> <span class='ocrx_word' id='word_1_62' title='bbox 900 1167 949 1232; x_wconf 88' lang='lat' dir='ltr'><strong>ita</strong></span> <span class='ocrx_word' id='word_1_63' title='bbox 976 1169 1159 1233; x_wconf 85' lang='lat' dir='ltr'><strong>instituerit:</strong></span> 
     </span>
     <span class='ocr_line' id='line_1_10' title="bbox 153 1255 1159 1340; baseline -0.003 -18"><span class='ocrx_word' id='word_1_64' title='bbox 153 1258 196 1322; x_wconf 78' lang='lat' dir='ltr'><strong>‘si</strong></span> <span class='ocrx_word' id='word_1_65' title='bbox 224 1258 306 1321; x_wconf 93' lang='lat' dir='ltr'><strong>mihi</strong></span> <span class='ocrx_word' id='word_1_66' title='bbox 329 1255 421 1322; x_wconf 84' lang='lat' dir='ltr'><strong>Seius</strong></span> <span class='ocrx_word' id='word_1_67' title='bbox 448 1255 543 1319; x_wconf 84' lang='lat' dir='ltr'><strong>heres</strong></span> <span class='ocrx_word' id='word_1_68' title='bbox 566 1277 632 1319; x_wconf 93' lang='lat' dir='ltr'><strong>non</strong></span> <span class='ocrx_word' id='word_1_69' title='bbox 657 1255 740 1337; x_wconf 82' lang='lat' dir='ltr'><strong>erit&#39;,</strong></span> <span class='ocrx_word' id='word_1_70' title='bbox 767 1278 862 1340; x_wconf 90' lang='lat' dir='ltr'><strong>quem</strong></span> <span class='ocrx_word' id='word_1_71' title='bbox 885 1278 952 1321; x_wconf 92' lang='lat' dir='ltr'><strong>non</strong></span> <span class='ocrx_word' id='word_1_72' title='bbox 974 1257 1159 1336; x_wconf 76' lang='lat' dir='ltr'><strong>instituerat,</strong></span> 
     </span>
     <span class='ocr_line' id='line_1_11' title="bbox 154 1343 1160 1429; baseline 0 -19"><span class='ocrx_word' id='word_1_73' title='bbox 154 1345 379 1429; x_wconf 79' lang='lat' dir='ltr'><strong>‘Sempronius</strong></span> <span class='ocrx_word' id='word_1_74' title='bbox 407 1345 500 1408; x_wconf 88' lang='lat' dir='ltr'><strong>heres</strong></span> <span class='ocrx_word' id='word_1_75' title='bbox 527 1343 621 1422; x_wconf 88' lang='lat' dir='ltr'><strong>esto’,</strong></span> <span class='ocrx_word' id='word_1_76' title='bbox 650 1365 691 1407; x_wconf 93' lang='lat' dir='ltr'><strong>an</strong></span> <span class='ocrx_word' id='word_1_77' title='bbox 718 1343 774 1409; x_wconf 88' lang='lat' dir='ltr'><strong>hic</strong></span> <span class='ocrx_word' id='word_1_78' title='bbox 801 1366 958 1429; x_wconf 83' lang='lat' dir='ltr'><strong>occuparo</strong></span> <span class='ocrx_word' id='word_1_79' title='bbox 987 1348 1093 1428; x_wconf 80' lang='lat' dir='ltr'><strong>possit</strong></span> <span class='ocrx_word' id='word_1_80' title='bbox 1118 1367 1160 1410; x_wconf 82' lang='lat' dir='ltr'><strong>ra·</strong></span> 
     </span>
     <span class='ocr_line' id='line_1_12' title="bbox 153 1431 1159 1518; baseline -0.001 -18"><span class='ocrx_word' id='word_1_81' title='bbox 153 1439 283 1501; x_wconf 81' lang='lat' dir='ltr'><strong>cantem</strong></span> <span class='ocrx_word' id='word_1_82' title='bbox 311 1435 504 1518; x_wconf 89' lang='lat' dir='ltr'><strong>portionem.</strong></span> <span class='ocrx_word' id='word_1_83' title='bbox 550 1436 584 1497; x_wconf 89' lang='lat' dir='ltr'><strong>et</strong></span> <span class='ocrx_word' id='word_1_84' title='bbox 608 1431 751 1516; x_wconf 81' lang='lat' dir='ltr'><strong>Pegasus</strong></span> <span class='ocrx_word' id='word_1_85' title='bbox 779 1434 907 1517; x_wconf 91' lang='lat' dir='ltr'><strong>quidem</strong></span> <span class='ocrx_word' id='word_1_86' title='bbox 935 1431 1159 1499; x_wconf 84' lang='lat' dir='ltr'><strong>existimatad</strong></span> 
     </span>
     <span class='ocr_line' id='line_1_13' title="bbox 41 1520 1160 1608; baseline -0.004 -20"><span class='ocrx_word' id='word_1_87' title='bbox 41 1597 47 1607; x_wconf 51' lang='grc'>,</span> <span class='ocrx_word' id='word_1_88' title='bbox 155 1545 228 1588; x_wconf 87' lang='lat' dir='ltr'><strong>earn</strong></span> <span class='ocrx_word' id='word_1_89' title='bbox 256 1530 382 1606; x_wconf 86' lang='lat' dir='ltr'><strong>partem</strong></span> <span class='ocrx_word' id='word_1_90' title='bbox 411 1521 553 1604; x_wconf 81' lang='lat' dir='ltr'><strong>admitti;</strong></span> <span class='ocrx_word' id='word_1_91' title='bbox 581 1520 696 1586; x_wconf 83' lang='lat' dir='ltr'><strong>Aristo</strong></span> <span class='ocrx_word' id='word_1_92' title='bbox 724 1527 837 1586; x_wconf 88' lang='lat' dir='ltr'><strong>contra</strong></span> <span class='ocrx_word' id='word_1_93' title='bbox 859 1528 969 1608; x_wconf 85' lang='lat' dir='ltr'><strong>putat,</strong></span> <span class='ocrx_word' id='word_1_94' title='bbox 998 1526 1077 1607; x_wconf 89' lang='lat' dir='ltr'><strong>quia</strong></span> <span class='ocrx_word' id='word_1_95' title='bbox 1098 1523 1160 1588; x_wconf 81' lang='lat' dir='ltr'><strong>huic</strong></span> 
     </span>
    </p>
   </div>
   <div class='ocr_carea' id='block_1_6' title="bbox 152 1610 1161 1783">
    <p class='ocr_par' dir='ltr' id='par_1_6' title="bbox 152 1610 1161 1783">
     <span class='ocr_line' id='line_1_14' title="bbox 152 1610 1161 1764; baseline -0.002 -89"><span class='ocrx_word' id='word_1_96' title='bbox 152 1633 242 1764; x_wconf 78' lang='lat' dir='ltr'><strong>parsl</strong></span> <span class='ocrx_word' id='word_1_97' title='bbox 257 1616 343 1677; x_wconf 85' lang='lat' dir='ltr'><strong>esset</strong></span> <span class='ocrx_word' id='word_1_98' title='bbox 365 1611 557 1763; x_wconf 43' lang='lat' dir='ltr'><strong>‹lapatquae</strong></span> <span class='ocrx_word' id='word_1_99' title='bbox 574 1610 665 1675; x_wconf 87' lang='lat' dir='ltr'><strong>nulla</strong></span> <span class='ocrx_word' id='word_1_100' title='bbox 684 1613 784 1696; x_wconf 74' lang='lat' dir='ltr'><strong>esset,</strong></span> <span class='ocrx_word' id='word_1_101' title='bbox 806 1633 903 1695; x_wconf 89' lang='lat' dir='ltr'><strong>quam</strong></span> <span class='ocrx_word' id='word_1_102' title='bbox 923 1615 1120 1677; x_wconf 88' lang='lat' dir='ltr'><strong>senteutiam</strong></span> <span class='ocrx_word' id='word_1_103' title='bbox 1136 1616 1161 1674; x_wconf 81' lang='lat' dir='ltr'><strong>et</strong></span> 
     </span>
     <span class='ocr_line' id='line_1_15' title="bbox 171 1721 533 1783; baseline -0.003 -19"><span class='ocrx_word' id='word_1_104' title='bbox 171 1721 232 1764; x_wconf 85' lang='lat' dir='ltr'><strong>avo</strong></span> <span class='ocrx_word' id='word_1_105' title='bbox 246 1721 326 1764; x_wconf 85' lang='lat' dir='ltr'><strong>enus</strong></span> <span class='ocrx_word' id='word_1_106' title='bbox 349 1722 408 1783; x_wconf 87' lang='lat' dir='ltr'><strong>pro</strong></span> <span class='ocrx_word' id='word_1_107' title='bbox 432 1721 451 1763; x_wconf 89' lang='lat' dir='ltr'><strong>s</strong></span> <span class='ocrx_word' id='word_1_108' title='bbox 480 1747 533 1764; x_wconf 87' lang='lat'><strong>...</strong></span> 
     </span>
    </p>
   </div>
   <div class='ocr_carea' id='block_1_7' title="bbox 242 1809 1162 1889">
    <p class='ocr_par' dir='ltr' id='par_1_7' title="bbox 242 1809 1162 1889">
     <span class='ocr_line' id='line_1_16' title="bbox 242 1809 1162 1889; baseline 0 -20"><span class='ocrx_word' id='word_1_109' title='bbox 242 1811 461 1889; x_wconf 81' lang='lat' dir='ltr'><strong>Fragmentum</strong></span> <span class='ocrx_word' id='word_1_110' title='bbox 484 1811 613 1869; x_wconf 84' lang='lat' dir='ltr'><strong>fortasse</strong></span> <span class='ocrx_word' id='word_1_111' title='bbox 636 1810 721 1870; x_wconf 88' lang='lat' dir='ltr'><strong>libris</strong></span> <span class='ocrx_word' id='word_1_112' title='bbox 745 1830 781 1869; x_wconf 89' lang='lat' dir='ltr'><strong>ex</strong></span> <span class='ocrx_word' id='word_1_113' title='bbox 799 1809 918 1871; x_wconf 87' lang='lat' dir='ltr'><strong>Plautio</strong></span> <span class='ocrx_word' id='word_1_114' title='bbox 943 1812 1162 1873; x_wconf 82' lang='lat' dir='ltr'><strong>attribuendum</strong></span> 
     </span>
    </p>
   </div>
   <div class='ocr_carea' id='block_1_8' title="bbox 153 1899 755 2066">
    <p class='ocr_par' dir='ltr' id='par_1_8' title="bbox 153 1899 755 2066">
     <span class='ocr_line' id='line_1_17' title="bbox 153 1899 473 1960; baseline -0.006 0"><span class='ocrx_word' id='word_1_115' title='bbox 153 1919 220 1960; x_wconf 82' lang='lat' dir='ltr'><strong>esse</strong></span> <span class='ocrx_word' id='word_1_116' title='bbox 241 1900 335 1960; x_wconf 85' lang='lat' dir='ltr'><strong>Lsnel</strong></span> <span class='ocrx_word' id='word_1_117' title='bbox 357 1899 473 1960; x_wconf 85' lang='lat' dir='ltr'><strong>conicit.</strong></span> 
     </span>
     <span class='ocr_line' id='line_1_18' title="bbox 569 1981 755 2066; baseline 0.011 -19"><span class='ocrx_word' id='word_1_118' title='bbox 569 1981 617 2047; x_wconf 86' lang='lat' dir='ltr'><strong>De</strong></span> <span class='ocrx_word' id='word_1_119' title='bbox 640 1984 755 2066; x_wconf 68' lang='lat' dir='ltr'><strong>lepras.</strong></span> 
     </span>
    </p>
   </div>
   <div class='ocr_carea' id='block_1_9' title="bbox 154 2097 1166 2538">
    <p class='ocr_par' dir='ltr' id='par_1_9' title="bbox 154 2097 1166 2538">
     <span class='ocr_line' id='line_1_19' title="bbox 244 2097 1164 2183; baseline 0 -21"><span class='ocrx_word' id='word_1_120' title='bbox 244 2099 288 2162; x_wconf 80' lang='lat'><strong>2?</strong></span> <span class='ocrx_word' id='word_1_121' title='bbox 311 2098 351 2162; x_wconf 87' lang='lat' dir='ltr'><strong>D.</strong></span> <span class='ocrx_word' id='word_1_122' title='bbox 367 2100 396 2183; x_wconf 77' lang='lat'><strong>7,</strong></span> <span class='ocrx_word' id='word_1_123' title='bbox 411 2098 441 2179; x_wconf 92' lang='lat'><strong>8,</strong></span> <span class='ocrx_word' id='word_1_124' title='bbox 458 2098 507 2181; x_wconf 91' lang='lat'><strong>10,</strong></span> <span class='ocrx_word' id='word_1_125' title='bbox 522 2098 551 2161; x_wconf 83' lang='lat'><strong>2.</strong></span> <span class='ocrx_word' id='word_1_126' title='bbox 593 2097 752 2181; x_wconf 82' lang='lat' dir='ltr'><strong>Ulpianus</strong></span> <span class='ocrx_word' id='word_1_127' title='bbox 775 2098 860 2163; x_wconf 91' lang='lat' dir='ltr'><strong>libro</strong></span> <span class='ocrx_word' id='word_1_128' title='bbox 884 2099 1027 2182; x_wconf 86' lang='lat' dir='ltr'><strong>septimo</strong></span> <span class='ocrx_word' id='word_1_129' title='bbox 1048 2100 1164 2165; x_wconf 90' lang='lat' dir='ltr'><strong>decimo</strong></span> 
     </span>
     <span class='ocr_line' id='line_1_20' title="bbox 156 2185 1166 2253; baseline 0.001 -1"><span class='ocrx_word' id='word_1_130' title='bbox 156 2188 197 2253; x_wconf 86' lang='lat' dir='ltr'><strong>ad</strong></span> <span class='ocrx_word' id='word_1_131' title='bbox 215 2185 383 2252; x_wconf 85' lang='lat' dir='ltr'><strong>Sabinum.</strong></span> <span class='ocrx_word' id='word_1_132' title='bbox 404 2222 442 2233; x_wconf 95' lang='lat'>—</span> <span class='ocrx_word' id='word_1_133' title='bbox 465 2237 493 2250; x_wconf 87' lang='lat'><strong>..</strong></span> <span class='ocrx_word' id='word_1_134' title='bbox 513 2186 541 2249; x_wconf 88' lang='lat' dir='ltr'><strong>si</strong></span> <span class='ocrx_word' id='word_1_135' title='bbox 565 2187 611 2250; x_wconf 89' lang='lat' dir='ltr'><strong>sic</strong></span> <span class='ocrx_word' id='word_1_136' title='bbox 634 2187 764 2252; x_wconf 85' lang='lat' dir='ltr'><strong>relictus</strong></span> <span class='ocrx_word' id='word_1_137' title='bbox 784 2188 840 2250; x_wconf 87' lang='lat' dir='ltr'><strong>sit:</strong></span> <span class='ocrx_word' id='word_1_138' title='bbox 863 2186 925 2251; x_wconf 81' lang='lat' dir='ltr'><strong>‘illi</strong></span> <span class='ocrx_word' id='word_1_139' title='bbox 945 2187 1063 2253; x_wconf 87' lang='lat' dir='ltr'><strong>domus</strong></span> <span class='ocrx_word' id='word_1_140' title='bbox 1081 2209 1166 2253; x_wconf 85' lang='lat' dir='ltr'><strong>usum</strong></span> 
     </span>
     <span class='ocr_line' id='line_1_21' title="bbox 154 2274 1165 2355; baseline 0 -15"><span class='ocrx_word' id='word_1_141' title='bbox 154 2277 298 2341; x_wconf 83' lang='lat' dir='ltr'><strong>fructum</strong></span> <span class='ocrx_word' id='word_1_142' title='bbox 325 2274 496 2339; x_wconf 84' lang='lat' dir='ltr'><strong>habitandi</strong></span> <span class='ocrx_word' id='word_1_143' title='bbox 523 2274 641 2355; x_wconf 83' lang='lat' dir='ltr'><strong>causa&#39;,</strong></span> <span class='ocrx_word' id='word_1_144' title='bbox 667 2280 776 2339; x_wconf 87' lang='lat' dir='ltr'><strong>utrum</strong></span> <span class='ocrx_word' id='word_1_145' title='bbox 803 2275 1044 2342; x_wconf 79' lang='lat' dir='ltr'><strong>habitationem</strong></span> <span class='ocrx_word' id='word_1_146' title='bbox 1069 2278 1165 2342; x_wconf 87' lang='lat' dir='ltr'><strong>solam</strong></span> 
     </span>
     <span class='ocr_line' id='line_1_22' title="bbox 156 2363 1166 2446; baseline -0.001 -17"><span class='ocrx_word' id='word_1_147' title='bbox 156 2387 199 2429; x_wconf 90' lang='lat' dir='ltr'><strong>an</strong></span> <span class='ocrx_word' id='word_1_148' title='bbox 217 2387 294 2429; x_wconf 89' lang='lat' dir='ltr'><strong>vero</strong></span> <span class='ocrx_word' id='word_1_149' title='bbox 314 2370 347 2428; x_wconf 83' lang='lat' dir='ltr'><strong>et</strong></span> <span class='ocrx_word' id='word_1_150' title='bbox 365 2363 613 2429; x_wconf 83' lang='lat' dir='ltr'><strong>usumfructum</strong></span> <span class='ocrx_word' id='word_1_151' title='bbox 629 2364 758 2446; x_wconf 89' lang='lat' dir='ltr'><strong>habeat,</strong></span> <span class='ocrx_word' id='word_1_152' title='bbox 776 2363 957 2429; x_wconf 88' lang='lat' dir='ltr'><strong>videndum.</strong></span> <span class='ocrx_word' id='word_1_153' title='bbox 996 2370 1030 2430; x_wconf 87' lang='lat' dir='ltr'><strong>et</strong></span> <span class='ocrx_word' id='word_1_154' title='bbox 1043 2364 1166 2430; x_wconf 87' lang='lat' dir='ltr'><strong>Priscus</strong></span> 
     </span>
     <span class='ocr_line' id='line_1_23' title="bbox 155 2451 1072 2538; baseline 0.001 -21"><span class='ocrx_word' id='word_1_155' title='bbox 155 2463 189 2517; x_wconf 88' lang='lat' dir='ltr'><strong>et</strong></span> <span class='ocrx_word' id='word_1_156' title='bbox 211 2451 366 2517; x_wconf 85' lang='lat' dir='ltr'><strong>Neratius</strong></span> <span class='ocrx_word' id='word_1_157' title='bbox 389 2456 506 2535; x_wconf 88' lang='lat' dir='ltr'><strong>putant</strong></span> <span class='ocrx_word' id='word_1_158' title='bbox 529 2453 632 2515; x_wconf 87' lang='lat' dir='ltr'><strong>solam</strong></span> <span class='ocrx_word' id='word_1_159' title='bbox 657 2452 892 2516; x_wconf 80' lang='lat' dir='ltr'><strong>habitationem</strong></span> <span class='ocrx_word' id='word_1_160' title='bbox 915 2453 1072 2538; x_wconf 85' lang='lat' dir='ltr'><strong>legatam.</strong></span> 
     </span>
    </p>
   </div>
   <div class='ocr_carea' id='block_1_10' title="bbox 156 2557 1169 2730">
    <p class='ocr_par' dir='ltr' id='par_1_10' title="bbox 156 2557 1169 2730">
     <span class='ocr_line' id='line_1_24' title="bbox 244 2557 1169 2640; baseline 0 -18"><span class='ocrx_word' id='word_1_161' title='bbox 244 2564 303 2622; x_wconf 91' lang='lat' dir='ltr'><strong>Pro</strong></span> <span class='ocrx_word' id='word_1_162' title='bbox 332 2557 486 2639; x_wconf 81' lang='lat' dir='ltr'><strong>‘Priscus&#39;,</strong></span> <span class='ocrx_word' id='word_1_163' title='bbox 519 2563 598 2640; x_wconf 86' lang='lat' dir='ltr'><strong>quod</strong></span> <span class='ocrx_word' id='word_1_164' title='bbox 625 2564 696 2622; x_wconf 88' lang='lat' dir='ltr'><strong>libri</strong></span> <span class='ocrx_word' id='word_1_165' title='bbox 722 2564 818 2622; x_wconf 89' lang='lat' dir='ltr'><strong>nostri</strong></span> <span class='ocrx_word' id='word_1_166' title='bbox 845 2564 972 2636; x_wconf 84' lang='lat' dir='ltr'><strong>habent,</strong></span> <span class='ocrx_word' id='word_1_167' title='bbox 1006 2567 1169 2625; x_wconf 85' lang='lat' dir='ltr'><strong>Mommsen</strong></span> 
     </span>
     <span class='ocr_line' id='line_1_25' title="bbox 156 2646 1168 2730; baseline 0 -20"><span class='ocrx_word' id='word_1_168' title='bbox 156 2651 343 2728; x_wconf 76' lang='lat' dir='ltr'><strong>Stephanum</strong></span> <span class='ocrx_word' id='word_1_169' title='bbox 371 2655 493 2712; x_wconf 86' lang='lat' dir='ltr'><strong>secutus</strong></span> <span class='ocrx_word' id='word_1_170' title='bbox 522 2646 691 2711; x_wconf 82' lang='lat' dir='ltr'><strong>‘Proculus’</strong></span> <span class='ocrx_word' id='word_1_171' title='bbox 723 2653 850 2728; x_wconf 83' lang='lat' dir='ltr'><strong>scripsit.</strong></span> <span class='ocrx_word' id='word_1_172' title='bbox 875 2673 902 2712; x_wconf 87' lang='lat' dir='ltr'><strong>v.</strong></span> <span class='ocrx_word' id='word_1_173' title='bbox 927 2672 1021 2728; x_wconf 86' lang='lat' dir='ltr'><strong>supra</strong></span> <span class='ocrx_word' id='word_1_174' title='bbox 1047 2675 1077 2730; x_wconf 92' lang='lat' dir='ltr'><strong>p.</strong></span> <span class='ocrx_word' id='word_1_175' title='bbox 1104 2655 1168 2714; x_wconf 83' lang='lat'>145.</span> 
     </span>
    </p>
   </div>
   <div class='ocr_carea' id='block_1_11' title="bbox 475 2806 851 2872">
    <p class='ocr_par' dir='ltr' id='par_1_11' title="bbox 475 2806 851 2872">
     <span class='ocr_line' id='line_1_26' title="bbox 475 2806 851 2872; baseline 0.005 -2"><span class='ocrx_word' id='word_1_176' title='bbox 475 2806 525 2871; x_wconf 86' lang='lat' dir='ltr'><strong>De</strong></span> <span class='ocrx_word' id='word_1_177' title='bbox 547 2807 734 2871; x_wconf 77' lang='lat' dir='ltr'><strong>Latinorum</strong></span> <span class='ocrx_word' id='word_1_178' title='bbox 756 2807 851 2872; x_wconf 80' lang='lat' dir='ltr'><strong>bonis.</strong></span> 
     </span>
    </p>
   </div>
   <div class='ocr_carea' id='block_1_12' title="bbox 155 2919 1168 3628">
    <p class='ocr_par' dir='ltr' id='par_1_12' title="bbox 155 2919 1168 3628">
     <span class='ocr_line' id='line_1_27' title="bbox 246 2919 1168 3006; baseline 0.003 -22"><span class='ocrx_word' id='word_1_179' title='bbox 246 2921 275 2985; x_wconf 87' lang='lat'><strong>3.</strong></span> <span class='ocrx_word' id='word_1_180' title='bbox 300 2919 371 2987; x_wconf 81' lang='lat' dir='ltr'><strong>Gai.</strong></span> <span class='ocrx_word' id='word_1_181' title='bbox 385 2923 415 3006; x_wconf 81' lang='lat'><strong>3,</strong></span> <span class='ocrx_word' id='word_1_182' title='bbox 431 2923 482 2987; x_wconf 78' lang='lat'><strong>70.</strong></span> <span class='ocrx_word' id='word_1_183' title='bbox 509 2958 546 2967; x_wconf 97' lang='lat'>—</span> <span class='ocrx_word' id='word_1_184' title='bbox 572 2922 650 2988; x_wconf 87' lang='lat' dir='ltr'><strong>..si</strong></span> <span class='ocrx_word' id='word_1_185' title='bbox 673 2943 746 2986; x_wconf 88' lang='lat' dir='ltr'><strong>cum</strong></span> <span class='ocrx_word' id='word_1_186' title='bbox 769 2922 879 2986; x_wconf 90' lang='lat' dir='ltr'><strong>liberis</strong></span> <span class='ocrx_word' id='word_1_187' title='bbox 903 2924 972 2988; x_wconf 87' lang='lat' dir='ltr'><strong>suis</strong></span> <span class='ocrx_word' id='word_1_188' title='bbox 996 2924 1097 2989; x_wconf 85' lang='lat' dir='ltr'><strong>etiam</strong></span> <span class='ocrx_word' id='word_1_189' title='bbox 1120 2946 1168 2987; x_wconf 86' lang='lat' dir='ltr'><strong>er-</strong></span> 
     </span>
     <span class='ocr_line' id='line_1_28' title="bbox 156 3009 1168 3096; baseline 0.001 -22"><span class='ocrx_word' id='word_1_190' title='bbox 156 3014 305 3075; x_wconf 88' lang='lat' dir='ltr'><strong>traneum</strong></span> <span class='ocrx_word' id='word_1_191' title='bbox 328 3010 478 3075; x_wconf 88' lang='lat' dir='ltr'><strong>heredem</strong></span> <span class='ocrx_word' id='word_1_192' title='bbox 501 3014 656 3094; x_wconf 87' lang='lat' dir='ltr'><strong>patronus</strong></span> <span class='ocrx_word' id='word_1_193' title='bbox 680 3011 857 3096; x_wconf 87' lang='lat' dir='ltr'><strong>reliquerit,</strong></span> <span class='ocrx_word' id='word_1_194' title='bbox 880 3009 1012 3077; x_wconf 80' lang='lat' dir='ltr'><strong>(laelius</strong></span> <span class='ocrx_word' id='word_1_195' title='bbox 1035 3012 1168 3078; x_wconf 84' lang='lat' dir='ltr'><strong>Sabinus</strong></span> 
     </span>
     <span class='ocr_line' id='line_1_29' title="bbox 156 3099 1167 3184; baseline 0 -22"><span class='ocrx_word' id='word_1_196' title='bbox 156 3099 204 3163; x_wconf 89' lang='lat' dir='ltr'><strong>ait</strong></span> <span class='ocrx_word' id='word_1_197' title='bbox 222 3103 293 3163; x_wconf 85' lang='lat' dir='ltr'><strong>tots</strong></span> <span class='ocrx_word' id='word_1_198' title='bbox 312 3100 398 3163; x_wconf 89' lang='lat' dir='ltr'><strong>bona</strong></span> <span class='ocrx_word' id='word_1_199' title='bbox 417 3122 475 3184; x_wconf 92' lang='lat' dir='ltr'><strong>pro</strong></span> <span class='ocrx_word' id='word_1_200' title='bbox 493 3099 643 3164; x_wconf 81' lang='lat' dir='ltr'><strong>virilibus</strong></span> <span class='ocrx_word' id='word_1_201' title='bbox 662 3100 810 3183; x_wconf 87' lang='lat' dir='ltr'><strong>partibus</strong></span> <span class='ocrx_word' id='word_1_202' title='bbox 830 3100 870 3164; x_wconf 89' lang='lat' dir='ltr'><strong>ad</strong></span> <span class='ocrx_word' id='word_1_203' title='bbox 891 3100 1014 3166; x_wconf 89' lang='lat' dir='ltr'><strong>liberos</strong></span> <span class='ocrx_word' id='word_1_204' title='bbox 1029 3100 1167 3166; x_wconf 82' lang='lat' dir='ltr'><strong>defuncti</strong></span> 
     </span>
     <span class='ocr_line' id='line_1_30' title="bbox 156 3188 1166 3274; baseline 0.001 -22"><span class='ocrx_word' id='word_1_205' title='bbox 156 3189 331 3271; x_wconf 85' lang='lat' dir='ltr'><strong>pertinere,</strong></span> <span class='ocrx_word' id='word_1_206' title='bbox 363 3188 439 3272; x_wconf 87' lang='lat' dir='ltr'><strong>quia</strong></span> <span class='ocrx_word' id='word_1_207' title='bbox 466 3210 538 3253; x_wconf 88' lang='lat' dir='ltr'><strong>cum</strong></span> <span class='ocrx_word' id='word_1_208' title='bbox 567 3192 740 3252; x_wconf 81' lang='lat' dir='ltr'><strong>extraneus</strong></span> <span class='ocrx_word' id='word_1_209' title='bbox 767 3189 861 3253; x_wconf 89' lang='lat' dir='ltr'><strong>heres</strong></span> <span class='ocrx_word' id='word_1_210' title='bbox 890 3190 1081 3274; x_wconf 85' lang='lat' dir='ltr'><strong>intervenit,</strong></span> <span class='ocrx_word' id='word_1_211' title='bbox 1107 3211 1166 3254; x_wconf 90' lang='lat' dir='ltr'><strong>non</strong></span> 
     </span>
     <span class='ocr_line' id='line_1_31' title="bbox 155 3275 1165 3364; baseline -0.002 -23"><span class='ocrx_word' id='word_1_212' title='bbox 155 3277 257 3341; x_wconf 84' lang='lat' dir='ltr'><strong>habet</strong></span> <span class='ocrx_word' id='word_1_213' title='bbox 274 3277 326 3341; x_wconf 84' lang='lat' dir='ltr'><strong>lex</strong></span> <span class='ocrx_word' id='word_1_214' title='bbox 341 3275 436 3341; x_wconf 91' lang='lat' dir='ltr'><strong>Iunia</strong></span> <span class='ocrx_word' id='word_1_215' title='bbox 454 3279 570 3355; x_wconf 91' lang='lat' dir='ltr'><strong>locum,</strong></span> <span class='ocrx_word' id='word_1_216' title='bbox 589 3276 644 3340; x_wconf 91' lang='lat' dir='ltr'><strong>sed</strong></span> <span class='ocrx_word' id='word_1_217' title='bbox 664 3281 795 3342; x_wconf 86' lang='lat' dir='ltr'><strong>senatus</strong></span> <span class='ocrx_word' id='word_1_218' title='bbox 812 3279 999 3342; x_wconf 86' lang='lat' dir='ltr'><strong>consultum</strong></span> <span class='ocrx_word' id='word_1_219' title='bbox 1015 3279 1073 3364; x_wconf 88' lang='lat' dir='ltr'><strong>(sc.</strong></span> <span class='ocrx_word' id='word_1_220' title='bbox 1087 3277 1165 3364; x_wconf 90' lang='lat' dir='ltr'><strong>quod</strong></span> 
     </span>
     <span class='ocr_line' id='line_1_32' title="bbox 156 3364 1165 3451; baseline -0.001 -23"><span class='ocrx_word' id='word_1_221' title='bbox 156 3364 249 3450; x_wconf 90' lang='lat' dir='ltr'><strong>Lupo</strong></span> <span class='ocrx_word' id='word_1_222' title='bbox 287 3371 320 3429; x_wconf 88' lang='lat' dir='ltr'><strong>et</strong></span> <span class='ocrx_word' id='word_1_223' title='bbox 352 3365 460 3450; x_wconf 85' lang='lat' dir='ltr'><strong>Largo</strong></span> <span class='ocrx_word' id='word_1_224' title='bbox 498 3365 684 3430; x_wconf 89' lang='lat' dir='ltr'><strong>consulibus</strong></span> <span class='ocrx_word' id='word_1_225' title='bbox 717 3365 838 3431; x_wconf 86' lang='lat' dir='ltr'><strong>factum</strong></span> <span class='ocrx_word' id='word_1_226' title='bbox 872 3365 945 3451; x_wconf 87' lang='lat' dir='ltr'><strong>est).</strong></span> <span class='ocrx_word' id='word_1_227' title='bbox 1001 3366 1165 3432; x_wconf 81' lang='lat' dir='ltr'><strong>Iavolenus</strong></span> 
     </span>
     <span class='ocr_line' id='line_1_33' title="bbox 157 3455 1164 3538; baseline -0.001 -21"><span class='ocrx_word' id='word_1_228' title='bbox 157 3458 266 3518; x_wconf 89' lang='lat' dir='ltr'><strong>autem</strong></span> <span class='ocrx_word' id='word_1_229' title='bbox 300 3455 347 3518; x_wconf 87' lang='lat' dir='ltr'><strong>ait</strong></span> <span class='ocrx_word' id='word_1_230' title='bbox 376 3458 506 3518; x_wconf 86' lang='lat' dir='ltr'><strong>tantum</strong></span> <span class='ocrx_word' id='word_1_231' title='bbox 539 3476 611 3518; x_wconf 89' lang='lat' dir='ltr'><strong>eam</strong></span> <span class='ocrx_word' id='word_1_232' title='bbox 637 3458 764 3538; x_wconf 88' lang='lat' dir='ltr'><strong>partem</strong></span> <span class='ocrx_word' id='word_1_233' title='bbox 793 3477 830 3518; x_wconf 85' lang='lat' dir='ltr'><strong>ex</strong></span> <span class='ocrx_word' id='word_1_234' title='bbox 859 3459 994 3521; x_wconf 84' lang='lat' dir='ltr'><strong>senatus</strong></span> <span class='ocrx_word' id='word_1_235' title='bbox 1023 3455 1164 3522; x_wconf 85' lang='lat' dir='ltr'><strong>consulto</strong></span> 
     </span>
     <span class='ocr_line' id='line_1_34' title="bbox 155 3541 1164 3628; baseline -0.002 -22"><span class='ocrx_word' id='word_1_236' title='bbox 155 3541 278 3608; x_wconf 86' lang='lat' dir='ltr'><strong>liberos</strong></span> <span class='ocrx_word' id='word_1_237' title='bbox 305 3544 436 3625; x_wconf 87' lang='lat' dir='ltr'><strong>patroni</strong></span> <span class='ocrx_word' id='word_1_238' title='bbox 465 3564 523 3628; x_wconf 93' lang='lat' dir='ltr'><strong>pro</strong></span> <span class='ocrx_word' id='word_1_239' title='bbox 551 3543 697 3608; x_wconf 82' lang='lat' dir='ltr'><strong>virilibus</strong></span> <span class='ocrx_word' id='word_1_240' title='bbox 726 3543 873 3627; x_wconf 88' lang='lat' dir='ltr'><strong>partibus</strong></span> <span class='ocrx_word' id='word_1_241' title='bbox 898 3543 1068 3611; x_wconf 87' lang='lat' dir='ltr'><strong>habituros</strong></span> <span class='ocrx_word' id='word_1_242' title='bbox 1092 3562 1164 3623; x_wconf 87' lang='lat' dir='ltr'><strong>esse,</strong></span> 
     </span>
    </p>
   </div>
   <div class='ocr_carea' id='block_1_13' title="bbox 0 0 1229 3944">
    <p class='ocr_par' dir='ltr' id='par_1_13' title="bbox 0 0 1229 3944">
     <span class='ocr_line' id='line_1_35' title="bbox 0 0 1229 3944; baseline 0 0"><span class='ocrx_word' id='word_1_243' title='bbox 0 0 1229 3944; x_wconf 95' lang='lat' dir='ltr'><strong> </strong></span> 
     </span>
    </p>
   </div>
  </div>
 </body>
</html>
