2430 3944
443 114 468 165 ’1.
487 106 677 165 PROOULUS
1004 111 1068 176 153

96 272 137 334 sut
151 268 327 335 hereditatis
350 271 482 336 nomine
504 271 677 337 relicturus
701 293 748 356 es,
773 276 866 356 potes
888 277 1023 358 rogatus
1049 296 1068 338 a

92 377 129 435 ns
154 359 235 423 uxori
269 380 362 423 meae
399 360 579 445 relinquere
612 364 644 424 et
675 383 741 427 non
774 361 897 425 videtur
927 372 966 426 ea
997 385 1068 428 esse

91 445 289 530 donsliopquia
313 446 396 512 nihil
419 469 459 512 ex
481 449 575 514 bonis
599 449 678 514 meis
702 449 907 515 deminuitur.
946 450 1067 537 inquo

91 535 196 600 mxime
220 536 358 600 maiores
382 536 518 601 donanti
541 539 736 602 succurrisse
759 537 915 603 Proculus
939 540 999 619 ait,
1025 563 1069 605 ne

92 644 170 687 amore
182 623 314 689 alterius
328 625 411 689 alter
425 624 669 709 despoliaretur,
682 648 749 691 non
764 627 857 711 quasi
869 627 1067 709 malivolos¹‚

93 731 119 774 re
132 712 201 776 ulter
221 712 417 796 locupletior
438 713 538 779 fieret.

38 821 40 825 ·
150 799 208 866 56?
241 805 275 866 Si
304 805 385 866 filiae
411 806 543 866 familias
574 807 661 868 uxori
690 807 818 867 maritus
845 809 951 869 mortis
978 829 1069 870 causa

93 887 169 972 trist,
194 894 385 955 donationem
411 915 473 956 non
498 896 615 972 valere,
648 896 707 956 etsi
735 895 805 957 vivo
833 897 931 956 adhuc
958 899 1067 958 marito

93 980 122 1039 ui
135 981 198 1043 iuris
220 983 316 1043 fuerit
338 984 450 1055 effecta,
475 984 622 1044 Proculus
644 984 775 1045 fortasse
799 985 992 1045 existimavit.
1030 987 1067 1048 cf.

92 1066 162 1147 uu,
175 1074 202 1150 1,
218 1074 305 1150 11,s
329 1062 371 1153 (v.
390 1072 430 1150 Π,
451 1074 468 1132 1
493 1094 522 1149 p.
536 1065 627 1155 499).
1068 1142 1069 1147 a

148 1155 207 1220 57?
229 1160 312 1219 Num
328 1161 409 1236 quod
426 1161 453 1220 is
471 1161 524 1237 qui
541 1161 679 1222 infirmum
698 1162 879 1223 valetudinis
899 1166 946 1222 est
963 1163 1068 1223 mortis

38 1259 44 1266 ·
94 1263 154 1306 uua
171 1248 273 1325 donat,
297 1246 484 1309 condictione
508 1252 643 1325 repetere
666 1251 762 1327 possit
786 1271 853 1310 cum
872 1252 1068 1328 convaluerit,

38 1348 45 1386 ,ἱ
94 1330 200 1396 honus
223 1337 346 1398 videtur
368 1337 531 1398 dubitasse.
577 1339 614 1399 cf.
637 1338 673 1398 D.
689 1342 740 1418 39,
757 1343 785 1414 6,
800 1342 886 1413 35‚3
910 1332 952 1422 (v.
975 1358 1068 1416 supra

118 1425 167 1484 68.

38 1540 40 1545 “
93 1439 109 1495 μ
147 1417 159 1506 )
315 1532 484 1593 Decorum
506 1537 671 1593 amotarum
693 1535 810 1594 iuddio.

38 1642 49 1715 ..Ϊ
147 1649 192 1716 58.
216 1649 256 1715 D.
271 1649 369 1734 aaa,
384 1652 413 1716 1.
450 1650 569 1716 Paulus
588 1649 672 1716 libro
692 1655 830 1736 septimo
850 1652 890 1717 ad
911 1653 1069 1719 Sabinum

39 1800 46 1815 ,
91 1730 119 1818 (Ρ.
136 1737 237 1826 1733).
270 1775 315 1786 -
347 1739 469 1805 Rerum
504 1745 686 1805 amotarum
718 1741 872 1806 iudicium
904 1743 1068 1827 singulare

90 1819 274 1892 introductum
301 1831 354 1892 est
381 1828 535 1893 adversus
566 1849 638 1893 eam
666 1850 748 1912 quae
776 1851 857 1895 uxor
882 1829 959 1911 fuit,
992 1833 1069 1914 quia

38 1965 49 2003 ἱ
90 1928 129 1977 uon
157 1917 278 2000 placuit
310 1937 383 1981 cum
416 1939 455 1982 ea
485 1916 566 1980 furti
597 1937 692 2001 agere
724 1939 835 2002 posse,
872 1919 1067 2001 quibusdam

41 2053 48 2059 .
91 2001 315 2071 &difflantibus
338 2026 379 2068 ne
399 2006 529 2089 quidem
548 2005 671 2069 furtum
690 2028 762 2070 eam
781 2006 896 2090 facere,
919 2008 1068 2092 ...aliis

38 2142 49 2180 3
90 2091 112 2150 u
132 2088 242 2158 Sabino
275 2097 309 2157 et
335 2093 487 2175 Proculo,
518 2091 660 2158 furtum²
692 2095 820 2179 quidem
854 2117 925 2159 eam
954 2095 1069 2179 facere,

43 2240 46 2245 ,
91 2172 154 2243 sinti
175 2181 242 2246 filia
270 2183 357 2262 patri
384 2182 498 2266 faciat,
526 2181 583 2246 sed
609 2182 689 2247 furti
716 2205 781 2248 non
811 2204 880 2247 esse
909 2185 1068 2249 actionem

38 2319 50 2357 :·
92 2269 231 2335 unsttnto
254 2270 334 2334 iure.

38 2409 48 2446 :
148 2364 179 2423 cf.
201 2364 333 2423 Nervam
356 2364 401 2442 H,
423 2367 437 2422 1
463 2385 491 2441 p.
507 2365 582 2443 306,
606 2363 742 2424 Cassium
764 2384 856 2442 supra
879 2386 908 2441 p.
923 2368 975 2426 57.

38 2497 45 2534 -;
149 2464 195 2528 59.
225 2464 264 2530 Ι).
282 2461 338 2549 25,
356 2464 387 2549 2,
403 2466 436 2547 3,
454 2467 485 2530 4.
530 2466 651 2530 Paulus
679 2467 762 2531 libro
787 2468 924 2551 septimo
949 2467 989 2531 ad
1014 2466 1068 2532 Sa·

92 2540 171 2615 linum
188 2550 236 2639 (P.
259 2549 368 2638 1774).
391 2588 429 2602 ·-
451 2553 538 2618 Mela
556 2553 721 2620 Fulcinius
744 2556 836 2619 aiunt
930 2556 958 2620 si
976 2560 1069 2638 pater

38 2676 44 2712 ;
94 2633 208 2706 daneta
228 2642 298 2706 filia
319 2643 367 2707 rei
389 2639 536 2707 eumad
559 2647 646 2728 agat,
669 2666 733 2708 non
758 2645 852 2708 aliter
875 2645 904 2708 ei
929 2644 1068 2710 dandam

38 2766 42 2800 ;
94 2724 228 2810 udonem,
251 2753 349 2815 quam
372 2731 400 2795 si
428 2731 530 2796 filiam
558 2753 665 2795 rerum
689 2737 870 2797 amotarum
893 2733 1010 2798 iudicio
1034 2735 1069 2797 in
1096 2788 1099 2795 ,

38 2864 41 2872 .
95 2809 196 2882 sollum
226 2825 260 2883 et
292 2841 365 2885 oum
394 2817 607 2884 satisdatione
635 2820 794 2886 defendat.
850 2821 905 2885 sed
939 2827 1068 2887 mortua

94 2893 137 2963 filia
156 2905 187 2969 in
213 2911 340 2992 patrem
368 2928 476 2972 rerum
504 2913 686 2973 amotarum
714 2909 874 2974 actionem
905 2908 975 2974 dari
1003 2932 1069 2975 non

95 2995 206 3068 oportere
232 2995 389 3061 Proculus
417 2997 476 3075 ait,
503 2996 567 3060 nisi
595 3000 752 3081 quatenus
781 3019 820 3062 ex
848 3020 887 3062 ea
913 3020 948 3062 re
975 3004 1069 3082 pater

96 3067 249 3163 locupletior
271 3085 323 3150 sit.

96 3308 121 3370 st·
134 3255 317 3394 lllhpifddllsen
336 3259 469 3315 emendat
488 3248 656 3328 ‘malivolo⁵.,
675 3261 705 3314 at
723 3279 749 3316 v.
766 3261 889 3316 Kucbler
907 3263 935 3316 Z.
951 3261 977 3315 d.
993 3261 1069 3314 Sar.-

143 3395 210 3453 211’1.
228 3399 311 3456 furto.

144 3467 238 3526 acro.
257 3472 292 3527 de
311 3471 387 3529 dote.
