2430 3944
113 115 179 179 486
216 115 248 169 V.
267 113 419 168 NERVAE
438 114 484 168 ET
504 112 657 169 TRAIANI
675 112 781 167 ΤΕΜΡ.
801 111 897 167 IURIS
918 109 1099 167 CONSULTI

113 279 234 362 colebat,
250 279 356 361 pluris
374 282 476 342 tamen
495 278 599 342 locavi.
640 297 761 360 aviano,
784 296 828 340 an
845 275 900 340 troo
918 276 1022 358 ipsum
1034 294 1126 358 prae

112 373 195 433 stare
217 368 347 432 debeam.
503 397 508 405 ·

201 455 385 540 Respondit:
417 456 452 519 in
474 453 650 519 imiusmodi
672 453 907 536 obtipationibus
934 454 970 518 id
991 453 1127 517 moninio

113 549 245 627 spectare
272 543 422 625 debemus,
450 545 531 626 quod
552 544 632 608 inter
654 546 957 624 utramquepartem
980 542 1125 607 convenit.

113 635 233 698 videtur
263 639 367 698 autem
399 633 432 696 in
461 631 520 697 ivae
546 634 641 714 specie
666 632 702 695 id
725 631 847 696 scientio
873 631 1061 715 eonvem'sse,
1092 650 1128 694 m

112 724 190 804 quid
205 727 425 804 praestaretur,
447 721 477 785 si
498 720 648 803 ampliore
663 721 799 802 pearata
819 719 938 800 fundus
954 724 1032 784 esset
1051 720 1127 784 ioco

113 810 191 894 tus[,
218 813 253 876 id
277 814 383 876 estut
408 810 480 874 haec
506 810 659 874 conventio
685 829 742 891 pro
766 809 895 874 ioaatore
918 809 1127 873 tantummodo

112 898 380 982 interponeretur]

202 1011 303 1069 Eisele
327 1010 357 1070 Z.
381 1009 409 1070 d.
433 1008 559 1069 Sam-St.
583 1009 626 1067 XI
648 1030 676 1086 p.
694 1012 722 1069 9.

203 1121 253 1184 64.
272 1118 311 1186 D.
322 1120 371 1202 19,
380 1119 506 1201 2‚51,1.
537 1117 710 1184 Iavolenus
721 1119 803 1183 libro
814 1118 986 1185 undecimo
996 1118 1127 1202 Epistu-

113 1209 225 1273 larum.
259 1245 296 1255 —
331 1209 446 1273 Locavi
477 1229 552 1291 opus
581 1209 759 1289 faciendum
790 1209 848 1287 ita,
885 1213 923 1273 ut
946 1228 1010 1290 pro
1044 1227 1128 1290 opero

112 1298 295 1380 redemptori
332 1301 444 1361 certam
480 1299 643 1361 mnoedem
674 1299 710 1362 in
740 1298 804 1362 dies
835 1296 974 1379 sinpvdos
1005 1297 1126 1373 darem:

113 1405 189 1468 opus
214 1388 357 1450 vitiosam
382 1386 501 1465 sactum
528 1390 577 1451 est.
621 1407 664 1450 an
691 1406 729 1450 ev
756 1386 850 1450 tocato
877 1405 967 1468 apere
985 1384 1125 1468 possim?

202 1473 385 1555 Respondit:
408 1476 437 1538 si
459 1475 504 1538 ita
526 1495 602 1556 opms
620 1475 734 1554 iooosti,
756 1480 792 1539 ut
808 1474 928 1539 bonitas
946 1475 1014 1539 eius
1033 1474 1126 1539 tibia

113 1564 290 1627 conductore
312 1562 541 1646 adprobaretur,
565 1565 685 1628 tametsi
707 1564 851 1641 convenit,
874 1568 909 1627 ut
930 1564 966 1627 in
987 1563 1126 1646 sinpuias

108 1671 222 1732 ‘operas
244 1655 324 1716 certa
340 1653 475 1733 pecunia
496 1653 631 1732 daretur,
647 1652 807 1734 praestari
825 1657 927 1716 tamen
945 1652 1004 1716 tibi
1021 1673 1043 1716 a
1061 1672 1126 1717 eon·

113 1741 235 1804 ductore
256 1741 345 1825 debet,
368 1742 397 1805 si
415 1743 449 1805 id
465 1761 541 1822 opus
562 1741 706 1806 vitiosum
726 1741 845 1821 faetvcm
867 1745 918 1806 est.
959 1761 1025 1805 non
1047 1741 1127 1805 enim

112 1830 278 1910 arcicanum
300 1831 430 1912 interest,
452 1835 560 1894 utrum
581 1850 643 1894 uno
660 1830 762 1913 pretio
780 1850 855 1912 opus
872 1850 916 1893 au
934 1830 970 1892 in
988 1829 1128 1912 sinpuias

114 1937 221 2000 operas
243 1919 415 2002 coiiocatnr,
436 1919 466 1983 si
487 1919 575 1982 modo
594 1919 779 1983 universitas
797 1919 1073 1983 consummationis
1090 1917 1129 1982 od

114 2009 324 2071 conductorem
346 2007 505 2088 pertinuit.
546 2009 659 2088 poterit
686 2009 787 2089 itaque
815 2028 851 2072 ea
879 2007 975 2071 iocato
1004 2027 1076 2072 cum
1098 2026 1127 2070 oo

114 2097 178 2178 api,
211 2097 265 2178 qui
296 2097 440 2161 vitiosum
467 2116 543 2177 opus
567 2095 674 2176 fecerit
699 2094 782 2179 [nisi
807 2097 836 2160 si
863 2096 929 2160 ideo
956 2097 994 2159 in
1022 2115 1128 2178 operas

114 2185 254 2267 sinpnias
281 2205 391 2249 merces
418 2185 581 2249 constituta
608 2186 678 2264 erit,
705 2189 742 2250 ut
762 2185 889 2249 arbitrio
912 2185 1034 2249 domini
1057 2204 1128 2266 opus

114 2273 298 2353 efficeretrrm
327 2280 392 2338 tum
419 2275 502 2337 enim
527 2273 609 2337 niivii
636 2275 796 2338 conductor
816 2278 979 2355 praestare
1007 2275 1128 2338 domino

116 2364 151 2426 de
174 2363 305 2427 bonitate
328 2364 427 2445 operis
448 2361 595 2445 videturJ.

203 2473 303 2533 Eisele
328 2474 358 2534 Z.
382 2475 410 2533 d.
433 2473 559 2533 Sum-Si.
584 2474 610 2531 X
633 2494 661 2550 p.
678 2476 749 2532 312.

403 2647 453 2712 De
473 2647 632 2711 verborum
654 2646 843 2729 obiipatione.

206 2762 257 2827 65.
281 2761 320 2826 D.
330 2763 382 2845 46,
399 2762 427 2846 1,
441 2763 494 2826 44.
526 2761 698 2826 Iavolenus
712 2761 796 2825 libro
811 2759 984 2824 undecimo
999 2759 1128 2844 Epistu-

116 2853 230 2915 larum.
253 2887 297 2896 -
320 2850 494 2932 Stiputatus
521 2871 551 2916 es
576 2871 652 2932 opus
673 2850 827 2914 arbitratu
850 2854 900 2913 tuo
924 2854 1129 2915 antevertam

113 2941 197 3005 diem
213 2941 291 3023 deri,
314 2941 440 3020 quodsi
457 2939 595 3019 effectum
612 2960 675 3003 non
693 2944 773 3021 esset,
795 2939 905 3019 quanti
923 2943 959 3002 nt
977 2938 1129 3020 efficiatur

112 3050 193 3112 opus
226 3029 364 3110 locasses,
402 3031 481 3092 tanti
511 3029 702 3109 fideiussores
734 3027 851 3110 copisti:
888 3031 918 3090 et
947 3029 1025 3108 quia
1057 3043 1128 3108 opus

112 3119 254 3198 effectum
277 3138 340 3180 non
363 3121 436 3198 mat,
459 3118 518 3181 atii
536 3117 641 3181 iooasti
658 3121 694 3195 et,
716 3137 785 3181 curn
797 3116 952 3197 posterior
969 3117 1128 3181 conductor

64 3230 66 3235 ·
117 3208 195 3272 satis
217 3227 280 3271 non
302 3207 401 3284 daret,
425 3208 489 3289 ipse
511 3226 587 3287 opus
607 3206 713 3286 fecisti.
754 3225 879 3286 qviaero,
904 3224 948 3269 an
970 3205 1127 3285 fideiussor

114 3300 263 3360 teneatur.

208 3383 392 3466 Respondit:
415 3385 580 3448 secundum
602 3404 638 3447 ea
660 3383 750 3447 verba
770 3382 994 3467 stipulationis,
1017 3397 1124 3463 quava

113 3479 143 3540 to
161 3475 326 3563 prorrosita
353 3477 439 3560 sunt,
467 3473 655 3557 fideiussores
681 3493 743 3536 uon
771 3475 919 3536 tenentur.
964 3492 1028 3535 uon
1049 3468 1123 3533 criu
