2430 3944
411 813 794 887 ADDITAMENTA.

202 1008 228 1072 I.
255 1005 473 1073 VETDRUM
495 1005 776 1072 SENTENTIAE
800 1006 857 1073 ET
881 1006 1009 1073 LIBRI.

189 1172 253 1242 Quo
272 1173 361 1232 modo
381 1176 516 1232 vetorum
535 1173 655 1232 nomina
674 1174 722 1232 usi
740 1174 812 1232 sunt
829 1173 1018 1249 posteriores,
1039 1172 1112 1232 satis

94 1262 234 1322 indicant
257 1281 292 1320 aa
315 1281 391 1338 quaa
415 1262 537 1321 subieci.

186 1345 322 1410 ‘Veteres
337 1352 525 1427 interpretas
541 1351 569 1411 S.
584 1350 690 1410 Aelius
704 1351 739 1410 L.
753 1350 869 1410 Acilius
884 1395 890 1409 .
907 1398 913 1411 .
929 1397 936 1410 .
951 1345 1113 1410 dixerunt'.

93 1439 157 1500 cic.
181 1440 218 1498 de
238 1440 295 1517 log.
316 1442 344 1512 2,
365 1442 416 1517 23,
437 1443 487 1501 59.

187 1523 298 1587 ‘Labeo
399 1529 481 1588 acria
504 1532 534 1587 st
558 1546 663 1588 severa
690 1527 802 1587 iudicia
829 1529 865 1587 da
893 1529 984 1588 furtis
1009 1529 1114 1588 habita

93 1635 160 1677 ossa
189 1617 269 1693 apud
291 1621 409 1677 vetares
437 1617 559 1693 scripsit
581 1616 670 1693 idque
693 1616 824 1676 Brutum
847 1617 971 1679 solitum
994 1612 1112 1677 dicero'.

96 1705 174 1765 seu.
200 1709 229 1782 o,
254 1708 349 1783 15,1.

186 1788 306 1853 ‘Ateius
330 1792 437 1870 Capito
531 1796 620 1868 putat
634 1792 748 1852 dictum
764 1793 836 1869 quia
855 1798 971 1854 veteres
991 1814 1030 1853 an
1058 1814 1114 1870 pro

93 1885 209 1942 circum
227 1902 338 1958 ponere
358 1884 505 1961 solebant,
527 1884 563 1941 ut
581 1875 678 1941 Gato'.
723 1882 852 1941 Macrob.
877 1882 939 1941 Sat.
965 1886 992 1959 1,
1014 1884 1065 1958 14,
1085 1885 1113 1942 5.

187 1966 336 2048 ‘Veteres
370 1973 468 2049 inquit
501 1964 554 2053 (sc.
588 1971 697 2030 Ateius
729 1961 864 2051 Capito),
896 1990 956 2030 non
989 1973 1114 2030 ornatus

93 2078 188 2119 causa
348 2063 473 2120 anulum
515 2078 615 2119 secum
652 2054 921 2118 circumferebant'.
985 2059 1113 2118 Macrob.

95 2150 161 2209 Sat.
187 2153 215 2226 7,
242 2151 291 2226 13,
317 2152 366 2208 11.

188 2232 244 2297 ‘ait
271 2232 325 2318 (sc.
358 2238 510 2297 Masurius
539 2230 682 2317 Sabinus)
711 2238 870 2314 plerosquo
898 2235 972 2294 iuris
1004 2235 1114 2295 vetaris

95 2330 236 2386 auctores
337 2321 512 2401 scripsisss'.
558 2324 633 2386 Gall.
659 2328 688 2400 5,
714 2329 763 2397 19,
789 2328 837 2384 14.

186 2414 328 2490 Pompon.
352 2416 387 2475 D.
409 2416 460 2492 35,
485 2417 513 2488 2,
539 2417 577 2474 31
605 2409 781 2474 ‘secundum
805 2412 901 2473 Cassii
915 2416 955 2476 ct
977 2416 1115 2472 veterum

93 2498 289 2581 opinionam'.

188 2587 256 2652 ‘hoo
278 2597 396 2654 vetares
416 2592 603 2651 existimasse
622 2591 803 2668 Pomponius
817 2591 924 2667 refert3
949 2591 1000 2650 scd
1021 2589 1114 2650 Gaius

93 2682 219 2742 Cassius
319 2677 412 2741 dicit’.
458 2680 495 2742 D.
520 2683 550 2756 2,
572 2684 602 2759 4,
626 2683 655 2754 4,
681 2681 698 2738 2
723 2679 793 2756 Ulp.

188 2769 253 2829 Gai.
279 2773 311 2844 1,
338 2773 399 2830 188
429 2764 558 2830 ‘vetares
587 2769 803 2828 dubitaverunt
911 2769 1033 2845 quidam

94 2860 248 2932 dixerunt,
271 2863 307 2918 ut
330 2859 363 2929 Q.
381 2858 507 2936 Mucius,
530 2858 583 2916 alii
603 2900 654 2917 ...
674 2861 708 2916 ut
727 2857 790 2916 Ser.
811 2857 972 2935 Sulpicius,
991 2857 1044 2916 alii
1064 2902 1115 2917 ...

94 2951 132 3006 ut
151 2942 273 3008 Labeo?

188 3036 257 3112 Ulp.
280 3038 315 3096 D.
342 3041 371 3113 7,
395 3039 424 3113 8,
451 3039 500 3114 10,
521 3039 539 3093 2
565 3029 657 3110 ‘apud
681 3038 796 3095 veteres
816 3036 986 3112 quaesitum
1006 3037 1063 3107 cst,
1085 3036 1116 3092 ct

95 3125 232 3184 Rutilius
256 3170 307 3184 ...
331 3121 394 3185 ait'.

188 3213 257 3289 Ulp.
290 3214 326 3274 D.
353 3217 402 3292 12,
427 3217 456 3287 5,
481 3217 499 3274 6
532 3207 675 3272 ‘Sabinus
697 3213 838 3289 probavit
861 3215 997 3271 vetorum
1021 3211 1115 3286 opini-

97 3296 207 3363 onam'.

189 3390 259 3467 Ulp.
301 3391 337 3449 D.
368 3394 417 3465 17,
448 3394 475 3468 2,
500 3393 613 3463 52,18
638 3384 730 3466 ‘apud
754 3392 871 3450 veteres
893 3389 1042 3447 tractatur

100 3484 132 3539 et
155 3479 317 3540 Atilicinus
342 3479 469 3540 Sabinus
493 3478 613 3540 Cassius
637 3471 879 3555 responderuut'.
