2430 3944
112 190 178 261 Μ,
209 190 237 243 ²1.
260 188 407 251 mm
421 188 470 245 rr
486 187 639 243 TRAIANI
655 185 762 243 ΤΕΜΡ.
781 187 878 244 IURIS
896 187 1075 245 CONSULTI

385 377 432 436 De
452 377 638 435 tetamento
661 375 820 436 balnearia.

191 494 246 565 ru
264 494 306 563 11
321 494 396 561 ibid.
412 495 434 575 ὅ
449 494 476 559 1.
495 529 537 539 -
559 491 778 559 Instrumento
801 493 969 559 balnearia
992 493 1106 580 legato

104 598 202 655 atara
222 582 438 653 iehnterem
460 581 618 646 contineri
640 578 793 647 Neratius
816 582 992 666 respondit

385 766 432 824 De
452 766 559 824 inemo
581 764 693 824 aonam
715 765 814 840 legato.

188 889 242 957 31.
263 884 366 968 neo,
382 883 431 949 13.
465 882 556 947 Idem
574 880 632 968 (ee.
648 881 861 968 Pomponius)
881 883 966 948 libro
986 887 1105 967 quarto

105 972 267 1071 (subtel)
284 974 324 1041 ad
337 970 491 1038 Sabinum
509 969 557 1055 (P
571 967 661 1058 439).
682 1007 721 1018 —
742 969 823 1038 Oum
841 973 985 1037 incertus
1004 971 1105 1038 homo

102 1084 181 1155 (prr
200 1060 468 1145 vindicationem>
490 1060 618 1143 legatus
641 1059 703 1125 tibi
725 1066 818 1144 esset,
841 1061 935 1125 heres
955 1058 1105 1126 Stichum

103 1176 195 1225 sareu
210 1158 267 1221 uo
284 1148 415 1216 tradidit
434 1149 609 1234 (mancipio
625 1146 760 1236 dedita).
797 1147 953 1214 Neratius
972 1170 1105 1234 respon·

103 1246 161 1317 att
179 1244 208 1309 ei
227 1241 391 1307 voluntate
414 1236 536 1303 domini
559 1236 694 1302 tradidit
712 1236 887 1324 (mancipio
907 1234 1033 1324 deditl)
1052 1238 1105 1302 vel

103 1344 207 1403 ratum
227 1330 288 1396 hee
309 1327 458 1393 dominus
480 1326 639 1410 habuerit,
661 1326 794 1409 perinde
817 1348 890 1391 eum
922 1326 1106 1411 liberatum,

103 1436 197 1511 uque
218 1418 246 1485 si
269 1414 398 1483 Stichus
421 1415 549 1499 legatus
573 1417 667 1479 esset.

376 1597 424 1656 De
445 1599 525 1657 vasis
547 1598 689 1657 eleetrime
710 1599 819 1672 tepetis,

185 1715 249 1785 32?
286 1713 326 1781 D.
346 1713 398 1795 34,
417 1717 447 1795 2,
466 1716 517 1794 32,
537 1715 567 1780 5.
616 1713 737 1780 Paulus
773 1715 857 1781 libro
891 1717 1030 1782 seeundo
1064 1717 1106 1781 ad

104 1808 265 1879 vitellium
289 1801 338 1889 (P.
353 1803 479 1886 207412).
501 1839 539 1849 -
563 1801 719 1868 Neratius
741 1804 913 1870 Proculum
936 1806 1037 1870 refert
1058 1806 1107 1871 ita

102 1893 312 1983 respondisse:
349 1893 436 1956 vasis
473 1892 636 1957 electrinis
672 1892 790 1977 legatie
826 1893 908 1958 nihil
939 1894 1141 1977 interesse.

102 1987 251 2077 quantum
281 2002 318 2045 ea
346 2002 438 2063 vasa,
470 1981 508 2045 de
536 1981 650 2062 quibus
675 1982 858 2065 quaeritur,
890 1983 1020 2065 argenti
1047 1988 1106 2048 aut

102 2071 208 2145 electri
229 2066 400 2150 habeant¹‚
424 2069 481 2133 sed
504 2073 612 2134 utrum
630 2075 802 2154 argentum
821 2071 940 2135 electro
960 2093 1002 2135 an
1022 2072 1105 2137 elee-

101 2174 184 2233 tmm
208 2164 342 2242 argento
366 2157 480 2223 cedat?
525 2158 559 2222 id
581 2180 621 2222 ex
643 2162 776 2242 aspectu
798 2180 951 2224 vasorum
975 2159 1105 2225 facilius

100 2247 241 2332 intellegi
263 2268 367 2329 posse.
402 2246 501 2330 [quod
525 2247 609 2312 siin
632 2247 769 2312 obscuro
792 2247 844 2328 sit,
866 2248 1105 2331 inspiciendum

100 2344 156 2423 ast,
177 2339 211 2401 in
233 2339 307 2400 utre
330 2357 462 2400 numero
482 2356 521 2400 ea
538 2357 617 2400 vaea
634 2336 673 2419 is,
694 2335 750 2419 qui
768 2339 999 2402 testamentum
1019 2337 1106 2419 feeit,

99 2423 265 2505 habuerit]
542 2481 543 2485 ,

407 2513 566 2579 Familiae
587 2513 789 2579 eriscundae.

183 2638 234 2703 33.
263 2635 302 2700 D.
319 2636 369 2716 10,
384 2637 414 2721 2,
428 2637 481 2718 20,
497 2639 525 2702 7.
569 2636 729 2721 Ulpianus
757 2636 839 2702 libro
867 2659 952 2703 nono
977 2638 1104 2705 decime

98 2729 138 2797 ad
165 2727 304 2791 edietum
332 2721 382 2808 (P.
402 2724 490 2809 634).
520 2761 558 2773 —
589 2725 742 2791 Neratius
763 2726 990 2809 ..responditt
1022 2750 1105 2813 eum,

97 2817 151 2906 qui
175 2816 283 2898 plures
305 2813 390 2878 filios
413 2814 562 2898 haberet,
588 2836 687 2880 unum
710 2836 749 2879 ex
771 2815 847 2879 filiis
871 2814 1104 2897 ἀγωνοθεσίαν

97 2907 320 2986 suscepturum
356 2901 538 2986 professum
579 2925 647 2968 esse
686 2907 718 2969 et
754 2903 943 2988 priusquam
979 2905 1104 2971 honore

96 2987 278 3078 (muneret)
310 2989 513 3076 fungeretur,
547 2996 709 3056 mortuum
740 3013 809 3056 esse
842 2993 993 3058 omnibus
1025 2995 1102 3059 filiis

95 3080 264 3149 heredibus
292 3077 466 3164 institutis,
497 3085 530 3144 et
557 3081 739 3165 quaesitum
767 3101 851 3165 esee,
882 3104 923 3146 an
950 3082 979 3147 is
1006 3083 1103 3167 filius,

96 3170 180 3256 quod
212 3170 247 3233 in
275 3190 347 3234 eam
375 3191 443 3234 rem
470 3168 695 3255 impendisset,
724 3169 870 3234 familiae
899 3171 1102 3236 ereieuundae

94 3262 323 3382 eonquuatur,
351 3258 442 3360 eique
468 3257 673 3344 respondisse
701 3257 779 3342 <se>
806 3258 896 3323 nulla
919 3260 1047 3326 actione
1070 3261 1102 3324 id

93 3368 166 3425 (eam
208 3367 361 3431 eoneeqm
383 3368 487 3431 posse.

166 3491 180 3538 1
200 3486 248 3541 ΡΙ.
266 3486 416 3542 habebant.

165 3564 181 3610 2
203 3557 249 3625 Fl.
268 3558 343 3612 idem
361 3558 461 3613 emend.
481 3558 618 3613 Galerius.
