2430 3944
454 116 478 168 t.
497 110 687 168 PROOULUS
1022 113 1084 179 151

166 274 211 340 46.
235 272 274 340 D.
296 274 349 356 17,
367 275 398 359 2,
417 275 459 340 67
470 297 517 359 pr.
562 274 682 340 Paulus
710 275 795 341 libro
817 276 1009 363 trigessimo
1032 301 1081 343 se·

100 361 177 428 emdo
195 361 235 428 ad
256 362 400 428 edictum
423 361 475 450 (P.
491 360 577 450 49b).
603 396 641 411 -—
667 363 703 429 Si
724 386 808 430 unus
831 387 871 429 ex
893 367 990 431 sociis
1013 388 1082 432 rem

99 472 268 518 sonnonem
290 452 473 517 vendiderit
495 473 655 517 consensu
677 453 849 538 sociorum,
871 455 1012 538 pretium
1035 457 1082 520 di-

97 538 143 607 ridi
164 539 255 605 debet
280 540 344 624 ita,
372 545 410 605 ut
438 540 469 605 ei
496 544 649 606 caveatur
675 541 859 607 indemnem
892 564 964 607 eum
995 544 1083 609 futu·

96 629 260 713 run.quod
290 630 319 694 si
345 630 413 694 iam
441 628 594 696 damnum
621 651 738 713 passus
764 635 826 714 est,
854 630 917 696 hoc
941 632 970 696 ei
993 654 1084 716 prae-

98 716 216 783 stabitur.
237 717 294 782 sed
309 718 339 783 si
348 716 492 802 pretium
506 719 779 784 communicatum
794 722 838 784 sit
852 720 923 784 sine
937 721 1085 786 cautione

98 806 258 891 deliquid
289 807 495 892 praestiterit
526 806 556 871 is
588 807 643 890 qui
674 807 830 888 vendidit,
867 830 922 894 an,
958 809 987 873 si
1017 832 1086 874 non

97 914 180 959 onnes
203 895 285 960 socii
309 894 466 960 solvendo
489 894 569 977 sint,
594 895 679 979 quod
703 917 723 960 a
746 893 940 980 quibusdem
963 899 1085 962 servari

95 1002 141 1136 mr
159 987 316 1138 dimica
334 983 449 1049 ceteris
468 984 585 1050 debeat
586 984 708 1137 r{erret
746 983 972 1138 etldpmdfflii
989 991 1085 1140 paibtst

224 1093 260 1138 oe
296 1094 408 1137 rorum
435 1094 518 1137 onus
545 1093 586 1156 pe
621 1093 708 1137 mere
736 1096 799 1158 quo
850 1097 870 1138 a
921 1096 1084 1158 equuus

95 1161 188 1225 mari
204 1182 276 1226 non
293 1164 411 1245 potest,
433 1161 625 1245 rationeque
643 1160 774 1226 defendi
790 1184 897 1248 posse,
920 1165 1084 1247 quonium,

96 1250 206 1315 mutas
228 1271 304 1314 eum
326 1249 538 1333 contrahitur,
560 1253 630 1315 tem
652 1251 736 1315 lucri
753 1273 851 1334 quam
870 1251 980 1316 damni
999 1274 1084 1318 com·

94 1337 177 1404 maio
198 1338 310 1402 initur.

154 1428 203 1492 47.
227 1425 267 1492 D.
282 1427 312 1510 2,
328 1427 380 1509 14,
393 1427 436 1492 27
445 1449 493 1511 pr.
529 1426 650 1492 Paulus
669 1426 754 1492 libro
774 1428 871 1492 tertio
887 1428 927 1493 ad
942 1428 1082 1494 edictum

94 1509 127 1599 (P.
140 1512 224 1602 127)
250 1548 289 1562 ·-·
315 1513 352 1581 si
377 1537 461 1580 unus
489 1536 528 1579 ex
556 1515 750 1601 argentariis
778 1516 875 1582 sociis
899 1538 973 1607 cum
995 1519 1084 1582 debi-

93 1605 140 1667 tore
170 1607 288 1688 pectus
325 1604 383 1689 sit,
419 1622 460 1668 an
498 1604 598 1668 etiam
634 1605 728 1668 alteri
763 1609 880 1671 noceat
912 1607 1084 1690 exceptio?

93 1686 219 1758 Neratius
241 1691 416 1758 Atilicinus
434 1691 602 1778 Proculus,
622 1713 682 1758 nec
705 1692 733 1757 si
755 1693 788 1757 in
807 1714 877 1758 rem
895 1698 1010 1777 pactus
1029 1697 1084 1779 sit,

92 1778 162 1846 alteri
186 1802 321 1865 nocere;
347 1783 476 1846 tautum
503 1781 591 1846 enim
620 1781 847 1866 constitutum,
877 1785 915 1847 ut
942 1783 1083 1849 solidum

93 1866 154 1932 alter
172 1874 283 1954 petere
306 1870 419 1954 possit.

154 1959 204 2025 48.
231 1958 272 2023 D.
294 1959 344 2041 17,
362 1959 395 2042 2,
413 1957 512 2042 65pr.
557 1956 677 2023 Paulus
705 1957 790 2023 libro
816 1959 1009 2042 trigessimo
1034 1983 1083 2024 se·
1184 2034 1187 2039 ⁵

95 2046 172 2111 undo
203 2047 243 2112 ed
278 2046 420 2112 edictum
452 2043 504 2133 (P.
523 2045 615 2130 495).
642 2080 684 2094 —·
714 2045 870 2113 Proculus
889 2093 898 2111 .
917 2096 925 2112 .
944 2048 991 2112 ait
1022 2049 1085 2114 hoc

95 2129 144 2213 ipso
178 2136 263 2220 quod
296 2134 450 2200 iudicium
481 2134 555 2200 ideo
588 2135 743 2200 dictatum
775 2137 838 2218 est,
875 2140 913 2200 ut
945 2137 1083 2203 societas

96 2218 278 2307 distrahetur,
300 2225 521 2289 renuntiatam
544 2224 743 2309 societatem,
766 2224 834 2289 sive
857 2227 1003 2289 totorum
1027 2225 1083 2290 bo·

95 2325 183 2377 norum
204 2313 274 2378 sive
297 2312 394 2378 unius
418 2312 466 2377 rei
489 2312 627 2378 societas
651 2312 737 2378 coitu
760 2313 813 2378 sit.

428 2488 486 2562 De,
502 2491 720 2555 mmuuioue

46 2616 48 2673 !
154 2615 204 2681 49.
237 2612 278 2679 D.
304 2614 358 2693 10,
381 2615 417 2698 2,
440 2613 483 2679 52
514 2635 538 2678 r.
588 2613 677 2678 Idem
711 2611 769 2701 (sc.
801 2612 963 2700 Iulianus)
995 2616 1082 2682 libro

95 2702 205 2768 scando
237 2701 279 2767 ad
305 2700 458 2768 Urseium
486 2635 640 2768 deuncem
668 2701 718 2787 (P.
738 2702 828 2788 896).
858 2741 896 2749 -
927 2703 1082 2788 Maevius,

93 2787 210 2866 quinos
243 2790 379 2856 heredes
410 2790 500 2874 fecit,
531 2810 600 2855 rem
633 2813 834 2856 communem
864 2793 980 2858 habuit
1008 2816 1081 2858 cum

95 2871 174 2945 Attio:
196 2881 225 2946 si
249 2899 323 2945 curn
343 2878 437 2944 Attio
462 2878 623 2944 communi
646 2879 821 2946 dividundo
845 2882 1025 2966 egissemus
1050 2887 1082 2946 et

95 2964 164 3032 robis
185 2991 223 3034 ea
246 2990 297 3033 res
321 2968 503 3033 adiudicata
527 2972 621 3053 esset,
642 2974 813 3034 venturam
836 2990 908 3034 eam
931 2970 966 3034 in
989 2972 1080 3035 fami-

93 3043 135 3116 liae
153 3057 355 3122 erciscundae
377 3056 495 3122 iudicio
518 3056 676 3122 Proculus
699 3057 754 3123 ait.

155 3145 205 3210 50.
227 3145 266 3210 D.
281 3147 311 3229 8,
324 3146 355 3226 2,
373 3145 412 3210 19
420 3169 467 3230 pr.
503 3144 623 3210 Paulus
642 3147 727 3211 libro
746 3150 839 3212 sexto
857 3147 897 3211 ad
916 3146 1072 3212 Sabinum

93 3216 127 3308 (P.
140 3230 239 3321 1738).
258 3270 301 3280 -
321 3230 479 3300 Fistulam
502 3234 645 3299 iunctam
662 3230 780 3320 parieti
798 3237 970 3321 communi,
995 3258 1076 3320 quae

92 3322 132 3380 au
153 3343 187 3386 ex
212 3322 347 3388 castello
375 3327 431 3387 eut
458 3345 497 3387 ex
524 3324 613 3387 caelo
642 3346 759 3408 aquam
786 3325 886 3408 capit,
914 3347 980 3389 non
1003 3328 1075 3388 iure

144 3479 219 3537 lFl.
239 3479 298 3537 sed.
