2430 3944
468 172 493 221 2.
512 164 677 221 PEGASUS
1013 166 1076 231 201

64 329 170 396 Latini
202 329 283 394 facti
311 351 350 394 ex
377 330 449 415 lege
479 329 571 394 Aelia
599 327 712 394 Sentis
739 329 936 412 habuerunt,
970 332 1080 395 tamen

62 423 176 504 postea
205 418 489 485 senatusconsulto
518 417 605 503 quod
626 418 753 503 Pegaso
783 420 816 482 et
839 417 978 483 Pusione
1006 441 1080 484 con-

64 509 189 574 sulibus
211 507 337 574 factum
361 511 420 592 est,
443 507 543 573 etiam
567 507 744 571 maioribus
763 507 903 592 triginta
921 529 1080 572 annorum

63 595 273 662 manumissis
298 595 424 661 Latinis
447 596 544 661 factis
568 617 756 661 concessum
781 600 839 660 est.

385 834 413 892 2.
440 825 491 892 Dc
512 827 763 918 fideicommissis

152 954 181 1017 1.
216 951 287 1018 Gai
307 951 341 1029 2,
360 951 435 1014 254.
465 987 504 998 —
533 951 664 1036 ..quia
694 950 828 1015 heredes
861 950 974 1033 scripti
1008 972 1081 1015 cum

64 1045 118 1107 eut
147 1045 257 1106 totam
288 1038 503 1103 hereditatem
537 1046 593 1104 aut
621 1061 723 1123 paene
756 1043 859 1104 totam
890 1039 1081 1124 plerumque

64 1131 235 1195 restituere
254 1129 464 1211 rogabantur,
485 1128 573 1192 adire
592 1128 805 1193 hereditatem
823 1129 865 1192 ob
880 1129 1006 1192 nullum
1026 1132 1082 1194 aut

65 1219 235 1283 minimum
265 1218 391 1282 lucrum
421 1217 629 1297 recusabant,
658 1222 754 1302 atque
783 1218 824 1282 ob
852 1216 887 1281 id
914 1217 1081 1301 extingue·

65 1308 182 1372 bantur
196 1305 455 1387 fideicommissa,
473 1309 588 1389 postea
603 1302 660 1392 (sc.
674 1311 751 1390 post
765 1308 1082 1371 senatusconsultum

66 1391 323 1482 Trebellianum)
342 1393 469 1476 Pegaso
488 1398 521 1458 et
540 1394 680 1460 Pusione
699 1394 930 1478 (consulibus)
950 1400 1081 1460 senatus

65 1486 200 1567 censuit,
222 1489 259 1548 ut
282 1485 311 1548 ei
335 1483 391 1567 qui
410 1486 546 1567 rogatus
565 1487 651 1547 esset
668 1483 882 1548 hereditatem
901 1485 1082 1566 restituere,

66 1573 202 1656 proinde
225 1574 338 1637 liceret
360 1575 511 1655 quartam
534 1575 660 1655 partem
684 1572 834 1657 retinere,
857 1576 953 1655 atque
973 1593 991 1636 e
1009 1574 1082 1658 lege

64 1660 209 1727 Falcidia
231 1662 266 1726 in
289 1662 408 1744 legatis
431 1660 570 1725 retinere
593 1660 788 1727 conceditur.

154 1786 184 1852 2.
209 1783 278 1850 Gai.
293 1786 323 1869 2,
337 1785 412 1850 258.
438 1821 475 1831 -
493 1834 501 1850 .
516 1835 524 1850 .
542 1785 571 1849 si
589 1788 717 1849 recuset
731 1785 871 1869 scriptus
885 1784 979 1850 heres
994 1785 1082 1850 adire

65 1874 281 1940 hereditatem
305 1875 346 1939 ob
369 1873 403 1937 id
422 1873 508 1958 quod
527 1874 613 1938 dicat
632 1894 703 1937 eam
723 1873 786 1936 sibi
806 1877 990 1957 suspectam
1010 1896 1082 1938 esse

66 1963 157 2048 quasi
184 1962 390 2047 damnosam,
422 1966 554 2026 cavetur
580 1961 761 2045 Pegasiano
791 1963 1081 2044 senatusconsulto,

65 2057 101 2116 ut
133 2050 339 2117 desiderante
372 2073 410 2116 eo
442 2054 494 2115 cui
525 2052 695 2115 restituere
727 2054 862 2134 rogatus
897 2055 960 2134 est,
993 2051 1084 2115 iussu

65 2141 228 2224 praetoris
259 2140 354 2204 adeat
381 2143 415 2203 et
437 2140 599 2224 restituat,
622 2139 820 2224 proindeque
844 2139 873 2202 ei
895 2139 928 2202 et
952 2140 986 2202 in
1010 2161 1083 2203 eum

65 2232 119 2315 qui
143 2230 303 2313 receperit
325 2227 593 2313 (hereditatem),
617 2229 761 2292 actiones
785 2228 913 2311 dentur,
944 2228 1083 2292 sciuris

66 2323 115 2382 est
140 2340 180 2382 ex
204 2318 485 2382 senatusconsulto
509 2317 783 2382 Trebelliano...

155 2427 191 2487 cf.
214 2427 238 2487 Ι.
259 2430 288 2504 2,
308 2430 358 2503 23,
379 2416 407 2488 5.
458 2421 499 2487 ἵ.
523 2427 700 2504 Vespasiani
731 2426 865 2504 Augusti
896 2427 1083 2502 temporibus

64 2517 181 2596 Pegaso
210 2519 241 2575 et
263 2517 392 2576 Pusione
420 2516 592 2576 consulibus
617 2520 737 2576 senatus
762 2516 877 2576 censuit
900 2518 957 2576 ut.
973 2563 979 2575 .
995 2511 1014 2578 .’
1040 2535 1083 2576 se-

65 2609 203 2684 quuntur
226 2603 283 2664 Gai
306 2605 399 2665 verba
421 2623 514 2682 supra
536 2606 639 2665 allata.

156 2724 186 2789 3.
212 2722 281 2788 Gai.
296 2725 325 2808 2,
340 2723 429 2789 286⁸.
454 2761 494 2771 -
520 2724 636 2789 ..orbi
659 2724 714 2807 qui
737 2746 795 2807 per
818 2725 925 2808 legem
949 2724 1085 2809 Papiam

65 2813 219 2877 dimidias
255 2819 366 2896 partes
402 2812 620 2877 hereditatum
658 2814 903 2897 legatorumque
938 2813 1085 2898 perdunt,

66 2903 146 2966 olim
185 2901 291 2966 solida
326 2900 579 2966 fideicommissa
611 2902 805 2966 ridebantur
836 2923 948 2986 capere
980 2924 1085 2985 posse.

67 2991 124 3055 sed
157 2993 272 3075 postea
304 2991 584 3055 senatusconsulto
613 2990 794 3074 Pegasiano
829 2991 964 3074 proinde
996 2991 1085 3054 fidei-

66 3079 242 3145 commissa
260 3101 387 3163 quoque
407 3101 443 3143 ac
463 3078 572 3163 legata
585 3078 845 3164 hereditatesque
860 3101 975 3163 capere
988 3101 1085 3163 posse

66 3167 225 3252 prohibiti
253 3171 344 3252 sunt3
377 3189 477 3251 eaque
506 3168 666 3232 translata
694 3173 770 3232 sunt
797 3168 838 3232 ad
866 3190 921 3233 eos
950 3171 1004 3251 qui
1031 3167 1086 3250 <in

68 3257 128 3341 eo>
158 3260 353 3321 testamento
382 3256 504 3320 liberos
533 3256 669 3335 habent,
698 3261 754 3321 aut
782 3257 810 3320 si
833 3258 942 3321 nullus
966 3257 1085 3320 liberos

67 3345 219 3427 habebit,
248 3346 288 3409 ad
315 3345 487 3429 populum,
515 3346 597 3410 sicut
620 3345 701 3409 iuris
725 3348 775 3409 est
797 3347 830 3409 in
854 3346 973 3428 legatis
997 3348 1029 3408 et
1051 3346 1086 3407 in

69 3433 314 3517 hereditatibus,
338 3455 420 3517 quae
444 3434 554 3497 eadem
579 3439 636 3498 aut
657 3434 755 3499 simili
774 3456 813 3499 ex
831 3432 949 3516 cau<sa
967 3432 1087 3497 caduca

69 3521 184 3618 finnt),
