<?xml version="1.0" encoding="UTF-8"?>
<!DOCTYPE html PUBLIC "-//W3C//DTD XHTML 1.0 Transitional//EN"
    "http://www.w3.org/TR/xhtml1/DTD/xhtml1-transitional.dtd">
<html xmlns="http://www.w3.org/1999/xhtml" xml:lang="en" lang="en">
 <head>
  <title>
</title>
<meta http-equiv="Content-Type" content="text/html;charset=utf-8" />
  <meta name='ocr-system' content='tesseract 3.04.00' />
  <meta name='ocr-capabilities' content='ocr_page ocr_carea ocr_par ocr_line ocrx_word'/>
</head>
<body>
  <div class='ocr_page' id='page_1' title='image "./iurisprudentiae02bremgoog_0483.png"; bbox 0 0 2430 3944; ppageno 0'>
   <div class='ocr_carea' id='block_1_1' title="bbox 161 172 1142 239">
    <p class='ocr_par' dir='ltr' id='par_1_1' title="bbox 161 172 1142 239">
     <span class='ocr_line' id='line_1_1' title="bbox 161 172 1142 239; baseline -0.004 -9"><span class='ocrx_word' id='word_1_1' title='bbox 161 174 229 239; x_wconf 80' lang='grc'><em>450</em></span> <span class='ocrx_word' id='word_1_2' title='bbox 264 174 297 229; x_wconf 88' lang='lat' dir='ltr'><em>V.</em></span> <span class='ocrx_word' id='word_1_3' title='bbox 317 173 466 228; x_wconf 76' lang='lat' dir='ltr'><strong>NERVAE</strong></span> <span class='ocrx_word' id='word_1_4' title='bbox 485 173 533 228; x_wconf 84' lang='lat' dir='ltr'><em>ET</em></span> <span class='ocrx_word' id='word_1_5' title='bbox 552 172 704 228; x_wconf 75' lang='lat' dir='ltr'><strong>TRAIANI</strong></span> <span class='ocrx_word' id='word_1_6' title='bbox 721 173 827 230; x_wconf 85' lang='grc' dir='ltr'><strong>ΤΕΜΡ.</strong></span> <span class='ocrx_word' id='word_1_7' title='bbox 845 173 944 228; x_wconf 87' lang='lat' dir='ltr'><strong>IURIS</strong></span> <span class='ocrx_word' id='word_1_8' title='bbox 963 172 1142 229; x_wconf 82' lang='lat' dir='ltr'>CONSULTI</span> 
     </span>
    </p>
   </div>
   <div class='ocr_carea' id='block_1_2' title="bbox 586 376 749 437">
    <p class='ocr_par' dir='ltr' id='par_1_2' title="bbox 586 376 749 437">
     <span class='ocr_line' id='line_1_2' title="bbox 586 376 749 437; baseline 0.012 -2"><span class='ocrx_word' id='word_1_9' title='bbox 586 376 696 436; x_wconf 84' lang='lat' dir='ltr'><em>Liber</em></span> <span class='ocrx_word' id='word_1_10' title='bbox 713 377 749 437; x_wconf 79' lang='lat' dir='ltr'><em>X.</em></span> 
     </span>
    </p>
   </div>
   <div class='ocr_carea' id='block_1_3' title="bbox 528 494 801 562">
    <p class='ocr_par' dir='ltr' id='par_1_3' title="bbox 528 494 801 562">
     <span class='ocr_line' id='line_1_3' title="bbox 528 494 801 562; baseline -0.004 -2"><span class='ocrx_word' id='word_1_11' title='bbox 528 494 579 560; x_wconf 90' lang='lat' dir='ltr'><em>De</em></span> <span class='ocrx_word' id='word_1_12' title='bbox 600 496 801 562; x_wconf 77' lang='lat' dir='ltr'><em>servitutibus,</em></span> 
     </span>
    </p>
   </div>
   <div class='ocr_carea' id='block_1_4' title="bbox 158 610 1171 1138">
    <p class='ocr_par' dir='ltr' id='par_1_4' title="bbox 158 610 1171 1138">
     <span class='ocr_line' id='line_1_4' title="bbox 250 610 1170 696; baseline -0.003 -19"><span class='ocrx_word' id='word_1_13' title='bbox 250 613 302 678; x_wconf 87' lang='lat'><em>49.</em></span> <span class='ocrx_word' id='word_1_14' title='bbox 335 611 374 677; x_wconf 93' lang='lat' dir='ltr'><em>D.</em></span> <span class='ocrx_word' id='word_1_15' title='bbox 394 614 424 685; x_wconf 86' lang='lat'><em>8,</em></span> <span class='ocrx_word' id='word_1_16' title='bbox 442 611 474 694; x_wconf 83' lang='lat'><em>3,</em></span> <span class='ocrx_word' id='word_1_17' title='bbox 495 611 535 675; x_wconf 83' lang='lat'><em>13</em></span> <span class='ocrx_word' id='word_1_18' title='bbox 555 633 603 696; x_wconf 89' lang='lat' dir='ltr'><em>pr.</em></span> <span class='ocrx_word' id='word_1_19' title='bbox 657 610 828 675; x_wconf 85' lang='lat' dir='ltr'><em>Iavolenus</em></span> <span class='ocrx_word' id='word_1_20' title='bbox 860 611 945 676; x_wconf 88' lang='lat' dir='ltr'><em>libro</em></span> <span class='ocrx_word' id='word_1_21' title='bbox 978 610 1104 676; x_wconf 83' lang='lat' dir='ltr'><em>decimo</em></span> <span class='ocrx_word' id='word_1_22' title='bbox 1135 633 1170 675; x_wconf 85' lang='lat' dir='ltr'><em>ex</em></span> 
     </span>
     <span class='ocr_line' id='line_1_5' title="bbox 161 698 1170 784; baseline -0.001 -18"><span class='ocrx_word' id='word_1_23' title='bbox 161 698 286 766; x_wconf 79' lang='lat' dir='ltr'><em>Cassio.</em></span> <span class='ocrx_word' id='word_1_24' title='bbox 317 737 355 748; x_wconf 93' lang='lat'>—</span> <span class='ocrx_word' id='word_1_25' title='bbox 381 701 468 766; x_wconf 83' lang='lat' dir='ltr'><em>Certo</em></span> <span class='ocrx_word' id='word_1_26' title='bbox 487 701 593 783; x_wconf 73' lang='lat' dir='ltr'><em>yeneri</em></span> <span class='ocrx_word' id='word_1_27' title='bbox 615 719 762 782; x_wconf 73' lang='lat' dir='ltr'><em>aararunr</em></span> <span class='ocrx_word' id='word_1_28' title='bbox 781 700 909 780; x_wconf 64' lang='lat' dir='ltr'><em>aduniri</em></span> <span class='ocrx_word' id='word_1_29' title='bbox 925 701 1056 765; x_wconf 82' lang='lat' dir='ltr'><em>seruitus</em></span> <span class='ocrx_word' id='word_1_30' title='bbox 1067 704 1170 784; x_wconf 73' lang='lat' dir='ltr'><em>pann,</em></span> 
     </span>
     <span class='ocr_line' id='line_1_6' title="bbox 159 787 1170 875; baseline 0 -21"><span class='ocrx_word' id='word_1_31' title='bbox 159 790 242 854; x_wconf 85' lang='lat' dir='ltr'><em>vetut</em></span> <span class='ocrx_word' id='word_1_32' title='bbox 266 791 377 875; x_wconf 86' lang='lat' dir='ltr'><em>uineis,</em></span> <span class='ocrx_word' id='word_1_33' title='bbox 402 790 484 871; x_wconf 78' lang='lat' dir='ltr'><em>quad</em></span> <span class='ocrx_word' id='word_1_34' title='bbox 509 809 545 853; x_wconf 90' lang='lat' dir='ltr'><em>ea</em></span> <span class='ocrx_word' id='word_1_35' title='bbox 572 789 616 853; x_wconf 89' lang='lat' dir='ltr'><em>ad</em></span> <span class='ocrx_word' id='word_1_36' title='bbox 640 787 740 852; x_wconf 77' lang='lat' dir='ltr'><em>solinu</em></span> <span class='ocrx_word' id='word_1_37' title='bbox 767 790 868 870; x_wconf 66' lang='lat' dir='ltr'><em>enanis</em></span> <span class='ocrx_word' id='word_1_38' title='bbox 892 809 986 870; x_wconf 78' lang='lat' dir='ltr'><em>quana</em></span> <span class='ocrx_word' id='word_1_39' title='bbox 1008 790 1053 854; x_wconf 85' lang='lat' dir='ltr'><em>ad</em></span> <span class='ocrx_word' id='word_1_40' title='bbox 1073 809 1170 872; x_wconf 76' lang='lat' dir='ltr'><em>super·</em></span> 
     </span>
     <span class='ocr_line' id='line_1_7' title="bbox 158 876 1171 960; baseline 0.001 -18"><span class='ocrx_word' id='word_1_41' title='bbox 158 879 260 960; x_wconf 65' lang='lat' dir='ltr'><em>licien</em></span> <span class='ocrx_word' id='word_1_42' title='bbox 280 880 418 960; x_wconf 78' lang='lat' dir='ltr'><em>pertinet.</em></span> <span class='ocrx_word' id='word_1_43' title='bbox 460 879 525 942; x_wconf 87' lang='lat' dir='ltr'><em>ideo</em></span> <span class='ocrx_word' id='word_1_44' title='bbox 543 876 673 941; x_wconf 80' lang='lat' dir='ltr'><em>sublatis</em></span> <span class='ocrx_word' id='word_1_45' title='bbox 690 877 789 942; x_wconf 82' lang='lat' dir='ltr'><em>vineis</em></span> <span class='ocrx_word' id='word_1_46' title='bbox 805 878 935 942; x_wconf 79' lang='lat' dir='ltr'><em>seruitus</em></span> <span class='ocrx_word' id='word_1_47' title='bbox 952 877 1098 943; x_wconf 87' lang='lat' dir='ltr'><em>manebit.</em></span> <span class='ocrx_word' id='word_1_48' title='bbox 1124 878 1171 943; x_wconf 84' lang='lat' dir='ltr'><em>sed</em></span> 
     </span>
     <span class='ocr_line' id='line_1_8' title="bbox 159 965 1171 1049; baseline -0.006 -13"><span class='ocrx_word' id='word_1_49' title='bbox 159 967 189 1036; x_wconf 82' lang='lat' dir='ltr'><em>si</em></span> <span class='ocrx_word' id='word_1_50' title='bbox 214 968 251 1031; x_wconf 89' lang='lat' dir='ltr'><em>in</em></span> <span class='ocrx_word' id='word_1_51' title='bbox 277 967 483 1032; x_wconf 79' lang='lat' dir='ltr'><em>contrahenda</em></span> <span class='ocrx_word' id='word_1_52' title='bbox 508 967 652 1030; x_wconf 84' lang='lat' dir='ltr'><em>servitute</em></span> <span class='ocrx_word' id='word_1_53' title='bbox 674 965 764 1030; x_wconf 85' lang='lat' dir='ltr'><em>atiud</em></span> <span class='ocrx_word' id='word_1_54' title='bbox 785 971 887 1030; x_wconf 87' lang='lat' dir='ltr'><em>aetum</em></span> <span class='ocrx_word' id='word_1_55' title='bbox 909 967 981 1049; x_wconf 86' lang='lat' dir='ltr'><em>erit,</em></span> <span class='ocrx_word' id='word_1_56' title='bbox 1011 967 1077 1032; x_wconf 87' lang='lat' dir='ltr'><em>deii</em></span> <span class='ocrx_word' id='word_1_57' title='bbox 1098 966 1171 1030; x_wconf 83' lang='lat' dir='ltr'><em>mati</em></span> 
     </span>
     <span class='ocr_line' id='line_1_9' title="bbox 158 1056 573 1138; baseline -0.007 -16"><span class='ocrx_word' id='word_1_58' title='bbox 158 1057 291 1138; x_wconf 75' lang='lat' dir='ltr'><em>exceptio</em></span> <span class='ocrx_word' id='word_1_59' title='bbox 314 1057 374 1121; x_wconf 88' lang='lat' dir='ltr'><em>erit</em></span> <span class='ocrx_word' id='word_1_60' title='bbox 393 1056 573 1120; x_wconf 75' lang='lat' dir='ltr'><em>necessaria.</em></span> 
     </span>
    </p>
   </div>
   <div class='ocr_carea' id='block_1_5' title="bbox 154 1160 1170 3481">
    <p class='ocr_par' dir='ltr' id='par_1_5' title="bbox 158 1160 1170 1597">
     <span class='ocr_line' id='line_1_10' title="bbox 247 1160 1169 1242; baseline -0.002 -16"><span class='ocrx_word' id='word_1_61' title='bbox 247 1167 369 1227; x_wconf 90' lang='lat' dir='ltr'><em>Perniae</em></span> <span class='ocrx_word' id='word_1_62' title='bbox 398 1168 428 1229; x_wconf 89' lang='lat' dir='ltr'><em>Z.</em></span> <span class='ocrx_word' id='word_1_63' title='bbox 455 1168 483 1227; x_wconf 83' lang='lat' dir='ltr'><em>d.</em></span> <span class='ocrx_word' id='word_1_64' title='bbox 504 1165 638 1226; x_wconf 71' lang='lat' dir='ltr'><em>Sea-St.</em></span> <span class='ocrx_word' id='word_1_65' title='bbox 657 1165 713 1242; x_wconf 84' lang='lat' dir='ltr'><em>IX,</em></span> <span class='ocrx_word' id='word_1_66' title='bbox 739 1168 800 1225; x_wconf 83' lang='grc'><em>197</em></span> <span class='ocrx_word' id='word_1_67' title='bbox 824 1184 852 1224; x_wconf 94' lang='lat' dir='ltr'><em>n.</em></span> <span class='ocrx_word' id='word_1_68' title='bbox 874 1167 892 1224; x_wconf 83' lang='lat'><strong>2</strong></span> <span class='ocrx_word' id='word_1_69' title='bbox 921 1165 1026 1226; x_wconf 81' lang='lat' dir='ltr'><em>verba:</em></span> <span class='ocrx_word' id='word_1_70' title='bbox 1057 1160 1169 1226; x_wconf 74' lang='lat' dir='ltr'><em>‘sedai</em></span> 
     </span>
     <span class='ocr_line' id='line_1_11' title="bbox 160 1250 1170 1332; baseline -0.002 -18"><span class='ocrx_word' id='word_1_71' title='bbox 160 1289 202 1298; x_wconf 91' lang='lat'>-</span> <span class='ocrx_word' id='word_1_72' title='bbox 221 1250 401 1316; x_wconf 84' lang='lat' dir='ltr'><em>neeessaria&#39;</em></span> <span class='ocrx_word' id='word_1_73' title='bbox 426 1254 607 1315; x_wconf 79' lang='lat' dir='ltr'><em>sententiam</em></span> <span class='ocrx_word' id='word_1_74' title='bbox 625 1254 660 1313; x_wconf 92' lang='lat' dir='ltr'><em>D.</em></span> <span class='ocrx_word' id='word_1_75' title='bbox 677 1256 707 1332; x_wconf 89' lang='grc'><em>8,</em></span> <span class='ocrx_word' id='word_1_76' title='bbox 723 1259 750 1330; x_wconf 95' lang='grc'><em>1,</em></span> <span class='ocrx_word' id='word_1_77' title='bbox 765 1256 785 1312; x_wconf 88' lang='grc'>4</span> <span class='ocrx_word' id='word_1_78' title='bbox 799 1273 844 1330; x_wconf 88' lang='lat' dir='ltr'><em>pr.</em></span> <span class='ocrx_word' id='word_1_79' title='bbox 863 1255 991 1313; x_wconf 80' lang='lat' dir='ltr'><em>relatam</em></span> <span class='ocrx_word' id='word_1_80' title='bbox 1010 1255 1170 1332; x_wconf 80' lang='lat' dir='ltr'><em>respiciens</em></span> 
     </span>
     <span class='ocr_line' id='line_1_12' title="bbox 158 1342 1170 1421; baseline -0.004 -17"><span class='ocrx_word' id='word_1_81' title='bbox 158 1345 343 1421; x_wconf 81' lang='lat' dir='ltr'><em>interpolata</em></span> <span class='ocrx_word' id='word_1_82' title='bbox 361 1363 424 1403; x_wconf 89' lang='lat' dir='ltr'><em>esse</em></span> <span class='ocrx_word' id='word_1_83' title='bbox 442 1346 540 1420; x_wconf 81' lang='lat' dir='ltr'><em>putat.</em></span> <span class='ocrx_word' id='word_1_84' title='bbox 576 1342 669 1402; x_wconf 86' lang='lat' dir='ltr'><em>Lenel</em></span> <span class='ocrx_word' id='word_1_85' title='bbox 687 1361 757 1402; x_wconf 88' lang='lat' dir='ltr'><em>vero</em></span> <span class='ocrx_word' id='word_1_86' title='bbox 775 1342 808 1402; x_wconf 85' lang='lat' dir='ltr'><em>P.</em></span> <span class='ocrx_word' id='word_1_87' title='bbox 826 1343 858 1401; x_wconf 90' lang='lat' dir='ltr'>H</span> <span class='ocrx_word' id='word_1_88' title='bbox 876 1343 931 1403; x_wconf 87' lang='lat' dir='ltr'><em>eol.</em></span> <span class='ocrx_word' id='word_1_89' title='bbox 952 1346 1036 1404; x_wconf 81' lang='lat'>1261</span> <span class='ocrx_word' id='word_1_90' title='bbox 1058 1343 1170 1404; x_wconf 82' lang='lat' dir='ltr'><em>mavult</em></span> 
     </span>
     <span class='ocr_line' id='line_1_13' title="bbox 159 1430 1168 1510; baseline -0.003 -18"><span class='ocrx_word' id='word_1_91' title='bbox 159 1434 204 1493; x_wconf 79' lang='lat' dir='ltr'><em>iia</em></span> <span class='ocrx_word' id='word_1_92' title='bbox 221 1434 447 1510; x_wconf 82' lang='lat' dir='ltr'><em>interpungere:</em></span> <span class='ocrx_word' id='word_1_93' title='bbox 465 1435 547 1492; x_wconf 80' lang='lat' dir='ltr'><em>nerto</em></span> <span class='ocrx_word' id='word_1_94' title='bbox 565 1432 669 1510; x_wconf 82' lang='lat' dir='ltr'><em>generi</em></span> <span class='ocrx_word' id='word_1_95' title='bbox 688 1461 727 1473; x_wconf 89' lang='lat'><em>-</em></span> <span class='ocrx_word' id='word_1_96' title='bbox 748 1430 853 1491; x_wconf 87' lang='lat' dir='ltr'><em>vineis.</em></span> <span class='ocrx_word' id='word_1_97' title='bbox 888 1432 968 1508; x_wconf 89' lang='lat' dir='ltr'><em>quod</em></span> <span class='ocrx_word' id='word_1_98' title='bbox 992 1450 1029 1490; x_wconf 83' lang='lat' dir='ltr'><em>ea</em></span> <span class='ocrx_word' id='word_1_99' title='bbox 1051 1464 1090 1474; x_wconf 97' lang='lat'>—</span> <span class='ocrx_word' id='word_1_100' title='bbox 1110 1451 1168 1508; x_wconf 88' lang='lat' dir='ltr'><em>per·</em></span> 
     </span>
     <span class='ocr_line' id='line_1_14' title="bbox 158 1521 347 1597; baseline -0.005 -16"><span class='ocrx_word' id='word_1_101' title='bbox 158 1523 249 1597; x_wconf 80' lang='lat' dir='ltr'><em>tinet,</em></span> <span class='ocrx_word' id='word_1_102' title='bbox 271 1521 347 1580; x_wconf 88' lang='lat' dir='ltr'><em>ideo.</em></span> 
     </span>
    </p>

    <p class='ocr_par' dir='ltr' id='par_1_6' title="bbox 157 1620 1169 2309">
     <span class='ocr_line' id='line_1_15' title="bbox 250 1620 1169 1703; baseline -0.002 -17"><span class='ocrx_word' id='word_1_103' title='bbox 250 1622 302 1686; x_wconf 87' lang='grc'><em>50.</em></span> <span class='ocrx_word' id='word_1_104' title='bbox 329 1621 369 1686; x_wconf 90' lang='lat' dir='ltr'><em>D.</em></span> <span class='ocrx_word' id='word_1_105' title='bbox 383 1621 459 1686; x_wconf 89' lang='lat' dir='ltr'>ibid.</span> <span class='ocrx_word' id='word_1_106' title='bbox 474 1625 494 1701; x_wconf 66' lang='grc' dir='ltr'>ξ</span> <span class='ocrx_word' id='word_1_107' title='bbox 511 1623 539 1686; x_wconf 92' lang='grc'><em>1.</em></span> <span class='ocrx_word' id='word_1_108' title='bbox 565 1659 602 1669; x_wconf 90' lang='grc'>-</span> <span class='ocrx_word' id='word_1_109' title='bbox 628 1620 665 1686; x_wconf 82' lang='lat' dir='ltr'><em>Si</em></span> <span class='ocrx_word' id='word_1_110' title='bbox 688 1626 767 1686; x_wconf 85' lang='lat' dir='ltr'><em>totus</em></span> <span class='ocrx_word' id='word_1_111' title='bbox 789 1641 862 1703; x_wconf 72' lang='lat' dir='ltr'><em>aqer</em></span> <span class='ocrx_word' id='word_1_112' title='bbox 884 1622 992 1686; x_wconf 92' lang='lat' dir='ltr'><em>itineri</em></span> <span class='ocrx_word' id='word_1_113' title='bbox 1013 1627 1073 1685; x_wconf 91' lang='lat' dir='ltr'><em>aut</em></span> <span class='ocrx_word' id='word_1_114' title='bbox 1093 1621 1169 1686; x_wconf 87' lang='lat' dir='ltr'><em>aetni</em></span> 
     </span>
     <span class='ocr_line' id='line_1_16' title="bbox 160 1710 1167 1795; baseline 0 -19"><span class='ocrx_word' id='word_1_115' title='bbox 160 1712 260 1795; x_wconf 79' lang='lat' dir='ltr'><em>servit,</em></span> <span class='ocrx_word' id='word_1_116' title='bbox 283 1712 427 1776; x_wconf 85' lang='lat' dir='ltr'><em>doninus</em></span> <span class='ocrx_word' id='word_1_117' title='bbox 448 1712 484 1775; x_wconf 90' lang='lat' dir='ltr'><em>in</em></span> <span class='ocrx_word' id='word_1_118' title='bbox 505 1731 538 1775; x_wconf 89' lang='lat' dir='ltr'><em>eo</em></span> <span class='ocrx_word' id='word_1_119' title='bbox 561 1731 636 1793; x_wconf 69' lang='lat' dir='ltr'><em>aare</em></span> <span class='ocrx_word' id='word_1_120' title='bbox 658 1710 739 1774; x_wconf 84' lang='lat' dir='ltr'><em>nibil</em></span> <span class='ocrx_word' id='word_1_121' title='bbox 759 1710 861 1791; x_wconf 81' lang='lat' dir='ltr'><em>faeere</em></span> <span class='ocrx_word' id='word_1_122' title='bbox 871 1714 981 1792; x_wconf 76' lang='lat' dir='ltr'><em>petest,</em></span> <span class='ocrx_word' id='word_1_123' title='bbox 1003 1731 1064 1792; x_wconf 77' lang='lat' dir='ltr'><em>qua</em></span> <span class='ocrx_word' id='word_1_124' title='bbox 1082 1711 1167 1776; x_wconf 75' lang='lat' dir='ltr'><em>serr&#39;r</em></span> 
     </span>
     <span class='ocr_line' id='line_1_17' title="bbox 160 1799 1168 1884; baseline -0.001 -19"><span class='ocrx_word' id='word_1_125' title='bbox 160 1805 211 1865; x_wconf 78' lang='lat' dir='ltr'><em>tue</em></span> <span class='ocrx_word' id='word_1_126' title='bbox 236 1801 436 1884; x_wconf 77' lang='lat' dir='ltr'><em>impediatur,</em></span> <span class='ocrx_word' id='word_1_127' title='bbox 463 1821 540 1881; x_wconf 80' lang='lat' dir='ltr'><em>quae</em></span> <span class='ocrx_word' id='word_1_128' title='bbox 567 1801 614 1864; x_wconf 91' lang='lat' dir='ltr'><em>ita</em></span> <span class='ocrx_word' id='word_1_129' title='bbox 640 1799 759 1878; x_wconf 77' lang='lat' dir='ltr'><em>diffusa</em></span> <span class='ocrx_word' id='word_1_130' title='bbox 787 1804 843 1877; x_wconf 80' lang='lat' dir='ltr'><em>eat,</em></span> <span class='ocrx_word' id='word_1_131' title='bbox 870 1802 906 1863; x_wconf 92' lang='lat' dir='ltr'><em>ut</em></span> <span class='ocrx_word' id='word_1_132' title='bbox 927 1819 1030 1864; x_wconf 80' lang='lat' dir='ltr'><em>omnes</em></span> <span class='ocrx_word' id='word_1_133' title='bbox 1050 1799 1168 1882; x_wconf 73' lang='lat' dir='ltr'><em>yiaebae</em></span> 
     </span>
     <span class='ocr_line' id='line_1_18' title="bbox 160 1887 1168 1971; baseline -0.003 -17"><span class='ocrx_word' id='word_1_134' title='bbox 160 1890 309 1971; x_wconf 78' lang='lat' dir='ltr'><em>seruiunt,</em></span> <span class='ocrx_word' id='word_1_135' title='bbox 334 1890 440 1954; x_wconf 82' lang='lat' dir='ltr'><em>antei</em></span> <span class='ocrx_word' id='word_1_136' title='bbox 461 1891 520 1952; x_wconf 91' lang='lat' dir='ltr'><em>iter</em></span> <span class='ocrx_word' id='word_1_137' title='bbox 542 1893 662 1953; x_wconf 82' lang='lat' dir='ltr'><em>natusne</em></span> <span class='ocrx_word' id='word_1_138' title='bbox 684 1889 750 1952; x_wconf 79' lang='lat' dir='ltr'><em>sine</em></span> <span class='ocrx_word' id='word_1_139' title='bbox 771 1887 839 1952; x_wconf 83' lang='lat' dir='ltr'><em>ulia</em></span> <span class='ocrx_word' id='word_1_140' title='bbox 861 1888 1114 1954; x_wconf 78' lang='lat' dir='ltr'><em>determinatione</em></span> <span class='ocrx_word' id='word_1_141' title='bbox 1134 1887 1168 1951; x_wconf 72' lang='lat' dir='ltr'><em>le</em></span> 
     </span>
     <span class='ocr_line' id='line_1_19' title="bbox 157 1977 1168 2060; baseline -0.001 -17"><span class='ocrx_word' id='word_1_142' title='bbox 157 1983 250 2060; x_wconf 73' lang='lat' dir='ltr'><em>yetus</em></span> <span class='ocrx_word' id='word_1_143' title='bbox 272 1983 323 2057; x_wconf 84' lang='lat' dir='ltr'><em>est,</em></span> <span class='ocrx_word' id='word_1_144' title='bbox 345 1978 433 2042; x_wconf 86' lang='lat' dir='ltr'><em>mado</em></span> <span class='ocrx_word' id='word_1_145' title='bbox 456 1977 708 2042; x_wconf 79' lang='lat' dir='ltr'><em>determinabitur</em></span> <span class='ocrx_word' id='word_1_146' title='bbox 725 1981 754 2041; x_wconf 90' lang='lat' dir='ltr'><em>et</em></span> <span class='ocrx_word' id='word_1_147' title='bbox 771 1997 833 2057; x_wconf 80' lang='lat' dir='ltr'><em>qua</em></span> <span class='ocrx_word' id='word_1_148' title='bbox 845 1977 986 2059; x_wconf 74' lang='lat' dir='ltr'><em>primurn</em></span> <span class='ocrx_word' id='word_1_149' title='bbox 1005 1978 1065 2040; x_wconf 88' lang='lat' dir='ltr'><em>iter</em></span> <span class='ocrx_word' id='word_1_150' title='bbox 1082 1978 1168 2042; x_wconf 79' lang='lat' dir='ltr'><em>deter-</em></span> 
     </span>
     <span class='ocr_line' id='line_1_20' title="bbox 159 2062 1167 2150; baseline -0.002 -19"><span class='ocrx_word' id='word_1_151' title='bbox 159 2068 315 2132; x_wconf 90' lang='lat' dir='ltr'><em>rninaturn</em></span> <span class='ocrx_word' id='word_1_152' title='bbox 341 2071 397 2150; x_wconf 87' lang='lat' dir='ltr'><em>est,</em></span> <span class='ocrx_word' id='word_1_153' title='bbox 424 2087 462 2130; x_wconf 90' lang='lat' dir='ltr'><em>ea</em></span> <span class='ocrx_word' id='word_1_154' title='bbox 488 2067 617 2131; x_wconf 81' lang='lat' dir='ltr'><em>servitus</em></span> <span class='ocrx_word' id='word_1_155' title='bbox 643 2062 808 2147; x_wconf 83' lang='lat' dir='ltr'><em>eansiet&#39;t²‚</em></span> <span class='ocrx_word' id='word_1_156' title='bbox 835 2070 947 2130; x_wconf 83' lang='lat' dir='ltr'><em>ceterae</em></span> <span class='ocrx_word' id='word_1_157' title='bbox 968 2071 1079 2146; x_wconf 78' lang='lat' dir='ltr'><em>partes</em></span> <span class='ocrx_word' id='word_1_158' title='bbox 1105 2065 1167 2148; x_wconf 65' lang='lat' dir='ltr'><em>aeri</em></span> 
     </span>
     <span class='ocr_line' id='line_1_21' title="bbox 160 2155 1167 2238; baseline 0 -18"><span class='ocrx_word' id='word_1_159' title='bbox 160 2156 271 2221; x_wconf 87' lang='lat' dir='ltr'><em>irberae</em></span> <span class='ocrx_word' id='word_1_160' title='bbox 293 2160 372 2221; x_wconf 82' lang='lat' dir='ltr'><em>sunt.</em></span> <span class='ocrx_word' id='word_1_161' title='bbox 404 2156 501 2238; x_wconf 76' lang='lat' dir='ltr'><em>iyitur</em></span> <span class='ocrx_word' id='word_1_162' title='bbox 522 2155 637 2219; x_wconf 84' lang='lat' dir='ltr'><em>arbiter</em></span> <span class='ocrx_word' id='word_1_163' title='bbox 658 2155 781 2219; x_wconf 80' lang='lat' dir='ltr'><em>dandus</em></span> <span class='ocrx_word' id='word_1_164' title='bbox 802 2158 853 2238; x_wconf 85' lang='lat' dir='ltr'><em>est,</em></span> <span class='ocrx_word' id='word_1_165' title='bbox 875 2155 929 2234; x_wconf 78' lang='lat' dir='ltr'><em>qui</em></span> <span class='ocrx_word' id='word_1_166' title='bbox 950 2159 1080 2236; x_wconf 79' lang='lat' dir='ltr'><em>utraque</em></span> <span class='ocrx_word' id='word_1_167' title='bbox 1101 2174 1167 2220; x_wconf 67' lang='lat' dir='ltr'><em>eant</em></span> 
     </span>
     <span class='ocr_line' id='line_1_22' title="bbox 159 2243 579 2309; baseline -0.005 0"><span class='ocrx_word' id='word_1_168' title='bbox 159 2245 244 2309; x_wconf 87' lang='lat' dir='ltr'><em>niarn</em></span> <span class='ocrx_word' id='word_1_169' title='bbox 266 2245 468 2309; x_wconf 85' lang='lat' dir='ltr'><em>determinare</em></span> <span class='ocrx_word' id='word_1_170' title='bbox 490 2243 579 2308; x_wconf 90' lang='lat' dir='ltr'><em>debet.</em></span> 
     </span>
    </p>

    <p class='ocr_par' dir='ltr' id='par_1_7' title="bbox 159 2331 1167 2680">
     <span class='ocr_line' id='line_1_23' title="bbox 250 2331 1167 2414; baseline -0.003 -16"><span class='ocrx_word' id='word_1_171' title='bbox 250 2334 301 2399; x_wconf 83' lang='lat'><em>51.</em></span> <span class='ocrx_word' id='word_1_172' title='bbox 334 2339 370 2397; x_wconf 91' lang='lat' dir='ltr'><em>D.</em></span> <span class='ocrx_word' id='word_1_173' title='bbox 388 2331 464 2397; x_wconf 88' lang='lat' dir='ltr'><em>ibid.</em></span> <span class='ocrx_word' id='word_1_174' title='bbox 482 2334 502 2413; x_wconf 65' lang='grc' dir='ltr'><strong>ἕ</strong></span> <span class='ocrx_word' id='word_1_175' title='bbox 522 2333 551 2395; x_wconf 87' lang='grc'><em>2.</em></span> <span class='ocrx_word' id='word_1_176' title='bbox 578 2368 615 2378; x_wconf 95' lang='grc'>-</span> <span class='ocrx_word' id='word_1_177' title='bbox 641 2331 789 2396; x_wconf 88' lang='lat' dir='ltr'><em>Latitudo</em></span> <span class='ocrx_word' id='word_1_178' title='bbox 816 2335 902 2396; x_wconf 80' lang='lat' dir='ltr'><em>aetna</em></span> <span class='ocrx_word' id='word_1_179' title='bbox 929 2332 1112 2414; x_wconf 60' lang='lat' dir='ltr'><em>itineraque</em></span> <span class='ocrx_word' id='word_1_180' title='bbox 1136 2351 1167 2395; x_wconf 86' lang='lat' dir='ltr'><em>ea</em></span> 
     </span>
     <span class='ocr_line' id='line_1_24' title="bbox 159 2419 1167 2506; baseline -0.002 -20"><span class='ocrx_word' id='word_1_181' title='bbox 159 2426 215 2506; x_wconf 86' lang='lat' dir='ltr'><em>est,</em></span> <span class='ocrx_word' id='word_1_182' title='bbox 238 2443 316 2504; x_wconf 81' lang='lat' dir='ltr'><em>qnae</em></span> <span class='ocrx_word' id='word_1_183' title='bbox 338 2423 545 2486; x_wconf 78' lang='lat' dir='ltr'><em>demonstrata</em></span> <span class='ocrx_word' id='word_1_184' title='bbox 567 2425 617 2486; x_wconf 85' lang='lat' dir='ltr'><em>est.</em></span> <span class='ocrx_word' id='word_1_185' title='bbox 653 2421 784 2502; x_wconf 78' lang='lat' dir='ltr'><em>quodsi</em></span> <span class='ocrx_word' id='word_1_186' title='bbox 805 2419 886 2485; x_wconf 80' lang='lat' dir='ltr'><em>nihii</em></span> <span class='ocrx_word' id='word_1_187' title='bbox 907 2420 1024 2485; x_wconf 79' lang='lat' dir='ltr'><em>annm</em></span> <span class='ocrx_word' id='word_1_188' title='bbox 1047 2420 1167 2500; x_wconf 76' lang='lat' dir='ltr'><em>estber</em></span> 
     </span>
     <span class='ocr_line' id='line_1_25' title="bbox 159 2509 1167 2587; baseline -0.002 -13"><span class='ocrx_word' id='word_1_189' title='bbox 159 2511 199 2574; x_wconf 90' lang='lat' dir='ltr'><em>ab</em></span> <span class='ocrx_word' id='word_1_190' title='bbox 221 2511 338 2574; x_wconf 90' lang='lat' dir='ltr'><em>arbitro</em></span> <span class='ocrx_word' id='word_1_191' title='bbox 360 2511 556 2575; x_wconf 84' lang='lat' dir='ltr'><em>statuendum</em></span> <span class='ocrx_word' id='word_1_192' title='bbox 579 2513 629 2575; x_wconf 85' lang='lat' dir='ltr'><em>est.</em></span> <span class='ocrx_word' id='word_1_193' title='bbox 670 2510 704 2572; x_wconf 87' lang='lat' dir='ltr'><em>in</em></span> <span class='ocrx_word' id='word_1_194' title='bbox 725 2510 779 2573; x_wconf 86' lang='lat' dir='ltr'><em>aia</em></span> <span class='ocrx_word' id='word_1_195' title='bbox 801 2509 890 2572; x_wconf 88' lang='lat' dir='ltr'><em>atiud</em></span> <span class='ocrx_word' id='word_1_196' title='bbox 909 2509 992 2574; x_wconf 81' lang='lat' dir='ltr'><em>iuris</em></span> <span class='ocrx_word' id='word_1_197' title='bbox 1015 2515 1076 2587; x_wconf 81' lang='lat' dir='ltr'><em>eet,·</em></span> <span class='ocrx_word' id='word_1_198' title='bbox 1098 2529 1167 2574; x_wconf 90' lang='lat' dir='ltr'><em>nan</em></span> 
     </span>
     <span class='ocr_line' id='line_1_26' title="bbox 159 2597 918 2680; baseline -0.001 -18"><span class='ocrx_word' id='word_1_199' title='bbox 159 2599 189 2663; x_wconf 85' lang='lat' dir='ltr'><em>si</em></span> <span class='ocrx_word' id='word_1_200' title='bbox 210 2600 292 2663; x_wconf 88' lang='lat' dir='ltr'><em>dieta</em></span> <span class='ocrx_word' id='word_1_201' title='bbox 316 2599 444 2664; x_wconf 83' lang='lat' dir='ltr'><em>latitudo</em></span> <span class='ocrx_word' id='word_1_202' title='bbox 466 2619 530 2663; x_wconf 92' lang='lat' dir='ltr'><em>non</em></span> <span class='ocrx_word' id='word_1_203' title='bbox 552 2603 607 2680; x_wconf 86' lang='lat' dir='ltr'><em>est,</em></span> <span class='ocrx_word' id='word_1_204' title='bbox 631 2597 768 2680; x_wconf 64' lang='lat' dir='ltr'><em>lenitirna</em></span> <span class='ocrx_word' id='word_1_205' title='bbox 789 2597 918 2662; x_wconf 87' lang='lat' dir='ltr'><em>debetur.</em></span> 
     </span>
    </p>

    <p class='ocr_par' dir='ltr' id='par_1_8' title="bbox 154 2685 1167 3214">
     <span class='ocr_line' id='line_1_27' title="bbox 249 2685 1167 2767; baseline -0.002 -16"><span class='ocrx_word' id='word_1_206' title='bbox 249 2687 301 2751; x_wconf 83' lang='lat'><em>52.</em></span> <span class='ocrx_word' id='word_1_207' title='bbox 335 2687 372 2752; x_wconf 92' lang='lat' dir='ltr'><em>D.</em></span> <span class='ocrx_word' id='word_1_208' title='bbox 387 2687 462 2752; x_wconf 88' lang='lat' dir='ltr'><em>ibid.</em></span> <span class='ocrx_word' id='word_1_209' title='bbox 477 2690 496 2767; x_wconf 66' lang='grc' dir='ltr'>ἓ</span> <span class='ocrx_word' id='word_1_210' title='bbox 511 2688 541 2752; x_wconf 87' lang='grc'><em>3.</em></span> <span class='ocrx_word' id='word_1_211' title='bbox 562 2724 600 2734; x_wconf 90' lang='grc'>-</span> <span class='ocrx_word' id='word_1_212' title='bbox 622 2685 660 2751; x_wconf 81' lang='lat' dir='ltr'><em>Si</em></span> <span class='ocrx_word' id='word_1_213' title='bbox 682 2687 764 2750; x_wconf 83' lang='lat' dir='ltr'><em>loeus</em></span> <span class='ocrx_word' id='word_1_214' title='bbox 786 2707 849 2750; x_wconf 87' lang='lat' dir='ltr'><em>non</em></span> <span class='ocrx_word' id='word_1_215' title='bbox 871 2687 990 2750; x_wconf 80' lang='lat' dir='ltr'><em>adiecta</em></span> <span class='ocrx_word' id='word_1_216' title='bbox 1009 2687 1167 2753; x_wconf 80' lang='lat' dir='ltr'><em>latitudine</em></span> 
     </span>
     <span class='ocr_line' id='line_1_28' title="bbox 160 2775 1165 2860; baseline 0.002 -21"><span class='ocrx_word' id='word_1_217' title='bbox 160 2777 338 2840; x_wconf 87' lang='lat' dir='ltr'><em>nominatus</em></span> <span class='ocrx_word' id='word_1_218' title='bbox 365 2781 421 2860; x_wconf 83' lang='lat' dir='ltr'><em>eat,</em></span> <span class='ocrx_word' id='word_1_219' title='bbox 443 2797 500 2857; x_wconf 75' lang='lat' dir='ltr'><em>per</em></span> <span class='ocrx_word' id='word_1_220' title='bbox 527 2797 596 2840; x_wconf 82' lang='lat' dir='ltr'><em>eune</em></span> <span class='ocrx_word' id='word_1_221' title='bbox 623 2775 756 2857; x_wconf 78' lang='lat' dir='ltr'><em>qnalibet</em></span> <span class='ocrx_word' id='word_1_222' title='bbox 778 2776 822 2838; x_wconf 94' lang='lat' dir='ltr'><em>iri</em></span> <span class='ocrx_word' id='word_1_223' title='bbox 837 2775 967 2857; x_wconf 78' lang='lat' dir='ltr'><em>paterit;</em></span> <span class='ocrx_word' id='word_1_224' title='bbox 995 2777 1048 2840; x_wconf 82' lang='lat' dir='ltr'><em>sin</em></span> <span class='ocrx_word' id='word_1_225' title='bbox 1072 2781 1165 2841; x_wconf 88' lang='lat' dir='ltr'><em>auten</em></span> 
     </span>
     <span class='ocr_line' id='line_1_29' title="bbox 154 2865 1165 2949; baseline -0.001 -21"><span class='ocrx_word' id='word_1_226' title='bbox 154 2866 394 2947; x_wconf 61' lang='lat' dir='ltr'><em>anaeterrniasus</em></span> <span class='ocrx_word' id='word_1_227' title='bbox 416 2869 461 2930; x_wconf 82' lang='lat' dir='ltr'><em>est</em></span> <span class='ocrx_word' id='word_1_228' title='bbox 481 2885 574 2946; x_wconf 79' lang='lat' dir='ltr'><em>aeque</em></span> <span class='ocrx_word' id='word_1_229' title='bbox 596 2865 758 2928; x_wconf 81' lang='lat' dir='ltr'><em>latitudine</em></span> <span class='ocrx_word' id='word_1_230' title='bbox 774 2885 836 2927; x_wconf 90' lang='lat' dir='ltr'><em>nen</em></span> <span class='ocrx_word' id='word_1_231' title='bbox 855 2865 984 2949; x_wconf 89' lang='lat' dir='ltr'><em>adieeta,</em></span> <span class='ocrx_word' id='word_1_232' title='bbox 1002 2885 1062 2946; x_wconf 80' lang='lat' dir='ltr'><em>per</em></span> <span class='ocrx_word' id='word_1_233' title='bbox 1080 2870 1165 2930; x_wconf 84' lang='lat' dir='ltr'><em>tetum</em></span> 
     </span>
     <span class='ocr_line' id='line_1_30' title="bbox 158 2953 1165 3035; baseline 0 -19"><span class='ocrx_word' id='word_1_234' title='bbox 158 2953 293 3033; x_wconf 73' lang='lat' dir='ltr'><em>sundran</em></span> <span class='ocrx_word' id='word_1_235' title='bbox 320 2975 386 3018; x_wconf 91' lang='lat' dir='ltr'><em>nna</em></span> <span class='ocrx_word' id='word_1_236' title='bbox 405 2955 522 3035; x_wconf 76' lang='lat' dir='ltr'><em>potnit</em></span> <span class='ocrx_word' id='word_1_237' title='bbox 546 2953 617 3035; x_wconf 71' lang='lat' dir='ltr'><em>etiqi</em></span> <span class='ocrx_word' id='word_1_238' title='bbox 638 2954 690 3016; x_wconf 86' lang='lat' dir='ltr'><em>uia</em></span> <span class='ocrx_word' id='word_1_239' title='bbox 713 2954 877 3016; x_wconf 85' lang='lat' dir='ltr'><em>durntanat</em></span> <span class='ocrx_word' id='word_1_240' title='bbox 897 2953 963 3017; x_wconf 82' lang='lat' dir='ltr'><em>eius</em></span> <span class='ocrx_word' id='word_1_241' title='bbox 987 2953 1165 3028; x_wconf 61' lang='lat' dir='ltr'><em>latitudine,</em></span> 
     </span>
     <span class='ocr_line' id='line_1_31' title="bbox 159 3042 1164 3125; baseline -0.003 -19"><span class='ocrx_word' id='word_1_242' title='bbox 159 3062 238 3123; x_wconf 77' lang='lat' dir='ltr'><em>quae</em></span> <span class='ocrx_word' id='word_1_243' title='bbox 261 3042 321 3125; x_wconf 69' lang='lat' dir='ltr'><em>leae</em></span> <span class='ocrx_word' id='word_1_244' title='bbox 343 3042 554 3125; x_wconf 73' lang='lat' dir='ltr'><em>conprehensa</em></span> <span class='ocrx_word' id='word_1_245' title='bbox 577 3046 636 3117; x_wconf 86' lang='lat' dir='ltr'><em>est,·</em></span> <span class='ocrx_word' id='word_1_246' title='bbox 657 3062 717 3124; x_wconf 78' lang='lat' dir='ltr'><em>pro</em></span> <span class='ocrx_word' id='word_1_247' title='bbox 739 3061 797 3123; x_wconf 80' lang='lat' dir='ltr'><em>quo</em></span> <span class='ocrx_word' id='word_1_248' title='bbox 820 3042 899 3124; x_wconf 84' lang='lat' dir='ltr'><em>ipse,</em></span> <span class='ocrx_word' id='word_1_249' title='bbox 921 3042 950 3105; x_wconf 88' lang='lat' dir='ltr'><em>si</em></span> <span class='ocrx_word' id='word_1_250' title='bbox 973 3043 1164 3123; x_wconf 77' lang='lat' dir='ltr'><em>dubitabitur,</em></span> 
     </span>
     <span class='ocr_line' id='line_1_32' title="bbox 159 3131 729 3214; baseline -0.002 -20"><span class='ocrx_word' id='word_1_251' title='bbox 159 3131 273 3195; x_wconf 90' lang='lat' dir='ltr'><em>arbitri</em></span> <span class='ocrx_word' id='word_1_252' title='bbox 294 3131 431 3214; x_wconf 75' lang='lat' dir='ltr'><em>affieiurn</em></span> <span class='ocrx_word' id='word_1_253' title='bbox 454 3132 657 3196; x_wconf 85' lang='lat' dir='ltr'><em>innoeendnrn</em></span> <span class='ocrx_word' id='word_1_254' title='bbox 679 3134 729 3194; x_wconf 85' lang='lat' dir='ltr'><em>est.</em></span> 
     </span>
    </p>

    <p class='ocr_par' dir='ltr' id='par_1_9' title="bbox 159 3218 1162 3481">
     <span class='ocr_line' id='line_1_33' title="bbox 250 3218 1162 3303; baseline -0.005 -19"><span class='ocrx_word' id='word_1_255' title='bbox 250 3219 301 3285; x_wconf 86' lang='lat'><em>53.</em></span> <span class='ocrx_word' id='word_1_256' title='bbox 334 3219 372 3283; x_wconf 88' lang='lat' dir='ltr'><em>D.</em></span> <span class='ocrx_word' id='word_1_257' title='bbox 392 3221 427 3303; x_wconf 86' lang='lat'><em>8,</em></span> <span class='ocrx_word' id='word_1_258' title='bbox 450 3220 484 3302; x_wconf 88' lang='grc'><em>6,</em></span> <span class='ocrx_word' id='word_1_259' title='bbox 509 3220 550 3283; x_wconf 91' lang='grc'><em>14</em></span> <span class='ocrx_word' id='word_1_260' title='bbox 569 3241 615 3303; x_wconf 88' lang='lat' dir='ltr'><em>pr.</em></span> <span class='ocrx_word' id='word_1_261' title='bbox 665 3218 835 3283; x_wconf 77' lang='lat' dir='ltr'><em>Iavolenus</em></span> <span class='ocrx_word' id='word_1_262' title='bbox 866 3218 950 3282; x_wconf 88' lang='lat' dir='ltr'><em>libro</em></span> <span class='ocrx_word' id='word_1_263' title='bbox 980 3219 1104 3285; x_wconf 84' lang='lat' dir='ltr'><em>decima</em></span> <span class='ocrx_word' id='word_1_264' title='bbox 1129 3238 1162 3282; x_wconf 85' lang='lat' dir='ltr'><em>ex</em></span> 
     </span>
     <span class='ocr_line' id='line_1_34' title="bbox 161 3305 1162 3391; baseline -0.004 -19"><span class='ocrx_word' id='word_1_265' title='bbox 161 3305 284 3373; x_wconf 81' lang='lat' dir='ltr'><em>Caesia.</em></span> <span class='ocrx_word' id='word_1_266' title='bbox 307 3345 351 3355; x_wconf 94' lang='lat'>—</span> <span class='ocrx_word' id='word_1_267' title='bbox 373 3307 411 3372; x_wconf 82' lang='lat' dir='ltr'><em>Si</em></span> <span class='ocrx_word' id='word_1_268' title='bbox 438 3309 533 3391; x_wconf 78' lang='lat' dir='ltr'><em>toene,</em></span> <span class='ocrx_word' id='word_1_269' title='bbox 553 3329 613 3390; x_wconf 75' lang='lat' dir='ltr'><em>per</em></span> <span class='ocrx_word' id='word_1_270' title='bbox 639 3328 727 3389; x_wconf 82' lang='lat' dir='ltr'><em>quern</em></span> <span class='ocrx_word' id='word_1_271' title='bbox 753 3308 806 3372; x_wconf 86' lang='lat' dir='ltr'><em>eia</em></span> <span class='ocrx_word' id='word_1_272' title='bbox 834 3313 890 3372; x_wconf 92' lang='lat' dir='ltr'><em>aut</em></span> <span class='ocrx_word' id='word_1_273' title='bbox 916 3309 975 3372; x_wconf 88' lang='lat' dir='ltr'><em>iter</em></span> <span class='ocrx_word' id='word_1_274' title='bbox 1002 3315 1060 3373; x_wconf 90' lang='lat' dir='ltr'><em>aut</em></span> <span class='ocrx_word' id='word_1_275' title='bbox 1086 3313 1162 3373; x_wconf 74' lang='lat' dir='ltr'><em>uns</em></span> 
     </span>
     <span class='ocr_line' id='line_1_35' title="bbox 159 3397 1159 3481; baseline -0.003 -20"><span class='ocrx_word' id='word_1_276' title='bbox 159 3397 328 3481; x_wconf 88' lang='lat' dir='ltr'><em>debebatur,</em></span> <span class='ocrx_word' id='word_1_277' title='bbox 351 3398 465 3475; x_wconf 71' lang='lat' dir='ltr'><em>impetu</em></span> <span class='ocrx_word' id='word_1_278' title='bbox 487 3397 627 3478; x_wconf 74' lang='lat' dir='ltr'><em>fluminis</em></span> <span class='ocrx_word' id='word_1_279' title='bbox 649 3401 811 3478; x_wconf 78' lang='lat' dir='ltr'><em>occupatus</em></span> <span class='ocrx_word' id='word_1_280' title='bbox 834 3400 910 3461; x_wconf 83' lang='lat' dir='ltr'><em>esset</em></span> <span class='ocrx_word' id='word_1_281' title='bbox 929 3402 959 3461; x_wconf 88' lang='lat' dir='ltr'><em>et</em></span> <span class='ocrx_word' id='word_1_282' title='bbox 976 3398 1065 3463; x_wconf 90' lang='lat' dir='ltr'><em>intra</em></span> <span class='ocrx_word' id='word_1_283' title='bbox 1082 3398 1159 3462; x_wconf 90' lang='lat' dir='ltr'><em>bien·</em></span> 
     </span>
    </p>
   </div>
   <div class='ocr_carea' id='block_1_6' title="bbox 228 3543 464 3600">
    <p class='ocr_par' dir='ltr' id='par_1_10' title="bbox 228 3543 464 3600">
     <span class='ocr_line' id='line_1_36' title="bbox 228 3543 464 3600; baseline 0.004 -3"><span class='ocrx_word' id='word_1_284' title='bbox 228 3548 243 3597; x_wconf 91' lang='lat'>1</span> <span class='ocrx_word' id='word_1_285' title='bbox 263 3543 311 3600; x_wconf 77' lang='lat' dir='ltr'><em>Fi.</em></span> <span class='ocrx_word' id='word_1_286' title='bbox 331 3543 464 3600; x_wconf 79' lang='lat' dir='ltr'><em>constitit.</em></span> 
     </span>
    </p>
   </div>
   <div class='ocr_carea' id='block_1_7' title="bbox 0 0 1220 3944">
    <p class='ocr_par' dir='ltr' id='par_1_11' title="bbox 0 0 1220 3944">
     <span class='ocr_line' id='line_1_37' title="bbox 0 0 1220 3944; baseline 0 1"><span class='ocrx_word' id='word_1_287' title='bbox 0 0 1220 3944; x_wconf 95' lang='lat' dir='ltr'><em> </em></span> 
     </span>
    </p>
   </div>
  </div>
 </body>
</html>
