2430 3944
208 173 228 226 l.
248 171 424 225 VETEltUM
444 170 674 225 SENTENTIAE
693 173 740 226 ΕΤ
758 172 864 226 LIBRI.
979 174 1044 238 515

68 335 155 399 bitor
197 335 365 417 pecuniam
407 335 518 412 solvit,
561 335 730 418 utriusque
768 335 1042 402 demonstratione

68 428 177 489 ssante
209 424 318 506 potior
349 424 524 488 habebitur
554 445 653 488 eausa
682 423 751 487 eius
779 427 934 507 pecuniae
963 449 1044 511 quae

68 514 87 578 b
111 511 246 577 infamia
270 513 413 594 debetur,
436 534 512 577 mox
536 512 603 576 eius
628 534 710 596 quae
729 533 867 596 poenam
892 518 1043 599 eontinet,

68 601 123 666 etio
155 624 236 685 quae
266 602 325 666 sub
350 600 535 686 hypotheca
558 601 609 664 vel
637 601 770 684 pignore
794 606 962 668 eontracta
987 608 1044 672 est.

68 695 100 754 st
133 691 217 754 huno
251 690 396 754 ordinem
428 691 536 774 potior
567 689 741 754 habebitur
776 691 910 776 propria
947 714 1044 776 quam

70 801 133 842 ena
148 801 254 862 eausa,
269 779 369 843 veluti
382 779 592 858 fideiussoris,
607 779 691 863 quod
708 783 832 844 veteres
846 781 918 845 ideo
936 781 1045 846 defini·

68 873 126 951 mt,
159 868 244 952 quod
268 868 442 932 verisimile
468 868 630 932 videretur
653 867 841 952 diligentem
864 870 1044 934 debitorem

68 957 229 1022 monitum
252 957 300 1021 ita
321 957 490 1041 negotium
512 979 606 1021 suum
630 959 797 1041 gesturum
820 959 928 1026 fuisse

257 1143 307 1208 De
329 1143 518 1226 adquirendo
541 1163 645 1207 rerem
668 1144 812 1209 dominio.

115 1267 166 1334 53.
190 1268 229 1332 D.
248 1269 301 1353 41,
320 1268 350 1352 2,
376 1269 404 1351 l,
426 1268 475 1334 16.
506 1267 628 1332 Paulus
647 1267 730 1332 libro
750 1268 1042 1356 quinquagensimo

70 1360 142 1421 arto
172 1358 210 1422 ad
240 1358 388 1421 edietum.
414 1393 452 1403 -
479 1357 616 1422 Veteres
640 1360 836 1440 putaverunt
858 1381 923 1424 non
946 1383 1042 1444 posse

68 1467 302 1599 pepqppaqiesrvum
317 1445 549 1510 hereditarium
560 1445 737 1530 adquirere,
751 1446 836 1530 quod
847 1447 890 1512 sit
899 1449 1042 1515 eiusdem

271 1686 321 1751 De
338 1687 529 1770 possessione
550 1690 580 1750 et
600 1687 796 1768 eseeapioee.

112 1810 165 1876 54.
211 1809 251 1876 D.
274 1811 324 1891 41,
350 1811 380 1892 2,
408 1812 438 1889 3,
469 1812 518 1876 18.
559 1809 678 1875 Paulus
706 1810 791 1874 libro
820 1811 1037 1897 quinquagen-

68 1921 107 1964 no
136 1903 250 1982 quarto
280 1899 319 1963 ad
348 1900 496 1965 edietum.
532 1936 569 1945 -
606 1897 640 1963 Si
672 1920 740 1962 rem
768 1899 853 1982 apud
883 1903 916 1964 te
945 1901 1040 1985 depo·

67 2010 121 2052 am
144 1988 225 2052 furti
247 1987 388 2052 faciendi
407 2010 505 2053 eausa
523 1987 783 2071 contrectaveris,
806 1987 919 2052 desino
938 1991 1053 2071 possi·

68 2098 106 2141 re.
163 2077 219 2141 sed
257 2077 285 2141 si
322 2098 392 2140 eam
430 2077 502 2142 loeo
539 2099 606 2141 non
638 2076 776 2141 moveris
809 2079 842 2140 et
877 2077 1040 2142 infitiandi

67 2166 169 2230 imum
201 2164 331 2249 habeas,
364 2166 506 2250 plerique
541 2171 686 2230 veterum
719 2166 1040 2248 ...responderunt

68 2276 245 2319 ssessorem
269 2277 319 2319 me
343 2275 484 2318 manere.
499 2304 528 2319 ..

112 2366 149 2425 of.
172 2365 212 2443 Il,
237 2368 255 2424 2
279 2386 308 2442 p.
328 2368 401 2426 357.

113 2483 179 2550 55³.
208 2484 247 2549 D.
265 2485 342 2551 ibid.
365 2488 385 2566 ξ
406 2485 455 2551 19.
472 2523 514 2531 -
529 2536 535 2549 .
552 2537 580 2550 ,.
604 2509 623 2550 a
642 2485 803 2550 veteribus
827 2487 1040 2568 praeseptum

68 2597 87 2658 3,
113 2573 277 2638 neminem
302 2574 365 2639 sibi
387 2575 494 2657 ipsum
518 2596 650 2639 eausam
673 2573 889 2656 possessionis
911 2579 1040 2639 mutare

69 2684 130 2726 sse.

113 2775 181 2843 55¹³.
209 2777 247 2842 D.
276 2779 329 2862 41,
358 2780 391 2862 2,
427 2780 476 2861 19,
510 2781 538 2843 1.
584 2776 758 2842 Marcellus
785 2776 869 2842 libro
899 2778 1037 2862 septimo

68 2867 150 2932 aimo
177 2866 399 2952 Digestorum.
426 2905 463 2913 —
490 2866 700 2950 ..seriptum
729 2869 779 2931 est
805 2866 890 2950 apud
914 2871 1038 2932 veteres

68 2955 187 3021 minem
212 2956 274 3021 sibi
299 2978 429 3021 eausam
453 2955 667 3040 possessionis
689 2976 785 3038 posse
809 2959 943 3022 mutare.

438 3143 488 3208 De
509 3143 626 3207 itinere.

114 3265 166 3331 56.
198 3265 238 3332 D.
270 3265 323 3351 43,
358 3267 408 3348 19,
439 3267 461 3330 4
493 3289 539 3350 pr.
595 3264 772 3331 Venuleius
809 3267 892 3331 libro
930 3265 1036 3348 primo

68 3356 283 3421 terdietorum.
313 3392 351 3401 -
383 3355 517 3419 Veteres
548 3355 741 3420 nominatim
773 3354 970 3437 adiciebant,
1003 3358 1040 3418 ut

94 3465 235 3528 quoque,
268 3466 350 3528 quae
382 3444 422 3508 ad
457 3444 665 3509 refectionem
698 3444 792 3508 utilia
824 3444 947 3526 essent,
984 3444 1039 3507 ad-

68 3533 170 3598 stanti
194 3533 242 3598 vis
265 3555 332 3598 non
353 3534 454 3598 fieret.

782 3634 839 3687 bb*
