2430 3944
455 128 480 178 r.
498 120 686 178 racemus
734 82 739 89 ⁵
1014 122 1074 186 141

166 282 201 350 p·
224 284 269 351 Id.
284 286 316 367 3,
330 286 383 351 87.
409 321 447 332 -
473 283 557 349 Suus
580 334 612 351 ..
635 288 668 349 et
691 285 893 350 necessarius
916 285 1011 351 heres
1036 309 1077 351 an

48 439 53 451 ‚
103 373 188 459 siquid
213 378 313 459 agant
339 375 372 438 in
401 374 472 439 iure
500 372 640 438 cedendo
668 369 726 460 (sc.
747 374 925 458 legitimam
953 375 1077 440 heredi-

101 461 188 548 tatem)
212 462 462 546 quaeritur...
490 461 634 526 diversae
662 462 793 527 scholae
817 466 964 528 auctores
993 464 1078 528 idem

98 571 136 617 cos
150 571 237 637 agore
253 556 381 636 putant,
400 551 486 636 quod
505 552 604 616 ceteri
622 555 698 634 post
713 551 835 615 aditam
852 551 1077 637 hereditatem,

97 637 155 704 nihii
177 640 259 704 enim
294 641 442 724 interest,
475 643 583 705 utrum
612 640 729 723 aliquis
753 640 912 704 cernendo
936 644 994 704 aut
1019 663 1078 725 pro

99 725 184 793 brodo
196 729 336 814 gerendo
354 729 448 795 hores
463 729 530 812 fiat,
549 751 589 793 an
605 729 685 794 iuris
699 728 892 793 necessitate
906 727 1079 794 hereditati

98 814 296 903 defingunt.

262 1001 310 1060 Dc
330 1004 416 1074 saepto
437 1001 482 1059 ecl
503 1002 587 1059 irrito
610 1001 687 1073 focio
710 1004 883 1060 testamento.

159 1119 198 1185 8?
228 1124 376 1184 Postumo
398 1125 449 1201 qui
472 1141 544 1184 voce
566 1142 627 1182 nou
649 1123 759 1183 emissa
781 1123 966 1203 decessisset,
987 1128 1080 1184 testa·

97 1214 200 1272 nutum
226 1232 289 1273 non
315 1216 440 1291 ruptum
467 1212 532 1272 fieri
558 1212 703 1272 Proculus
731 1212 860 1272 fortasse
888 1212 1080 1273 existimarit.

97 1298 157 1361 dc.
170 1304 197 1377 6,
213 1305 266 1380 29,
281 1304 352 1379 3pr.
375 1293 482 1383 (supra
499 1301 539 1378 Π,
555 1305 571 1360 l
595 1321 624 1376 p.
638 1292 729 1382 426).

391 1472 442 1540 De
462 1473 627 1540 tarditate
649 1474 756 1539 leberti.

157 1598 185 1665 9.
210 1598 251 1663 D.
266 1597 319 1677 35,
337 1600 364 1681 1,
377 1597 421 1664 43
431 1621 478 1682 pr.
523 1597 646 1663 Paulus
673 1597 758 1662 libro
784 1601 898 1663 octavo
923 1599 964 1663 ad
987 1597 1079 1662 Plau·

97 1683 161 1751 tium
182 1724 224 1734 -
247 1685 410 1752 Plautius:
435 1687 582 1772 Rogatus
606 1690 657 1751 est
678 1687 773 1751 heres
797 1709 817 1751 a
838 1687 956 1751 liberto
980 1691 1081 1751 testa-

98 1774 155 1854 tore,
180 1782 215 1841 ut
242 1775 405 1860 perceptis
434 1776 498 1840 sibi
525 1775 635 1840 decem
662 1779 768 1839 totam
795 1774 1009 1840 hereditatem
1034 1798 1081 1840 re·

98 1863 225 1929 arderet
282 1869 398 1948 postea
432 1869 591 1949 patronus
628 1863 770 1929 defuncti
810 1864 967 1929 bonorum
1009 1886 1083 1947 pos-

99 1952 244 2018 sessiouem
264 1959 379 2018 contra
397 1953 527 2019 tabulas
542 1953 682 2037 petierat
696 1957 729 2016 et
742 1956 869 2036 partem
883 1953 1082 2033 hereditatis,

99 2058 154 2120 quae
181 2042 374 2126 debebatur,
407 2042 595 2107 abstulerat.
648 2041 804 2106 Proculus
831 2039 964 2106 Cassius
995 2041 1082 2105 fidei-

99 2131 325 2196 commissarium
356 2154 416 2216 pro
444 2137 517 2195 rata
550 2131 635 2215 quod
667 2132 765 2196 solvit
793 2133 937 2214 repetere
966 2130 1081 2194 debere

100 2215 168 2284 dunt

160 2308 208 2372 10.
240 2306 353 2390 1137,
374 2308 542 2392 14,17pr.
592 2307 682 2372 Idem
712 2304 770 2394 (sc.
794 2303 971 2393 Ulpianus)
999 2307 1082 2372 libro

98 2395 238 2462 undecimo
267 2397 308 2461 ad
336 2397 443 2480 legem
471 2395 589 2461 Iuliam
618 2401 651 2460 et
676 2395 811 2481 Papiam
840 2396 888 2480 (P.
906 2393 1015 2483 2023).
1043 2433 1081 2443 -

98 2476 148 2548 Diri
166 2485 283 2551 fratres
306 2488 342 2550 in
363 2485 444 2550 haec
467 2487 566 2551 verba
584 2485 832 2569 rescripserunt:
855 2485 1082 2570 ‘comperimus

98 2575 324 2655 aperitioribus
352 2574 535 2640 dubitatum
563 2574 751 2658 aliquando,
778 2596 821 2639 an
847 2596 948 2657 nepos
972 2580 1084 2640 contra

96 2660 194 2728 tabulas
237 2663 320 2728 aviti
359 2662 466 2729 liberti
504 2664 664 2729 bonorum
701 2663 938 2746 possessionem
974 2667 1083 2748 petere

96 2751 187 2834 possit,
217 2753 246 2817 si
274 2773 347 2816 cum
375 2752 528 2817 libertum
555 2755 651 2835 pater
678 2753 797 2835 patris,
825 2775 898 2818 cum
927 2774 1083 2816 annorum

95 2835 350 2926 vigintiquinque
374 2845 468 2923 esset,
490 2841 608 2924 capitis
632 2844 824 2923 accusasset,
853 2845 885 2905 et
909 2841 1084 2906 Proculum

52 2936 54 2973 ³
160 2930 192 2994 in
219 2931 282 2994 hac
310 2929 463 3013 opinione
490 2929 603 3013 fuisse,
633 2932 670 2993 ut
697 2931 809 3012 nepoti
836 2930 870 2993 in
898 2929 1084 2994 huiusmodi

95 3034 167 3081 ausa
188 3039 255 3083 non
278 3023 410 3102 putaret
432 3019 571 3084 dandam
597 3020 755 3084 bonorum
778 3019 1039 3102 possessionem!

163 3107 210 3172 11.
238 3107 279 3171 D.
293 3107 370 3172 ibid.
384 3110 403 3188 ξ
419 3107 448 3174 1.
471 3145 513 3154 -
537 3156 570 3172 ..
598 3107 783 3191 quaesitum
811 3111 872 3190 est,
901 3108 928 3172 si
955 3109 1084 3192 patroni

95 3188 159 3258 filius
198 3196 316 3280 capitis
353 3198 552 3262 accusaverit
587 3196 753 3281 libertum,
795 3218 836 3261 an
872 3197 933 3261 hoc
969 3202 1084 3260 noceat

94 3276 181 3348 liberis
212 3285 325 3369 ipsius.
375 3291 408 3350 et
434 3284 590 3351 Proculus
623 3331 658 3348 ..
690 3285 724 3350 in
754 3286 815 3350 hac
842 3285 906 3350 fuit
933 3285 1084 3367 opinione

95 3373 184 3437 uotam
207 3374 394 3458 adspersam
417 3374 550 3458 patroni
572 3373 641 3438 filio
664 3373 775 3439 liberis
800 3375 867 3439 eius
891 3394 1015 3439 nocere.

161 3486 195 3546 ci.
217 3486 372 3562 Responsa
393 3507 421 3563 p.
438 3489 510 3547 106.
