2430 3944
97 158 162 221 282
199 158 232 212 V.
251 159 401 213 NERVAE
419 161 467 215 ΕΤ
486 159 640 216 TRAIANI
657 163 768 217 ΤΕΜΡ.
786 162 882 218 IURIS
901 162 1083 220 CONSULTI

184 321 250 386 25?
273 319 477 407 1).21,1,50.
515 323 664 390 Iulianus
684 326 768 392 libro
788 329 903 411 quarto
922 349 962 391 ex
980 325 1113 392 Minicio

96 408 144 493 (P.
159 408 248 495 864).
274 446 311 458 -
336 410 515 478 Varicosus
540 435 638 478 sanus
661 437 728 481 non
752 421 811 480 est.

523 572 573 638 De
594 593 687 656 aqua

184 675 249 739 26?
288 676 327 741 D.
345 678 399 761 43,
418 678 471 757 20,
490 679 520 759 5,
541 681 569 744 1.
622 679 712 744 Idem
749 678 808 767 (sc.
831 678 990 764 Iulianus)
1030 681 1114 745 libro

95 769 212 847 quarto
242 786 282 829 ex
305 765 438 832 Minicio
462 767 510 852 (P.
525 764 616 855 869).
642 805 680 816 —
705 768 795 835 Inter
819 768 898 834 duos
921 769 979 853 qui
1002 769 1115 834 eodem

95 852 166 917 rivo
190 875 308 938 aquam
332 856 428 921 certis
451 856 541 923 horis
565 858 740 941 separatim
763 857 931 942 ducebant,
957 859 1116 942 convenit,

93 945 131 1005 ut
167 944 361 1025 permutatis
397 946 483 1010 inter
520 968 554 1011 se
586 947 789 1030 temporibus
822 968 906 1032 aqua
938 950 1116 1012 uterentur.

95 1050 225 1112 quaero,
249 1054 322 1097 cum
346 1034 484 1119 amplius
507 1034 647 1100 biennio¹
670 1036 717 1099 ita
740 1035 915 1119 duxissent,
937 1039 975 1100 ut
998 1041 1116 1101 neuter

94 1139 207 1183 eorum
236 1142 294 1186 suo
322 1127 468 1207 tempore
496 1146 574 1188 usus
603 1127 700 1207 esset,
724 1146 802 1189 num
825 1125 875 1188 ius
898 1124 1014 1189 utendi
1038 1127 1116 1189 ami·

96 1207 226 1276 sissent.
269 1213 405 1296 negavit
428 1213 584 1278 amisisse.

436 1395 481 1454 Ex
504 1394 614 1454 Iuliani
636 1395 713 1454 libro
736 1393 773 1454 V.

460 1513 511 1580 De
532 1515 601 1580 iare
622 1516 748 1580 dotium.

184 1619 250 1684 27?
274 1618 312 1686 D.
323 1621 374 1702 23,
384 1623 415 1702 3,
423 1622 477 1686 49.
516 1620 607 1685 Idem
630 1618 687 1707 (sc.
702 1617 863 1705 Iulianus)
886 1619 972 1686 libro
995 1621 1114 1706 quinto

97 1728 136 1771 ex
154 1705 288 1774 Minicio
304 1705 352 1796 (P.
368 1709 456 1796 870).
474 1708 589 1775 —Vir
607 1711 648 1776 ab
668 1731 715 1792 eo,
734 1710 790 1792 qui
808 1709 902 1775 uxori
921 1710 990 1773 eius
1006 1709 1117 1775 dotem

96 1796 203 1861 facere
219 1793 348 1885 (dareV)
363 1801 504 1882 volebat,
523 1803 644 1863 certam
662 1798 832 1883 pecuniam
852 1819 890 1861 eo
905 1798 1037 1862 nomine
1058 1800 1118 1862 sti-

96 1884 227 1969 pulatus
252 1892 314 1971 est,
338 1888 451 1951 deinde
475 1892 642 1972 acceptam
666 1909 738 1951 eam
760 1886 847 1951 fecit.
889 1887 1116 1971 quaerebatur,

97 1980 223 2039 essetne
247 1997 285 2040 ea
307 1977 443 2061 pecunia
466 1977 500 2040 in
524 1975 643 2040 dotem.
687 1974 872 2059 respondit,
896 1975 923 2038 si
947 1979 1116 2060 acceptam

99 2085 165 2128 non
190 2065 319 2130 fecisset
337 2070 370 2129 et
387 2065 565 2149 promissor
584 2064 738 2129 solvendo
758 2085 828 2128 esse
847 2063 994 2146 desisset,
1019 2086 1116 2149 quae·

96 2174 253 2237 reremus,
275 2176 317 2218 an
341 2154 434 2236 culpa
457 2153 566 2218 mariti
591 2174 629 2217 ea
649 2152 786 2238 pecunia
804 2156 917 2216 exacta
935 2173 1001 2217 non
1021 2156 1116 2218 esset.

96 2266 165 2307 oum
192 2266 263 2308 vero
291 2249 445 2323 acceptam
471 2246 556 2321 fecit,
587 2246 755 2305 omnimodo
783 2245 950 2322 periculum
979 2246 1018 2305 ad
1047 2265 1116 2306 eum

96 2336 272 2413 pertinebit,
296 2336 418 2411 perinde
442 2334 522 2394 enim
544 2337 599 2407 est,
623 2353 658 2393 ac
680 2334 706 2392 si
730 2335 878 2410 acceperit
899 2335 1061 2409 pecuniam
1085 2339 1117 2396 et

99 2425 224 2484 eandem
246 2423 422 2500 promissori
444 2423 608 2483 donaverit.

186 2509 239 2574 28.
262 2507 300 2573 D.
311 2508 363 2589 24,
375 2509 403 2590 1,
413 2507 465 2573 39.
504 2505 650 2570 Iulianus
673 2505 758 2570 libro
782 2507 896 2591 quinto
920 2527 959 2569 ex
977 2505 1114 2572 Minicio

98 2594 147 2684 (P.
168 2592 256 2682 871).
282 2632 320 2642 -
348 2594 409 2659 Vir
437 2595 530 2659 uxori
557 2594 729 2678 pecuniam
757 2616 831 2658 cum
859 2594 981 2659 donare
1008 2596 1118 2676 vellet,

98 2683 249 2769 permisit
268 2684 307 2766 ei,
330 2689 367 2749 ut
389 2706 409 2748 a
431 2683 575 2748 debitore
600 2704 657 2747 suo
682 2682 864 2766 stipuletur.
904 2682 961 2746 illa
985 2705 1059 2748 cum
1083 2684 1117 2748 id

97 2773 236 2858 fecisset,
259 2774 447 2858 priusquam
470 2771 641 2856 pecuniam
661 2770 810 2855 auferret,
834 2770 1010 2835 divortium
1029 2771 1117 2837 fecit.

99 2884 229 2946 quaero,
248 2865 358 2926 utrum
377 2861 427 2925 vir
446 2882 518 2924 eam
537 2882 696 2924 summam
714 2863 825 2943 petere
844 2859 961 2924 debeat
978 2882 1020 2924 an
1035 2860 1119 2945 (ex)

99 2973 137 3016 ea
159 2950 375 3035 promissione
398 2953 532 3033 propter
555 2948 737 3012 donationis
762 2969 893 3012 oausam
918 2950 1004 3013 actio
1025 2950 1119 3014 nulla

100 3047 194 3106 esset.
240 3036 449 3123 respondi<t>
476 3038 607 3101 inanem
633 3035 733 3100 fuisse
761 3058 832 3100 eam
860 3036 1117 3122 stipulationem.

189 3132 249 3192 Sed
266 3133 291 3192 si
305 3130 468 3207 promissor
485 3129 605 3189 mulieri
621 3129 764 3207 ignorans
782 3130 932 3209 solvisset,
951 3130 977 3190 si
994 3131 1117 3208 quidem

99 3221 225 3298 pecunia
260 3223 371 3295 exstat,
407 3218 559 3278 vindicare
591 3237 657 3276 eam
689 3218 806 3278 debitor
837 3220 946 3294 potest.
1003 3221 1057 3279 ssd
1090 3221 1117 3278 si

100 3310 231 3370 actiones
255 3327 325 3367 suas
348 3307 457 3366 marito
482 3308 634 3381 praestare
659 3313 783 3380 paratus
808 3308 862 3383 est,
887 3306 949 3366 doli
972 3308 1046 3366 mali
1070 3328 1118 3367 ex-

102 3399 237 3474 ceptione
265 3414 297 3455 se
325 3394 460 3454 tuebitur
486 3394 612 3470 ideoque
635 3394 762 3453 maritus
786 3395 862 3453 hene
884 3396 1044 3470 pecuniam
1067 3397 1118 3455 de·

176 3536 189 3582 1
212 3529 287 3584 Trio.
305 3529 432 3596 tempore
451 3524 631 3582 servitutibus
650 3524 806 3598 praefinito.
