2430 3944
313 194 339 243 4.
364 187 395 243 L.
415 186 598 244 NERATIUS
615 137 762 244 Priscus
977 189 1040 256 351

68 351 134 437 agis
153 351 266 417 donari
284 353 314 416 ei
333 351 466 417 videtur.
497 372 579 436 quae
598 351 758 417 sententia
771 349 901 418 Neratii
915 376 1043 441 quoque

68 442 103 525 it3
128 441 176 506 ait
196 441 282 506 enim
305 441 418 506 datum
437 441 478 505 ad
496 440 610 506 villam
629 441 838 507 extruendam
856 443 908 506 vel
928 463 1042 528 agrum

68 530 213 613 rendum,
235 528 319 615 quod
344 529 488 614 alioquin
511 529 655 594 facturus
678 551 745 594 non
767 534 838 596 erat
860 531 889 595 is
912 533 968 617 qui
991 554 1042 598 ac·

68 619 126 703 pit,
149 618 184 683 in
207 619 346 702 speciem
370 619 554 683 donationis
577 617 699 685 cadere.

116 729 265 807 Ulpianus
297 729 394 789 addit:
427 724 510 808 ‘ergo
542 730 622 790 inter
652 730 752 791 virum
779 735 811 791 et
836 750 959 793 uxorem
985 733 1042 792 hae

68 823 117 879 int
139 813 337 879 interdictae'.

313 990 544 1056 Desertorem
566 990 759 1075 oblipatioae.

118 1115 170 1182 56.
193 1114 233 1182 D.
250 1117 300 1198 16,
314 1117 345 1200 2,
358 1119 389 1180 4.
430 1115 551 1181 Paulus
575 1116 659 1180 libro
682 1116 779 1182 tertio
803 1112 902 1204 (XI?)
927 1116 968 1182 ad
987 1115 1042 1182 Sa·

68 1226 143 1269 num
166 1204 215 1290 (P.
232 1202 343 1290 1645).
365 1241 402 1251 —
492 1207 525 1268 et
546 1203 682 1270 Neratio
704 1205 854 1290 placebat
876 1256 933 1287 ...,
957 1207 1042 1291 [ipso

68 1293 111 1377 re]
144 1315 181 1358 eo
210 1293 316 1358 minus
344 1293 566 1359 fideiussorem
595 1315 633 1358 ax
660 1291 849 1377 carpentaria
876 1299 1043 1361 contractu

68 1383 158 1464 bere,
187 1381 272 1466 quod
301 1403 339 1446 ex
362 1383 622 1468 compensatione
645 1403 720 1448 reus
743 1382 883 1448 retinere
905 1387 1043 1468 potest[z

68 1475 114 1536 ent
137 1469 235 1552 enim,
260 1493 334 1536 cum
356 1475 463 1535 totum
485 1474 563 1555 peto
587 1493 606 1535 a
629 1492 699 1557 reo,
722 1471 807 1537 male
828 1475 919 1558 pet0,
941 1473 989 1538 ita
1011 1479 1044 1538 et

68 1561 199 1625 teiussor
225 1581 292 1625 non
319 1562 448 1624 tenetur
475 1560 548 1643 ipso
576 1560 644 1624 iure
671 1562 707 1624 in
734 1561 889 1626 maiorem
917 1564 1042 1647 quanti-

68 1654 130 1713 tem
155 1671 251 1734 quam
274 1670 348 1713 reus
372 1648 577 1714 condemnari
599 1651 732 1733 potest}

117 1760 205 1820 Pauli
235 1761 328 1820 verba
354 1778 373 1818 a
400 1759 582 1819 Triboniano
615 1764 758 1836 corrupta
784 1778 849 1820 esso
877 1760 936 1820 viri
963 1761 1044 1821 docti

68 1850 234 1925 nsentiunt3
258 1852 290 1907 at
312 1868 373 1924 qua
395 1848 430 1907 ds
454 1867 486 1908 ro
509 1848 561 1907 ille
585 1847 703 1925 dixerit,
726 1867 785 1908 non
807 1848 889 1908 item.
928 1850 1043 1909 Mitteis

68 1987 70 1998 .
87 1939 106 1998 f.
121 1938 230 2014 Dogm.
246 1939 297 2012 28,
314 1939 376 1996 154
387 1954 450 2012 sqq.
474 1937 510 1995 de
533 1935 707 1996 fideiussore
730 1936 948 2012 indemnitatis,
974 1937 1044 1996 Per-

68 2047 94 2087 re
122 2019 167 2085 ΙΙ2
194 2047 223 2102 p.
243 2027 307 2085 278
344 2026 446 2101 potius
479 2024 516 2084 do
547 2024 710 2102 argentarii
743 2028 898 2085 contractu
930 2025 1044 2085 dietum

68 2121 120 2175 'ssa
144 2115 251 2174 merito
275 2114 393 2174 conicit.

185 2293 231 2351 De
254 2293 435 2366 adquirenda
456 2291 502 2350 cel
523 2291 682 2351 amittendo
698 2293 887 2365 possessione.

118 2411 171 2478 57.
202 2410 242 2476 D.
255 2411 309 2494 41,
324 2411 354 2490 2,
368 2412 398 2489 3,
413 2411 443 2474 3.
493 2408 612 2474 Paulus
640 2410 723 2476 libro
751 2411 1042 2496 quinquagensimo

68 2507 147 2566 tarto
176 2500 215 2564 ad
244 2499 381 2565 edictum
404 2496 454 2586 (P.
469 2495 559 2585 658).
581 2536 626 2546 —
648 2497 802 2564 Neratius
830 2503 864 2564 ct
886 2499 1043 2565 Proculus

84 2590 155 2654 solo
176 2587 284 2652 animo
305 2587 400 2671 [non]
419 2609 514 2672 posse
533 2609 593 2652 nos
612 2588 779 2674 adquirere
797 2588 1044 2672 possessionem,

69 2682 107 2763 t>
132 2678 161 2741 si
184 2699 248 2743 non
273 2678 443 2741 antecedat
465 2676 624 2742 naturalis
646 2678 819 2760 possessio.
860 2677 996 2761 ideoque
1016 2679 1043 2752 si

68 2789 239 2831 ensaurum
270 2766 306 2829 in
337 2765 436 2830 fundo
469 2787 540 2830 meo
573 2765 717 2849 positum
745 2766 858 2850 sciam,
890 2767 1042 2832 continuo

68 2877 80 2920 s
98 2856 275 2939 possidere,
293 2854 391 2919 simul
410 2858 506 2937 atque
524 2854 710 2938 possidendi
727 2854 876 2920 affectum
890 2855 1043 2939 habuero,

68 2945 105 3010 ia
128 2944 213 3028 quod
232 2944 317 3009 desit
334 2944 475 3007 naturali
493 2943 700 3027 possessioni,
721 2943 754 3007 id
775 2943 902 3008 animus
921 2943 1044 3028 implet.

117 3038 264 3098 Kuebler:
288 3038 319 3097 Z.
333 3036 361 3097 d.
376 3035 510 3096 Sam-St.
524 3036 580 3115 XI,
595 3038 645 3097 51.

118 3139 183 3207 582
211 3139 249 3205 D.
264 3139 317 3220 41,
330 3140 361 3222 2,
376 3138 405 3224 1,
418 3139 471 3203 21.
508 3136 627 3202 Paulus
646 3136 731 3202 libro
752 3137 1042 3224 quinquagensimo

68 3233 144 3293 arto
164 3229 204 3292 ad
225 3226 364 3292 edictum
385 3225 434 3310 (P.
444 3223 546 3313 657⁰).
567 3262 605 3273 -
623 3224 657 3290 Si
675 3226 825 3292 iusserim
843 3227 1043 3292 venditorem

68 3315 232 3382 ocuratori
264 3338 332 3380 rem
364 3315 505 3396 tradere,
537 3337 611 3380 eum
643 3337 681 3380 ea
712 3315 747 3379 in
778 3316 961 3400 praesentia
992 3316 1043 3394 sit,

68 3407 131 3470 deri
164 3404 245 3469 mihi
277 3403 429 3468 traditam
462 3402 590 3469 Priscus
624 3404 684 3487 ait,
716 3404 866 3488 idemque
899 3425 982 3487 esse,
1015 3405 1043 3467 si

100 3567 114 3616 1
136 3562 212 3619 Trai).
231 3561 315 3617 omni.
