2430 3944
136 109 179 174 66
207 108 254 164 HL
269 108 345 164 GAII
359 107 509 164 CLAUDII
522 107 657 165 NERON.
667 108 814 163 GALBAE
824 108 932 165 ΤΕΜΡ.
942 108 1041 165 IURIS
1050 109 1160 166 CONS.

137 295 177 337 ex
193 272 299 336 aliena
313 272 449 336 materia
464 272 602 354 speciem
614 272 758 354 aliquam
768 292 826 336 suo
835 272 967 336 nomine
977 271 1095 337 feeerit
1106 322 1115 339 .
1125 323 1132 337 .
1143 322 1164 355 .‚

139 360 281 427 Sabinus
306 365 339 424 et
357 358 491 425 Cassius
515 360 620 444 magis
643 360 825 424 naturalem
848 360 1009 424 rationem
1029 359 1164 426 officere

136 452 264 533 putant,
273 453 310 513 ut
319 449 375 533 qui
384 449 542 513 materiae
553 448 702 512 dominus
713 448 820 530 fuerit,
833 449 919 514 idem
932 449 1001 514 eius
1017 455 1173 536 quoque,‘

136 538 223 623 quod
255 559 295 602 ex
327 536 437 602 eadem
470 536 609 602 materia
640 538 764 602 factum
792 537 849 621 sit,
881 538 1032 603 dominus
1060 543 1163 619 esset,

137 627 214 711 quia
238 626 309 690 sine
332 624 470 691 materia
492 626 583 690 nulla
606 626 730 711 species
754 625 839 690 effici
862 627 977 710 possit,
1001 627 1109 692 veluti
1132 629 1163 692 si

138 737 177 780 ex
198 737 277 780 auro
298 715 349 779 vel
369 719 506 798 argento
526 716 577 779 vel
598 736 671 778 aere
689 712 792 799 <tuo>
811 736 868 779 vas
888 714 1021 800 aliquod
1040 716 1164 796 fecero,

136 805 189 868 vel
214 826 253 868 ex
275 804 397 868 tabulis
421 807 487 868 tuis
509 824 626 868 navem
650 807 706 868 aut
727 802 904 868 armarium
923 807 981 869 aut
1000 804 1162 871 subsellia

135 893 258 976 fecero,
286 892 337 956 vel
366 916 406 956 ox
433 893 509 955 lana
535 896 593 957 tua
615 892 857 975 vestimentum,
884 893 936 958 vel
958 914 999 957 ex
1022 892 1103 958 vino
1128 897 1163 959 et

136 982 234 1046 melle
257 986 314 1045 tuo
337 981 495 1064 mulsum,
520 981 572 1044 vel
596 1002 635 1045 ex
658 980 900 1046 medicamentis
924 981 991 1046 tuis
1014 982 1161 1066 emplas-

136 1074 224 1134 trum
253 1073 309 1134 aut
332 1069 515 1155 collyrium,
542 1071 593 1135 vel
616 1091 656 1133 ex
679 1069 750 1134 uvis
774 1074 832 1135 aut
855 1069 949 1134 olivis
974 1074 1032 1135 aut
1055 1070 1159 1156 spicis

136 1160 202 1223 tuis
226 1158 339 1223 vinum
363 1159 414 1222 vel
438 1160 546 1222 oleum
569 1159 621 1221 vel
644 1157 852 1224 frumentum.

227 1288 263 1347 cf.
288 1286 353 1347 Gai.
374 1289 403 1362 2,
425 1289 466 1347 79
491 1290 522 1347 ot
546 1287 691 1347 Sabinum
712 1286 782 1346 111
807 1289 924 1370 pcto.

509 1502 560 1568 De
577 1503 773 1585 possessione.

229 1638 301 1703 116.
324 1637 364 1703 D.
378 1637 431 1717 41,
445 1638 476 1721 2,
492 1638 521 1721 1,
535 1636 565 1702 5.
607 1636 727 1701 Paulus
750 1636 836 1702 libro
860 1638 1153 1723 quinquagensimo

138 1729 254 1810 quarto
279 1725 319 1789 ad
343 1727 482 1790 edictum
507 1723 558 1812 (P.
573 1723 661 1809 657).
683 1761 721 1772 —
743 1726 1011 1810 ...adquirimus
1030 1749 1154 1812 posses·

137 1817 263 1880 sionem
286 1835 345 1898 per
368 1835 496 1879 servum
521 1817 577 1878 aut
598 1814 710 1898 filium,
733 1814 840 1898 quiin
860 1818 1023 1899 potestate
1043 1820 1102 1899 est,
1126 1822 1155 1881 et

138 1903 266 1988 quidem
290 1925 400 1968 earum
423 1925 544 1983 rorum,
572 1924 651 1987 quas
675 1903 883 1987 peculiariter
906 1907 1032 1988 tenent,
1056 1906 1155 1970 etiarn

99 2058 102 2065 ,
137 1995 342 2077 ignorantes,
376 1991 459 2057 sicut
492 1990 614 2057 Sabino
647 1997 680 2055 ct
712 1990 884 2057 Cassio..
909 1993 1048 2076 placuit,
1081 1994 1155 2077 quia

136 2087 251 2147 nostra
276 2080 443 2146 voluntate
466 2080 700 2166 intellegantur
722 2080 898 2164 possidere,
922 2081 977 2166 qui
996 2082 1044 2146 eis
1063 2103 1156 2164 pecu-

137 2171 219 2235 lium
242 2169 361 2234 habero
386 2169 634 2253 permiserimus.
1180 2175 1183 2180 '

227 2276 301 2341 117.
325 2275 363 2339 D.
378 2276 432 2354 41,
447 2275 476 2360 2,
493 2277 521 2359 1,
537 2276 588 2341 14.
629 2274 749 2339 Paulus
772 2274 851 2339 ibid.
873 2311 917 2322 -
940 2275 1002 2339 Per
1025 2297 1156 2342 servum

137 2365 192 2449 qui
215 2367 250 2427 in
272 2364 351 2447 fuga
375 2364 428 2446 sit,
450 2363 533 2427 nihil
555 2385 652 2447 posse
675 2385 735 2428 nos
754 2363 920 2448 possidere
939 2362 1051 2430 Nerva
1068 2365 1157 2431 filius

138 2453 186 2517 ait
200 2502 207 2516 .
221 2500 229 2516 .
244 2502 253 2519 .
267 2452 507 2535 possessionem
530 2457 638 2517 autern
662 2474 720 2537 per
742 2474 814 2517 eum
835 2452 973 2537 adquiri,
996 2453 1081 2518 sicut
1100 2475 1157 2539 per

137 2563 192 2606 eos
209 2563 290 2626 quos
305 2541 338 2604 in
352 2541 522 2624 provincia
534 2541 701 2606 habemus.
734 2539 862 2606 Cassii.
877 2591 884 2606 .
899 2589 907 2606 .
920 2542 1083 2607 sententia
1098 2547 1157 2608 est.

228 2647 300 2713 118.
324 2647 364 2712 D.
378 2649 432 2731 41,
447 2649 476 2733 1,
493 2649 543 2713 11.
583 2647 769 2713 Marcianus
792 2648 876 2712 libro
899 2649 999 2714 tertio
1021 2647 1158 2715 Institu-

137 2736 263 2801 tionum
287 2732 338 2822 (P.
354 2733 419 2822 79).
443 2773 488 2783 —
511 2735 657 2819 Pupillus
680 2740 837 2821 quantum
861 2736 901 2800 ad
921 2737 1158 2821 adquirendum

137 2847 204 2890 non
232 2823 358 2911 indiget
383 2827 502 2891 tutoris
526 2825 736 2909 auctoritate,
764 2825 905 2890 alienare
928 2847 1006 2890 vero
1028 2827 1158 2893 nullam

138 2935 204 2978 rem
229 2917 337 2998 potest
364 2913 428 2978 nisi
451 2917 620 2998 praesente
644 2917 752 2978 tutore
781 2917 926 2999 auctore,
958 2920 991 2978 et
1017 2936 1058 2979 ne
1087 2917 1157 3000 qui-

138 3001 211 3066 denr
234 3004 488 3087 possessionem,
516 3024 597 3087 quae
624 3005 674 3066 est
697 3002 874 3086 naturalis,
901 3007 938 3067 ut
961 3000 1154 3070 Sabinianis

138 3091 244 3156 visum
268 3096 328 3156 est.

230 3197 301 3262 119.
324 3196 429 3280 D.47,
439 3197 470 3280 2,
479 3197 533 3279 43,
543 3197 573 3261 5.
606 3195 765 3280 Ulpianus
780 3197 865 3261 libro
880 3195 1156 3281 quadragensimo

137 3287 242 3372 primo
266 3287 306 3350 ud
330 3283 486 3350 Sabinum
510 3281 560 3371 (P.
580 3284 691 3373 2870).
714 3322 759 3332 —
854 3284 967 3351 Sabini
990 3291 1025 3350 et
1048 3283 1156 3353 Cassii

138 3376 303 3440 sententia
328 3374 582 3438 existimantium
607 3376 718 3439 statim
742 3377 888 3439 nostram
913 3396 983 3439 esse
1006 3375 1157 3441 desinere

138 3485 205 3528 rem
230 3486 327 3548 quam
351 3463 611 3548 derelinquimus.
