2430 3944
120 185 186 250 242
207 185 253 241 IV.
268 183 485 239 VESPASIANI
499 183 574 239 ΤΙΤΙ
589 183 787 239 DOMITIANI
801 183 909 240 TEMP.
923 183 1020 240 IURIS
1036 185 1142 242 CONS.

121 351 366 432 comparantem
399 369 465 412 non
497 348 601 412 teneri
629 369 688 412 nec
715 369 789 413 eum
816 348 872 432 qui
900 347 985 414 dono
1015 343 1145 433 accepit

123 438 174 501 vel
197 438 250 501 cui
272 458 324 501 res
348 437 459 521 legata
482 440 540 501 est.
581 436 637 501 sed
726 434 866 503 Viviano
889 436 1018 503 videtur
1041 439 1143 503 etiem

122 527 182 591 hos
206 525 324 608 teneri,
352 547 393 590 ne
418 529 537 608 metus,
565 547 661 610 quem
683 547 801 610 passus
825 548 911 605 sum,
934 526 1017 601 mihi
1041 527 1145 612 eapti·

120 636 196 680 osus
220 614 272 679 sit.

215 774 277 856 Qui
299 774 465 839 arbitrium
487 775 667 858 receperint,
688 779 725 838 eet
745 775 928 840 sententium
950 776 1064 841 dicant.

211 905 247 964 of.
266 903 379 963 Iuliani
401 903 512 964 librum
534 903 580 962 IV
602 904 634 963 P.
650 905 790 964 59—68.

210 1007 239 1072 2.
272 1005 312 1071 D.
328 1007 359 1089 4,
375 1006 471 1088 8,21,
487 1007 537 1071 11.
588 1003 749 1089 Ulpianus
777 1005 861 1070 libro
889 1007 987 1072 tertio
1017 1007 1144 1074 decimo

122 1095 161 1159 ad
190 1095 330 1160 edictum
359 1090 408 1180 (P.
427 1094 517 1181 460).
546 1130 582 1139 —
610 1144 644 1158 ..
673 1095 701 1158 si
728 1093 762 1158 in
791 1095 932 1179 aliquem
959 1097 1069 1161 locum
1096 1097 1144 1161 in·

121 1185 296 1248 honestum
316 1183 428 1248 adesse
447 1183 580 1248 iusserit
598 1179 656 1270 (sc.
671 1179 816 1271 arbIter),
835 1187 914 1267 puta
932 1184 966 1248 in
984 1185 1158 1271 popinam

121 1273 172 1337 vel
195 1272 230 1336 in
251 1272 466 1355 lupanarium,
488 1276 526 1337 ut
544 1270 703 1337 Vitianus
723 1273 779 1355 ait,
803 1272 871 1337 sine
890 1272 989 1339 dubio
1009 1275 1145 1358 impune

121 1362 150 1425 ei
174 1383 241 1426 non
264 1360 441 1444 parebitur.
1033 1420 1035 1425 .

210 1455 359 1530 Ulpianus
392 1454 490 1514 addit:
523 1447 626 1532 ‘quam
659 1454 841 1514 sententiam
871 1458 902 1514 et
930 1454 1037 1517 Celsus
1065 1457 1146 1517 libro

122 1544 252 1603 secundo
275 1543 473 1621 Digestorum
494 1538 626 1620 probat'.

215 1701 334 1762 Noutoe
357 1721 501 1778 caupones
523 1705 681 1764 stabularii
702 1708 735 1764 ut
756 1710 870 1778 recepta
891 1707 1054 1767 restituam.

211 1804 255 1869 3⁸.
286 1803 325 1870 D.
344 1806 377 1887 4,
395 1805 425 1882 9,
445 1807 474 1889 1,
493 1806 523 1870 6.
570 1804 729 1889 Ulpianus
758 1805 844 1871 libro
872 1810 988 1890 quarto
1018 1806 1146 1874 decimo

123 1892 163 1957 ad
196 1893 337 1958 edictum
369 1891 418 1978 (P.
442 1891 547 1979 469⁸).
583 1931 620 1941 —
655 1895 713 1958 Ait
743 1900 887 1978 praetor:
921 1892 1020 1979 ‘quod
1053 1898 1147 1962 ouius

123 1982 250 2047 salvum
269 1982 339 2047 fore
358 1980 561 2067 receperint',
584 1983 645 2047 hoc
664 1988 714 2047 est
732 2004 967 2068 quamcumque
986 2005 1056 2049 rem
1076 1987 1147 2051 sive

123 2093 262 2135 mercem
291 2071 478 2155 receperint.
524 2071 598 2135 inde
622 2072 707 2155 apud
731 2072 908 2138 Vivianum
930 2073 1071 2138 relatum
1095 2078 1148 2139 est

124 2159 165 2224 ad
185 2182 239 2224 eas
254 2182 380 2244 quoque
395 2181 447 2224 res
462 2161 525 2224 hoc
540 2161 680 2225 edictum
695 2162 866 2246 pertinere,
886 2183 967 2245 quae
981 2163 1146 2228 mercibus

125 2249 329 2331 accederent,
363 2249 463 2314 veluti
495 2250 689 2314 vestimenta
721 2250 838 2333 quibus
866 2250 901 2314 in
927 2251 1065 2316 navibus
1093 2258 1146 2318 ut-

127 2358 253 2402 eremur
272 2344 305 2401 et
324 2341 431 2402 cetera
450 2359 533 2421 quae
552 2337 592 2402 ad
607 2337 821 2403 cottidianum
835 2361 929 2403 usum
944 2339 1144 2406 haberemus

123 2510 171 2580 IX,
186 2441 244 2566 g(
264 2442 410 2496 uterentur
491 2440 637 2522 habemus.
672 2441 920 2514 emereaffluecblee
934 2443 967 2498 Z.
985 2445 1012 2498 cl.
1030 2443 1147 2502 Sao-St

213 2617 257 2686 3¹).
286 2620 325 2685 I).
343 2622 375 2702 4,
394 2621 424 2703 9,
442 2622 473 2700 4,
487 2622 517 2687 2.
563 2621 683 2687 Paulus
711 2622 794 2686 libro
822 2624 919 2689 tertio
947 2624 1073 2689 decimo
1105 2626 1147 2690 ad

124 2710 265 2775 edictum
280 2707 330 2795 (P.
345 2707 434 2796 256).
449 2747 493 2758 -
506 2709 665 2777 Vivianus
681 2710 761 2775 dixit
776 2712 877 2777 etiam
892 2711 932 2775 ad
947 2734 1002 2777 eas
1017 2734 1068 2776 res
1083 2714 1147 2779 hoc

125 2799 264 2864 edictum
282 2800 453 2882 pertinere,
472 2822 555 2883 quae
569 2806 644 2884 post
657 2801 828 2884 impositas
843 2822 965 2866 merces
979 2802 1014 2864 in
1028 2824 1148 2868 navem

125 2887 313 2972 locataeque
336 2887 527 2974 inferentur,
550 2890 612 2954 etsi
635 2911 746 2954 earum
766 2892 898 2954 vectura
915 2911 983 2955 non
1001 2890 1148 2974 debetur,

124 2983 161 3041 ut
187 2978 468 3058 vestimentorum,
495 2977 625 3061 penoris
653 2977 836 3061 cottidiani,
864 2979 941 3061 quia
969 2978 1050 3045 haec
1072 2979 1148 3064 ipsa

124 3069 305 3131 ceterarum
328 3087 437 3130 rerum
459 3066 614 3131 locationi
639 3067 802 3132 accedunt.

451 3225 506 3290 Ad
527 3225 619 3308 leuem
642 3226 816 3307 Aquiliam.

214 3355 250 3414 ef.
269 3354 381 3414 Iuliani
404 3353 515 3413 librum
537 3354 691 3413 LXXXVI
713 3355 745 3416 P.
760 3357 947 3418 eal-830.

213 3456 245 3522 4.
274 3455 391 3521 (lollat.
412 3455 462 3538 12,
483 3457 511 3538 7,
530 3457 560 3522 8.
584 3455 623 3520 ef.
638 3455 711 3540 Dig.
727 3458 757 3534 9,
772 3457 869 3540 aaa,
885 3458 935 3524 10.
981 3458 1146 3543 Ulpianus

125 3544 210 3609 libro
235 3544 497 3609 octavodecimo
522 3545 561 3609 ad
586 3544 727 3612 edictum
752 3543 801 3633 (P.
817 3543 923 3634 629²).
948 3583 984 3594 —
1010 3599 1035 3614 ..
1059 3549 1146 3614 libro
