2430 3944
201 178 740 235 11.1NcaaT0aUManTaNT1An
761 180 806 234 ΕΤ
824 180 930 235 LIBRI.
1009 179 1073 245 567

452 342 502 408 De
524 344 690 424 adoptione.

150 460 181 525 5.
205 457 286 525 Gall.
309 459 340 540 5,
364 459 414 539 19,
439 459 481 522 12
504 480 550 543 sq.

150 582 178 623 v.
201 562 217 621 Ι
240 583 268 638 p.
293 564 343 620 21.

320 716 370 782 De
392 718 602 781 communione
624 722 653 780 et
674 717 818 782 societate.

152 833 181 898 6.
213 831 302 896 Paul.
335 853 374 896 ex
406 831 503 896 Festo
535 854 566 914 p.
595 832 647 897 82.
679 869 722 878 —
751 831 885 896 Eretum
916 831 1078 914 citumque
1118 916 1121 920 Α

59 924 99 1074 pit
119 922 218 1074 {illm
250 924 426 1003 consortes,
457 925 491 984 ut
522 921 556 983 in
588 921 681 985 libris
714 922 824 1006 legum
857 920 1078 1047 Romanorum

74 1033 128 1096 egl
151 1113 188 1172 In
206 1113 286 1172 notis
306 1106 463 1172 aValerio
483 1112 581 1173 Probo
599 1095 749 1191 congestis
768 1081 829 1171 est:
847 1112 880 1172 F.
900 1112 924 1169 n
944 1112 1077 1172 familiae
1100 1181 1101 1185 η

34 1266 37 1271 ,
62 1200 263 1262 erciscundae.
292 1198 414 1260 Oollect.
437 1201 504 1260 libr.
527 1201 585 1262 iur.
608 1201 647 1260 11.
671 1222 700 1278 p.
725 1203 797 1262 147.

155 1304 183 1366 7.
215 1300 254 1366 D.
295 1302 349 1384 17,
385 1301 420 1383 2,
457 1301 514 1386 65,
546 1302 575 1366 8.
630 1300 750 1366 Paulus
787 1301 872 1366 libro
909 1302 1079 1386 trigesimo

63 1390 203 1456 secundo
228 1390 269 1455 ad
293 1389 442 1455 edictum.
464 1426 508 1436 -
532 1442 560 1454 ..
586 1391 742 1476 scriptum
766 1394 816 1454 est
843 1411 939 1474 posse
963 1413 1080 1476 procu·

63 1480 166 1546 ratori
190 1500 317 1564 quoque
341 1500 413 1543 meo
437 1479 558 1543 socium
582 1501 690 1544 meum
713 1479 909 1552 renuntiare.

153 1583 191 1644 cf.
214 1582 238 1642 L
261 1603 290 1659 p.
314 1583 389 1641 223.
834 1586 837 1592 '

489 1683 539 1747 De
558 1684 653 1764 furto.

155 1799 184 1863 8.
210 1798 278 1879 Gai,
301 1799 331 1881 3,
356 1794 429 1864 19'4.
453 1835 495 1843 -
596 1803 673 1862 sunt
701 1799 755 1882 qui
779 1799 926 1864 scribunt
955 1798 1082 1863 furtum

65 1887 275 1970 manifestum
298 1893 354 1952 aut
377 1888 448 1972 lege
471 1887 662 1971 (intellegi)
685 1890 742 1956 aut
763 1890 888 1952 natura.

466 2045 516 2110 De
535 2046 682 2128 formido.

156 2163 187 2226 9.
211 2161 280 2226 Gai.
303 2163 334 2245 4,
358 2163 409 2226 60.
436 2199 473 2246 ,-
500 2183 612 2226 ..nos
640 2162 726 2246 apud
749 2162 906 2246 quosdam
927 2163 1083 2245 scriptum

65 2250 261 2333 invenimus,
287 2252 322 2314 in
350 2251 477 2315 actione
505 2251 644 2336 depositi
672 2255 706 2315 et
737 2250 873 2335 denique
905 2251 940 2315 in
967 2251 1083 2315 ceteris
1140 2311 1142 2314 .

66 2339 220 2415 omnibus
248 2341 283 2402 in
311 2339 427 2424 quibus
456 2339 627 2404 damnatus
655 2341 873 2424 unusquisque
904 2340 1084 2424 ignominia

65 2432 209 2507 notatur,
232 2449 306 2493 eum
329 2430 383 2512 qui
406 2427 478 2510 plus
503 2450 601 2512 quam
625 2434 788 2513 oporteret
807 2429 1083 2513 demonstraverit,

24 2524 32 2531 ’
65 2517 160 2581 litem
192 2517 334 2601 perdere,
366 2516 469 2581 veluti
498 2517 526 2580 si
559 2517 630 2600 quis
663 2539 728 2581 una
757 2539 792 2580 re
825 2517 972 2600 deposita
1004 2517 1084 2582 duas

66 2606 218 2690 pluresve
256 2606 312 2688 <se
353 2605 562 2689 de>posuisse
596 2605 873 2689 demonstraverit,
911 2610 968 2670 aut
999 2606 1028 2670 si
1056 2607 1084 2670 is

66 2697 118 2775 cni
152 2714 262 2779 pugno
289 2695 377 2758 mala
404 2715 557 2777 percussa
585 2698 644 2779 est,
675 2694 709 2758 in
738 2694 863 2759 actione
891 2693 1129 2760 iniuriarum..

67 2785 168 2847 etiam
197 2783 294 2846 aliam
321 2786 447 2867 partem
476 2783 620 2866 corporis
648 2804 833 2866 percussam
862 2782 925 2847 sibi
954 2782 1085 2848 demon·

67 2872 231 2936 straverit.

252 3051 256 3064 Ι
420 2968 470 3034 Do
492 2969 593 3051 ofdot'o
616 2968 734 3034 indicia

161 3093 211 3157 10.
239 3091 322 3157 Gall.
352 3094 402 3175 14,
431 3094 461 3176 2,
492 3094 520 3157 1.
551 3130 589 3139 —
620 3092 690 3168 Quo
714 3093 854 3178 primum
885 3099 1030 3177 tempore
1063 3116 1083 3156 a

67 3181 274 3266 praetoribus
303 3183 407 3246 lectus
436 3182 469 3246 in
502 3181 624 3246 iudices
658 3204 744 3266 sum,
772 3186 809 3247 ut
835 3181 968 3264 iudicia,
1001 3203 1082 3265 quae
1202 3203 1204 3208 ·

69 3270 276 3355 appellantur
289 3272 418 3354 privata
436 3270 642 3355 susciperem,
656 3270 760 3335 libros
770 3272 936 3353 utriusque
949 3270 1083 3354 linguae

68 3359 107 3423 de
146 3357 256 3424 officio
293 3359 408 3424 iudicis
446 3359 585 3442 scriptos
622 3359 802 3443 conquisivi
916 3364 1012 3442 atque
1049 3360 1083 3422 in
1139 3379 1142 3385 ·

68 3448 195 3512 dierum
219 3447 348 3532 quidem
377 3447 609 3512 diffissionibus
629 3446 1083 3533 comperendinationibusque

70 3542 103 3601 et
135 3537 208 3601 aliis
247 3536 440 3620 quibusdam
481 3535 636 3620 legitimis
673 3537 789 3625 ritibus
892 3557 931 3600 ex
969 3534 1084 3601 Sabini
