2430 3944
418 159 441 207 5.
465 150 583 208 TITIUS
602 151 732 209 salaro

377 386 427 453 De
449 389 483 452 ia
507 407 572 453 rem
594 387 771 453 aatiombas.

156 513 210 577 42.
245 511 285 576 D.
304 513 357 594 26,
377 513 406 596 7,
424 513 475 577 61.
530 511 621 576 Idem
658 507 717 599 (se.
747 511 960 602 Pomponius)
994 515 1076 582 libro

64 602 245 667 vicensimo
272 599 494 686 Epistularum
523 598 573 688 (P.
592 600 681 683 210).
706 638 748 648 -
772 601 868 687 Apud
891 602 1076 669 Aristonem

63 691 112 754 ita
137 689 293 773 seriptum
318 693 379 754 est:
403 691 484 771 qaod
504 689 596 772 ababa
619 690 729 756 tatoris
744 691 888 775 papatus
910 711 946 756 ea
964 691 1077 758 aerae

63 783 128 844 tate
153 779 245 844 desiit
268 779 433 860 possidere,
460 779 527 843 aias
549 780 720 844 aestimatio
742 781 778 844 ia
793 780 942 862 petitione
962 780 1075 847 beredi-

62 868 139 933 taiis
161 869 228 932 siae
249 867 317 932 abta
339 868 527 933 dubitatione
547 869 618 950 fieri
639 868 753 933 debebit
774 869 829 948 ita,
851 870 880 933 si
896 869 1018 953 papaito
1040 872 1076 936 aba

60 955 226 1022 hereditate
242 961 367 1021 cautam
384 957 432 1021 sit.
467 959 597 1021 sautum
617 960 724 1021 autem
743 978 813 1022 esse
832 958 958 1023 videtur
977 959 1074 1023 etiam

62 1046 92 1109 si
119 1048 210 1110 tutor
238 1045 300 1109 erit
329 1045 522 1127 idoneum
550 1066 613 1129 quo
642 1046 764 1111 servari
786 1046 892 1130 possit
913 1047 960 1130 id,
990 1048 1075 1133 quod

59 1133 208 1218 pupillus
233 1155 271 1198 ex
295 1134 361 1198 litis
384 1133 611 1198 aestimatione
635 1134 781 1200 subierit.

153 1244 328 1321 Sequuntur
342 1245 428 1304 haee:
448 1238 511 1305 ‘sed
532 1244 557 1304 si
575 1246 660 1305 tutor
673 1247 814 1307 solvendo
832 1265 891 1307 non
906 1249 960 1326 est,
973 1247 1076 1317 viden-3

59 1334 134 1394 dum
157 1334 227 1409 erit,
250 1337 351 1393 utrum
368 1379 375 1393 .
391 1379 398 1394 .
413 1325 431 1393 .’

150 1436 203 1500 43.
231 1434 462 1518 1).45,1,83,
485 1436 512 1500 1.
557 1434 678 1502 Paulus
705 1435 789 1503 libro
813 1439 1073 1522 septuagensimo

58 1523 203 1590 seeundo
223 1524 262 1588 ad
281 1524 422 1589 edietum
442 1521 492 1611 (P.
509 1521 597 1611 798).
616 1561 659 1572 -
679 1523 713 1590 si
733 1523 880 1590 Stichum
900 1527 1073 1611 stipulatus

57 1614 99 1678 de
124 1613 192 1678 alio
215 1612 363 1697 sentiam,
386 1615 422 1677 tu
444 1613 482 1677 de
502 1614 576 1698 alio,
598 1612 679 1678 nihil
700 1618 805 1679 aetum
823 1614 894 1682 erit.
936 1615 1021 1700 quod
1040 1619 1073 1681 et

56 1703 94 1767 in
118 1701 245 1768 iudioiis
269 1702 382 1766 Aristo
407 1701 611 1766 existimavit.

150 1814 265 1874 Paulus
295 1813 392 1874 addit:
421 1808 485 1873 ‘sed
508 1813 556 1872 hie
579 1813 675 1890 magis
699 1817 757 1892 est,
785 1818 821 1874 ut
842 1815 868 1874 is
891 1816 1006 1891 petitus
1028 1815 1072 1877 vi·

59 1902 181 1980 deutur,
205 1903 241 1962 de
266 1922 324 1979 quo
348 1906 431 1962 actor
454 1895 569 1962 sensit'.

289 2091 338 2157 Da
361 2093 550 2174 adquirendo
572 2112 677 2156 aarum
699 2093 847 2157 doaaiaio.
904 2094 906 2097 ’

147 2217 199 2280 44.
229 2215 267 2281 D.
282 2217 335 2295 41,
352 2218 379 2299 1,
396 2216 445 2281 19.
491 2215 689 2299 Pomponius
716 2216 800 2282 libro
827 2217 924 2281 tertio
949 2218 989 2282 ad
1014 2215 1071 2282 Sa-

54 2305 173 2370 binum
198 2302 247 2388 (P.
265 2301 356 2392 414).
381 2305 544 2369 -Liber
571 2304 684 2385 homo,
711 2305 768 2390 qui
794 2306 880 2370 bona
906 2305 968 2369 fide
991 2306 1070 2370 mihi

56 2394 170 2476 servit,
195 2394 255 2474 [id]
281 2393 366 2478 quud
385 2416 424 2458 ex
443 2394 548 2477 operis
569 2395 634 2458 suis
655 2397 711 2458 aut
730 2415 768 2458 ex
787 2416 821 2458 re
840 2416 912 2459 mea
931 2399 1082 2478 pararet,

55 2483 97 2548 ad
122 2504 175 2546 me
198 2484 359 2566 pertinere
384 2484 452 2547 sine
471 2482 567 2547 dubio
587 2482 697 2547 Aristo
717 2483 774 2566 ait3
798 2482 881 2567 quud
902 2505 978 2548 vero
998 2483 1069 2569 quis

54 2573 85 2638 si
105 2572 275 2636 donaverit
295 2577 352 2636 aut
372 2594 409 2636 ex
427 2572 558 2656 negotio
578 2574 671 2655 gesto
691 2571 890 2656 adquisierit,
909 2571 950 2636 ad
963 2573 1069 2654 ipsum

53 2661 229 2746 pertinere.
268 2661 322 2725 sed
341 2660 551 2726 hereditatem
571 2660 752 2739 legatumve
771 2681 836 2725 non
851 2660 975 2744 adquiri
990 2661 1069 2724 mihi

55 2771 116 2834 per
141 2771 223 2834 eum,
247 2750 321 2833 quia
340 2771 444 2834 neque
463 2770 502 2813 ex
520 2771 554 2813 re
573 2771 646 2813 mea
666 2751 783 2833 [neque
803 2771 840 2814 ex
860 2749 968 2834 operis
988 2749 1067 2830 suis]

54 2839 90 2903 id
119 2838 163 2902 sit
186 2860 244 2904 nee
267 2839 334 2902 ulla
358 2839 426 2903 eius
450 2860 548 2922 opera
571 2843 657 2903 esset
679 2838 714 2902 in
738 2839 859 2922 legato,
886 2838 920 2902 in
943 2837 1068 2902 heredi-

55 2931 126 2993 tate
152 2927 366 3013 aliquatenus,
390 2927 466 3012 quia
488 2949 545 3010 per
567 2927 673 3011 ipsum
698 2926 853 3012 adiretur,
876 2949 939 3012 quo
962 2925 1015 2992 de¹
1036 2930 1070 2992 et

54 3015 194 3082 Varium
217 3015 385 3081 Lucullum
409 3016 579 3099 aliquando
600 3016 774 3100 dubitasse,
797 3016 852 3081 sed
871 3016 978 3081 verius
998 3037 1068 3080 esse

55 3128 124 3170 non
145 3105 280 3190 adquiri,
300 3105 429 3171 etiamsi
447 3107 585 3169 testator
605 3104 645 3169 ad
659 3125 710 3168 me
725 3105 883 3171 voluisset
895 3105 1067 3190 pertinere.

56 3194 113 3259 sed
143 3194 220 3259 lieet
247 3194 276 3257 ei
304 3194 378 3278 <eui
401 3194 541 3276 serviet>
568 3192 702 3257 minime
730 3194 885 3279 adquirit,
915 3197 1069 3277 attamen,

56 3284 86 3349 si
114 3284 267 3348 voluntas
295 3284 425 3348 evidens
449 3281 615 3347 testatoris
639 3288 808 3368 appareat,
837 3282 1067 3348 restituendam

56 3394 128 3437 esse
153 3372 183 3436 ei
205 3372 425 3438 hereditatem.

130 3533 144 3581 1
166 3527 213 3584 Fi.
233 3529 315 3597 quod.

803 3615 857 3670 ab*
