2430 3944
155 202 217 265 178
234 201 282 258 III.
292 199 369 257 GAII
380 200 528 257 CLAUDII
536 200 673 257 NERON.
684 198 828 256 GALBAE
839 199 947 256 ΤΕΜΡ.
957 197 1053 255 IURIS
1062 197 1164 255 CONS.

153 390 225 429 num
252 368 456 429 aminoribus
479 369 590 447 viginti
613 367 698 428 annis
722 367 850 428 dominis
872 367 970 443 possit
992 367 1073 443 apud
1096 386 1163 428 con·

154 458 254 518 silium
277 457 462 534 manumitti,
479 458 614 517 'fortasse
638 457 800 517 secundum
823 456 972 516 Urseium.

458 645 510 713 De
532 647 632 730 operis
655 645 857 712 leber-torum?

243 762 294 828 14.
318 761 356 827 Ι).
371 762 424 844 44,
438 762 469 845 5,
485 764 513 842 1,
529 761 580 826 10.
615 758 775 846 Ulpianus
798 761 881 826 libro
879 782 956 914 tsep
958 761 1164 847 tungensimo

154 855 245 915 sexto
271 851 311 915 ad
332 850 470 915 edrctum
490 848 539 936 (P
555 848 726 935 1684).-
746 851 819 914 ..si
837 853 894 934 pat
894 871 992 914 ronus
1011 849 1165 914 libertum

154 962 248 1004 suum
281 938 480 1023 delegaverit
511 937 675 1022 creditori,
708 960 749 1002 an
782 939 934 1004 adversus
963 938 1166 1022 creditorem,

153 1029 206 1093 cui
230 1028 399 1111 delegatus
422 1027 573 1111 promisit
595 1027 758 1091 libertatis
782 1048 880 1091 causa
898 1026 1089 1111 onerandae,
1112 1048 1161 1092 ex-

153 1117 300 1201 ceptione
318 1116 384 1180 ista
402 1111 460 1201 (sc.
475 1116 656 1180 onerandas
676 1115 837 1180 libertatis
856 1111 969 1202 causa)
988 1115 1037 1179 uti
1050 1115 1166 1201 possit,

152 1206 329 1271 videamus.
366 1208 398 1268 et
413 1201 794 1269 Gessium¹=exisrimasso
808 1202 942 1269 Urseius
954 1203 1054 1267 refert
1068 1204 1167 1269 credi·

151 1297 256 1359 torem
278 1293 407 1376 quidem
435 1292 566 1357 minime
594 1313 665 1357 esse
692 1291 946 1358 submovendum
970 1293 1167 1376 exceptione,

153 1383 229 1468 quia
247 1404 340 1446 suum
354 1382 488 1465 recepit,
506 1385 729 1446 verumtamen
748 1381 903 1446 libertum
916 1383 1055 1464 patrono
1070 1402 1167 1465 posse

153 1469 334 1555 condicere,
367 1470 396 1534 si
426 1491 494 1534 non
526 1470 754 1554 transigendae
786 1470 1025 1534 controversiae
1059 1469 1167 1554 gratia

40 1594 43 1600 ν
152 1559 185 1622 id
209 1559 296 1623 fecit.

514 1662 566 1730 De
587 1665 806 1729 commissione.

243 1777 294 1844 15.
324 1778 362 1843 D.
379 1779 430 1863 10,
444 1780 474 1859 2,
489 1780 586 1863 5201.
627 1778 717 1844 Idem
741 1776 799 1867 (so.
822 1776 985 1866 Iulianus)
1009 1779 1096 1845 libro
1120 1802 1167 1846 se·

154 1868 257 1932 eundo
282 1866 323 1931 ad
341 1866 491 1933 Urseium
509 1867 664 1933 Ferocem
687 1865 735 1954 (P.
751 1865 841 1952 896).
865 1902 907 1913 -
931 1865 1088 1948 Maevius,
1112 1871 1167 1954 qui

153 1978 213 2021 nos
236 1956 369 2020 heredes
392 1956 483 2039 feeit,
509 1978 577 2021 rem
601 1978 804 2022 communem
827 1955 944 2020 habuit
966 1976 1040 2020 cum
1063 1958 1165 2023 Attio.

154 2044 182 2109 si
210 2066 282 2110 cum
306 2045 399 2109 Attio
425 2046 588 2110 communi
612 2045 786 2110 dividundo
811 2045 992 2130 egissemus
1016 2049 1050 2110 et
1071 2046 1166 2111 nobis

154 2155 191 2197 ea
223 2155 274 2198 res
308 2133 492 2198 adiudicata
524 2138 624 2218 esset,
656 2138 824 2199 venturam
858 2155 929 2197 eam
961 2133 996 2197 in
1023 2133 1166 2200 familiae

154 2222 358 2287 erciscundae
382 2220 501 2287 iudicio
525 2220 681 2288 Proculus
705 2224 759 2287 ait.

244 2329 295 2395 16.
331 2327 411 2393 Ibid
439 2329 510 2409 §Z
544 2366 583 2377 —
618 2329 752 2393 Arbiter
788 2329 930 2394 familiae
962 2329 1166 2394 erciscundae

153 2418 239 2481 inter
264 2438 315 2480 me
339 2422 372 2481 et
394 2421 426 2481 te
451 2421 598 2502 sumptus
622 2418 779 2502 quaedam
803 2417 897 2497 mihi,
925 2419 1084 2502 quaedam
1106 2418 1166 2482 tibi

155 2505 337 2570 adiudicare
360 2506 506 2588 volebat,
534 2528 592 2590 pro
616 2506 668 2570 his
690 2507 787 2571 rebus
812 2507 950 2572 alterum
974 2507 1071 2571 alteri
1094 2528 1165 2572 con-

155 2594 351 2659 demnandos
376 2616 446 2659 esse
468 2594 687 2679 intellegebat.
725 2596 906 2679 quaesitum
925 2599 984 2680 est,
1003 2617 1044 2660 an
1063 2595 1166 2679 possit

153 2683 343 2767 pensatione
375 2683 463 2749 ultro
496 2684 639 2768 citroque
672 2684 950 2749 condemnationis
977 2683 1066 2749 facta
1094 2705 1166 2748 eum

155 2772 270 2854 solum,
289 2773 380 2836 cuius
400 2794 526 2837 summa
544 2773 718 2856 excederet,
737 2773 805 2837 eius
825 2773 995 2837 dumtaxat
1014 2794 1165 2855 summae,

155 2882 237 2945 quae
260 2860 308 2925 ita
331 2861 506 2943 excederet,
531 2861 693 2926 damnare.
740 2864 772 2926 et
794 2861 918 2946 placuit
939 2882 1037 2945 posse
1060 2861 1095 2926 id
1118 2883 1165 2926 ar-

154 2949 276 3013 bitrum
298 2948 414 3016 facere.

245 3058 295 3121 17.
318 3055 357 3119 D.
374 3056 424 3140 10,
439 3055 469 3138 3,
480 3054 509 3120 5.
542 3054 688 3121 lulianus
702 3056 786 3121 libro
803 3056 943 3121 secundo
959 3055 1000 3120 ad
1013 3053 1165 3121 Urseium

153 3143 307 3210 Ferocem
322 3141 372 3231 (P.
383 3143 524 3224 8971-
538 3141 591 3228 (Ι).
603 3143 654 3223 10,
664 3146 693 3229 3,
703 3146 734 3227 4,
742 3144 774 3210 4.
802 3144 892 3209 Idem
912 3166 954 3211 sc.
967 3142 1044 3229 Ulp.
1058 3145 1080 3211 l.
1089 3142 1166 3210 XIX

155 3233 194 3297 ad
223 3233 271 3297 ed.
308 3230 349 3299 ‘..
373 3233 487 3298 scribit
509 3231 670 3318 Iulianus,
698 3235 726 3298 si
754 3234 844 3298 missi
869 3235 904 3298 in
925 3235 1167 3319 possessionem

155 3321 265 3386 damni
283 3321 384 3385 infect
369 3322 397 3385 ti
416 3323 516 3386 simus
536 3325 569 3385 et
583 3326 667 3406 ante,
686 3345 781 3407 quam
795 3322 961 3407 possidere
974 3322 1167 3405 iuberemur,

227 3502 240 3549 1
271 3495 318 3549 Fl
348 3493 470 3551 ‘Cassius
504 3496 678 3552 existimasse
710 3497 861 3567 Urseium’,
898 3514 984 3566 quam
1016 3496 1167 3553 lectionem

152 3566 284 3623 Karlowa
302 3567 315 3619 I
335 3572 386 3621 694
405 3567 538 3624 defendit.
