2430 3944
465 188 490 239 a.
509 181 672 238 nmrcms
1009 188 1073 252 277

379 361 429 428 Dc
451 367 551 447 operis
574 365 758 431 tuomum.

149 469 192 534 7?
215 467 433 553 D.38‚1,27.
473 469 618 535 Iulianus
642 471 727 537 libro
751 472 857 557 primo
881 495 921 537 ex
940 474 1073 543 Minicio

59 554 107 644 (P.
127 553 218 644 849).
246 595 290 605 —
318 556 353 622 Si
384 558 520 624 libertus
555 563 659 624 artem
691 561 886 643 pantomimi
918 567 1075 647 exerceat,

58 671 163 712 verum
197 654 243 712 est
276 650 384 712 debere
420 671 489 712 eum
524 673 584 713 non
622 655 720 714 solum
754 653 813 734 ipsi
844 658 986 734 patrono,
1022 658 1075 718 sed

59 741 151 801 etiam
178 740 344 800 amicorum
370 742 451 800 ludis
476 742 644 818 gratuitam
667 761 788 818 operam
809 745 967 822 praebere;
997 745 1075 805 sicut

61 849 128 888 eum
152 848 272 907 quoque
295 829 452 906 libertum,
476 831 528 907 qui
551 829 730 891 medicinam
753 835 877 908 exercet,
901 852 1005 893 verum
1029 837 1075 893 est

60 921 218 979 voluntate
245 918 366 995 patroni
393 921 569 978 curaturum
597 919 693 998 gratis
720 921 831 982 amicos
860 921 932 982 eius.
977 941 1075 1000 neque

62 1007 140 1066 enim
164 1009 285 1084 oportet
306 1010 481 1086 patronum,
505 1009 542 1066 ut
564 1008 662 1084 operis
684 1008 788 1070 liberti
810 1011 858 1071 sui
880 1013 998 1089 utatur,
1022 1015 1076 1071 aut

59 1096 144 1156 ludos
169 1114 287 1173 semper
308 1096 407 1156 facere
430 1099 485 1156 aut
507 1099 674 1174 aegrotare.

395 1291 442 1349 Ex
463 1290 576 1350 Iuliani
598 1292 677 1353 libro
700 1292 740 1352 H.

344 1409 394 1476 De
415 1410 575 1476 uerborum
597 1411 787 1495 odlrpationc.

147 1516 190 1583 8?
214 1516 253 1581 D.
263 1516 316 1596 45,
327 1517 419 1594 1,62.
461 1515 551 1581 idem
574 1513 632 1603 (ec.
646 1515 808 1606 lulianus)
829 1519 914 1585 libro
934 1519 1075 1586 secundo

61 1627 97 1669 ex
119 1604 250 1671 Minicio
274 1602 322 1691 (P.
338 1603 428 1692 858).
451 1641 494 1652 ·-·
517 1603 634 1672 Servus
658 1611 788 1672 vetante
811 1608 944 1674 domino
967 1607 996 1674 si
1019 1631 1075 1694 pe·

60 1695 187 1759 cuniam
221 1696 261 1759 ab
296 1694 360 1760 alio
391 1694 566 1778 stipulatus
594 1694 651 1778 sit,
682 1695 787 1761 nihilo
815 1697 922 1762 minus
951 1697 1075 1782 obligat

62 1784 190 1849 domino
213 1784 451 1867 promissorem.

435 1924 486 1991 De
507 1926 702 2009 usucapione.

147 2032 177 2096 9.
205 2031 244 2096 D.
258 2031 311 2114 41,
325 2032 356 2114 4,
371 2031 400 2097 8.
446 2031 538 2097 Idem
559 2028 619 2118 (sc.
641 2027 802 2118 Iulianus)
825 2031 909 2097 libro
936 2030 1074 2096 secundo

61 2141 97 2184 ex
115 2119 246 2184 Minicio
266 2116 315 2205 (P.
331 2119 418 2198 855).
437 2157 479 2166 -
499 2119 534 2185 Si
558 2121 639 2204 quis,
662 2143 736 2185 cum
755 2120 853 2184 sciret
872 2119 1074 2185 venditorem

60 2208 229 2293 pecuniam
252 2209 365 2273 statim
384 2213 659 2293 consumpturum,
683 2230 792 2274 servos
813 2209 854 2272 ab
874 2230 911 2274 eo
931 2209 1076 2291 emisset,

60 2302 192 2380 plerique
206 2301 425 2379 responderunt
438 2321 507 2362 eum
519 2302 614 2363 nihilo
629 2303 727 2363 minus
741 2301 892 2362 bonafide
907 2304 1076 2377 emptorem

61 2409 136 2465 esse,
164 2391 254 2468 idque
282 2390 382 2453 verius
406 2393 460 2450 est.
506 2392 656 2468 quomodo
679 2391 759 2450 enim
781 2391 862 2452 mala
884 2390 942 2449 fide
970 2391 1076 2449 emisse

60 2479 187 2552 videtur,
211 2480 263 2556 qui
285 2498 304 2538 a
327 2478 445 2538 domino
470 2479 562 2541 amitt
597 2480 657 2539 nisi
677 2480 757 2540 forte
776 2482 807 2539 et
824 2480 860 2559 is,
878 2479 930 2557 qui
949 2497 968 2537 a
986 2479 1074 2538 luxu·

60 2568 138 2628 rioso
172 2571 203 2626 st
229 2567 367 2644 protinus
396 2571 496 2628 scorto
525 2569 634 2628 daturo
665 2567 824 2646 pecuniam
857 2586 959 2629 servos
992 2567 1074 2643 emit,

60 2675 117 2716 non
140 2655 307 2732 usucapiet.

151 2739 214 2805 10?
234 2739 376 2824 D.41,4,
388 2741 438 2804 10.
474 2739 564 2805 Idem
584 2737 811 2826 (sululianus)
831 2739 915 2805 libro
934 2738 1074 2805 secundo

62 2829 100 2892 ad
132 2826 301 2892 Minicium
332 2824 383 2914 (P.
408 2826 498 2917 856).
526 2865 567 2876 -
599 2828 719 2894 Servus
752 2829 883 2894 domino
916 2827 1077 2905 ancillam,

62 2939 156 3002 quam
181 2917 399 3001 subripuerat,
426 2939 486 3000 pro
511 2918 616 3001 eapite
639 2939 698 2982 suo
722 2917 825 3000 dedit,
854 2938 892 2980 ea
920 2917 1077 2999 concepit.

61 3006 242 3089 quaesitum
275 3009 340 3084 est,
376 3027 417 3068 an
450 3006 599 3070 dominus
632 3028 705 3070 eum
737 3009 867 3090 partum
900 3026 1077 3088 usucapere

61 3095 173 3178 possit.
219 3094 400 3177 respondit:
427 3093 481 3157 hic
504 3093 653 3159 dominus
677 3095 770 3181 quasi
794 3097 922 3178 emptor
944 3097 1076 3177 partum

61 3203 235 3266 usucapere
254 3185 373 3266 potest,
395 3202 533 3264 namque
552 3202 603 3245 ros
623 3183 653 3245 ei
672 3185 764 3248 abest
781 3206 841 3268 pro
859 3182 921 3248 hac
939 3181 1075 3246 muliere

61 3275 92 3336 et
130 3273 275 3358 [genere]
314 3269 552 3354 quodaminodo
589 3271 731 3336 venditio
766 3272 852 3336 inter
884 3293 1012 3337 servum
1044 3273 1077 3333 et

64 3359 229 3426 dominum
252 3361 421 3423 contracta
444 3362 502 3422 est.

154 3446 218 3511 11?
241 3446 281 3511 D.
294 3448 348 3530 41,
362 3447 393 3526 2,
406 3447 459 3512 39.
492 3445 582 3510 Idem
593 3445 649 3530 (sc.
663 3445 825 3531 Iulianus)
838 3448 922 3511 libro
938 3443 1076 3510 secundo

66 3555 102 3598 ex
135 3535 268 3600 Minicio
300 3535 348 3620 (P.
368 3531 457 3620 854).
486 3571 528 3581 —
555 3534 718 3601 Interesse
749 3539 843 3621 putu,
876 3556 939 3618 qua
972 3535 1081 3597 mente
