2430 3944
245 194 266 249 1.
288 193 464 249 VETERUM
483 194 716 251 SENTENTIAE
735 195 782 250 ΕΤ
800 195 907 251 LIBRI.
1018 195 1082 260 507

468 357 519 423 De
542 360 686 423 oratioue

158 472 187 538 3.
212 471 292 537 Gell.
315 473 466 558 11111.
494 511 530 519 —
558 473 815 538 ...dissensisse
838 477 961 539 veteres
986 476 1083 560 scrip·

63 566 156 626 tores
188 561 319 645 accipio.
369 563 489 646 partim
517 563 604 627 enim
633 563 845 646 scripserunt,
878 564 934 647 qui
963 568 1085 648 ovaret,

64 650 203 716 introire
227 651 361 715 solitum
384 673 466 735 equo
490 651 669 715 vehentem.

156 762 194 821 cf.
216 761 248 820 H
270 765 285 820 1
311 782 340 838 p.
360 765 433 823 372.

351 923 399 982 De
421 923 530 982 delictis
553 923 802 982 extraordinarias.

156 1030 186 1096 4.
218 1029 337 1097 Collat.
370 1031 425 1114 15,
455 1032 490 1115 2,
523 1033 540 1096 1
572 1031 646 1116 Ulp.
676 1032 697 1096 l.
728 1032 793 1097 VII
823 1033 861 1096 de
892 1031 974 1098 offic.
1007 1056 1083 1117 pro-

64 1142 154 1186 cons.
183 1157 226 1167 —
259 1120 527 1186 ..interdictum
559 1125 609 1184 est
635 1120 938 1187 mathematicorum
967 1122 1084 1186 callida

64 1212 235 1294 inpostura
254 1213 288 1273 et
307 1209 472 1274 obstinata
490 1209 709 1294 persuasione.
739 1232 799 1275 nec
823 1210 918 1276 hodie
941 1211 1084 1294 primum

64 1298 216 1362 interdici
231 1298 277 1362 eis
292 1297 423 1382 placuit,
443 1298 499 1363 sed
512 1303 605 1363 retus
618 1299 699 1364 haec
713 1297 891 1381 prohibitio
906 1303 964 1364 est.
997 1300 1084 1364 deni·

64 1408 129 1472 que
152 1390 243 1452 extat
262 1390 395 1451 senatus
414 1385 598 1451 consultum
616 1386 798 1471 Pomponio
822 1393 855 1453 et
873 1386 960 1453 Rufo
980 1409 1084 1453 conss.

63 1473 110 1562 (a.
128 1472 185 1562 17)
209 1475 331 1540 factum
357 1527 384 1541 ..
405 1526 411 1539 .
436 1475 490 1540 sed
514 1476 577 1539 fuit
600 1476 793 1560 quaesitum,
815 1481 926 1541 utrum
949 1477 1085 1541 scientia

63 1564 164 1629 huius
184 1565 272 1629 modi
289 1565 458 1628 hominum
476 1564 631 1649 puniatur
646 1587 686 1629 an
702 1566 854 1630 exercitio
869 1570 902 1631 et
915 1566 1085 1649 professio.

65 1657 99 1717 et
119 1653 248 1736 quidem
272 1652 356 1736 apud
375 1658 501 1718 veteres
522 1653 689 1719 dicebatur
707 1654 942 1737 professionem
963 1677 1084 1738 eorum,

62 1763 131 1807 non
155 1741 308 1806 notitiam
332 1763 401 1806 esse
424 1740 633 1825 prohibitam.

155 1853 331 1930 Sequuntur
354 1855 441 1912 haec:
465 1848 583 1930 ‘postea
600 1848 775 1914 variatum'.

361 2044 391 2108 2.
419 2043 476 2107 Ad
499 2043 558 2107 ius
581 2043 786 2127 privatum.

396 2165 430 2254 a)
453 2167 507 2233 De
530 2167 612 2233 iure
636 2167 755 2233 civili.

443 2289 491 2346 De
513 2290 694 2348 testamentis.

155 2397 186 2463 5.
227 2397 266 2461 Ι).
298 2398 352 2481 28,
387 2401 414 2480 1,
447 2397 499 2476 20,
532 2398 552 2462 8
585 2397 746 2482 Ulpianus
778 2397 863 2462 libro
897 2398 1001 2482 primo
1039 2399 1080 2464 ad

63 2487 234 2553 Sabinum.
269 2521 308 2534 —
343 2491 524 2550 ..veteres
552 2491 749 2571 putaverunt
776 2508 831 2551 eos
865 2487 920 2570 qui
948 2491 1082 2570 propter

62 2575 237 2641 sollemnia
260 2577 449 2639 testamenti
470 2574 673 2661 adhibentur,
697 2576 811 2640 durare
831 2576 955 2660 debere,
979 2577 1080 2642 donec

61 2685 218 2749 suprema
240 2666 432 2728 contestatio
456 2670 640 2749 peragatur.

157 2753 186 2817 6.
210 2751 248 2815 D.
263 2753 316 2834 28,
330 2751 361 2838 5,
375 2753 417 2816 32
428 2775 473 2836 pr.
497 2752 587 2817 Idem
607 2751 664 2836 (sc.
679 2748 794 2839 Gaius)
812 2753 897 2817 libro
916 2753 1022 2837 primo
1043 2754 1081 2818 de

62 2841 271 2906 testamentis
295 2841 336 2906 ad
359 2842 498 2906 edictum
517 2842 676 2925 praetoris
703 2841 828 2908 urbani.
860 2879 896 2887 -
1000 2843 1080 2907 satis

61 2933 253 2996 constanter
288 2934 414 2994 veteres
455 2930 664 2994 decreverunt
699 2933 970 2995 testamentorum
1009 2933 1081 2996 iura

60 3021 138 3102 ipsa
157 3040 215 3103 per
234 3040 268 3082 se
286 3019 381 3083 firma
401 3040 470 3082 esse
490 3022 647 3102 oportere,
670 3041 736 3083 non
759 3041 798 3083 ex
817 3020 922 3084 alieno
943 3020 1080 3084 arbitrio

87 3107 213 3173 endere.

60 3131 84 3192 p
156 3197 184 3260 7.
209 3194 242 3261 O.
258 3196 351 3280 6,26,
363 3197 404 3261 10
418 3219 465 3281 pr.
485 3192 581 3282 (Imp.
595 3194 795 3261 lastinianus
809 3218 836 3261 a.
847 3195 928 3280 531)
940 3233 982 3242 -
997 3195 1080 3262 Cum

62 3284 197 3369 quidam
222 3285 346 3350 duobus
365 3285 586 3369 impuberibus
605 3285 682 3350 filiis
702 3285 769 3350 suis
794 3284 966 3349 heredibus
985 3284 1079 3349 insti·

62 3375 145 3438 tutis
184 3372 311 3458 adiecit,
349 3374 377 3438 si
413 3378 548 3458 uterque
585 3373 732 3458 impubes
764 3373 949 3454 decesserit,
986 3373 1080 3438 illum

63 3463 128 3527 sibi
152 3483 223 3526 esse
246 3462 405 3544 heredem,
510 3462 720 3527 dubitabatur
743 3461 828 3545 apud
861 3462 1012 3545 antiquos
1035 3464 1078 3527 le-

64 3572 143 3636 gum
174 3556 337 3634 auctores,
364 3557 514 3616 utrumne
542 3556 619 3616 tunc
647 3551 752 3616 voluit
779 3550 1006 3615 substitutum
1034 3550 1095 3610 ab·
