2430 3944
474 201 499 250 3.
520 193 738 250 OCTAVENUS
1047 195 1112 258 213

93 357 140 442 Is,
169 359 226 443 qui
256 380 374 443 operas
401 362 459 422 aut
485 358 520 422 in
550 357 695 443 singulas
723 379 777 422 eas
805 362 927 423 certam
956 380 1115 423 summam

93 447 259 531 promisit,
293 448 334 512 ad
367 447 451 512 hano
483 448 588 531 legem
621 443 680 534 (sc.
701 446 829 510 Aeliam
857 445 1017 534 sentiam)
1049 469 1116 512 non

94 539 255 620 pertinet,
287 536 442 620 quoniam
472 557 587 620 operas
615 535 811 619 praestando
838 539 948 616 potest
974 537 1117 601 liberari.

94 626 179 690 idem
194 623 382 690 Octauenus
401 624 521 709 probat
534 630 568 689 et
581 625 692 690 adicit:
711 625 859 709 obligare
874 623 938 689 sibi
952 624 1117 711 libertum,

95 717 132 779 ut
153 713 336 779 mercedem
360 735 532 797 operarum
557 714 674 798 capiat,
697 713 726 778 is
747 713 956 798 intellegitur,
981 715 1036 798 qui
1054 714 1117 778 hoc

96 801 201 868 solum
230 804 314 887 agit,
342 807 380 867 ut
406 803 519 888 utique
547 803 727 867 mercedem
751 802 874 888 capiat,
902 803 1031 867 etiamsi
1056 802 1115 868 sub

96 893 192 956 titulo
216 913 391 975 operarum
415 914 486 956 eam
510 891 685 976 stipulatus
708 891 815 956 fuerit.

184 1004 223 1064 cf.
242 1004 280 1063 n.
297 1005 438 1083 7,s,1a‚
455 1005 472 1062 o
497 1003 577 1063 infra
598 1003 637 1063 fr.
653 1006 701 1063 10.

393 1176 444 1241 Dc
466 1176 614 1257 emptione
636 1175 818 1240 venditione.

183 1301 213 1366 8.
237 1299 463 1383 D.18‚6,8pr.
489 1298 580 1363 Idem
611 1321 653 1364 sc.
668 1298 803 1385 Paulus)
822 1300 907 1366 libro
922 1299 1116 1384 trigensimo

97 1389 192 1453 tertio
226 1389 267 1452 ad
297 1389 437 1453 edictum
467 1387 516 1473 (P.
535 1386 626 1453 513.
654 1425 699 1435 —
725 1387 919 1454 Necessario
950 1388 1117 1454 sciendum

98 1483 159 1555 est,
187 1477 317 1563 quando
345 1477 489 1561 perfecta
516 1479 560 1540 sit
588 1477 724 1562 empti03
753 1482 831 1542 tune
859 1479 944 1542 enim
970 1479 1117 1562 sciemus,

98 1567 186 1631 cuius
210 1566 389 1650 periculum
415 1567 470 1648 sit,
494 1588 568 1630 nam
587 1567 733 1650 perfecta
752 1567 917 1650 emptione
936 1565 1118 1651 periculum

98 1655 136 1719 ad
155 1659 337 1739 emptorem
356 1655 519 1738 respiciet.
557 1659 589 1719 et
608 1656 636 1719 si
654 1655 687 1718 id
706 1655 792 1739 quod
807 1655 946 1720 venierit
961 1658 1119 1739 appareat

98 1743 171 1826 quid
195 1745 289 1826 quale
312 1749 471 1827 qnantum
495 1744 548 1827 sit,
572 1743 616 1808 sit
638 1747 672 1808 et
692 1744 840 1828 pretium,
863 1749 896 1808 et
914 1765 994 1828 pure
1013 1744 1114 1824 venit,

97 1831 241 1916 perfecta
257 1836 307 1896 est
321 1834 452 1916 emptio.
476 1834 561 1916 quod
576 1832 605 1896 si
619 1833 679 1896 sub
695 1833 884 1897 condicione
899 1853 951 1896 res
966 1831 1118 1910 venierit,

98 1922 125 1984 si
149 1922 281 2006 quidem
304 1920 457 1985 defecerit
480 1921 639 2004 condicio,
666 1921 756 1984 nulla
779 1924 830 1985 est
853 1921 990 2005 emptio,
1018 1920 1115 1984 sicuti

97 2031 153 2074 nec
173 2011 355 2094 stipulatio.
383 2010 468 2093 quod
485 2009 512 2074 si
527 2009 696 2092 exstiterit,
709 2008 866 2073 Proculus
881 2012 915 2072 et
929 2005 1116 2072 Octauenus
1135 2061 1137 2065 ,

98 2099 254 2183 emptoris
281 2119 351 2161 esse
374 2098 556 2181 perieulum
580 2098 681 2162 aiunt.

184 2187 214 2251 9.
241 2186 280 2252 D.
299 2186 460 2271 19,1,55.
506 2186 705 2270 Pomponius
730 2187 815 2251 libro
840 2187 964 2251 decimo
988 2184 1120 2268 Epistu-

97 2275 200 2339 larum
230 2273 278 2360 (P.
296 2271 385 2360 197).
411 2312 449 2321 —
476 2273 510 2339 Si
539 2297 664 2360 servus,
692 2277 748 2360 qui
776 2280 937 2339 emeretur
965 2274 1016 2337 vel
1043 2295 1119 2356 pro-

96 2365 297 2449 mitteretur,
319 2363 354 2427 in
377 2364 522 2428 hostium
545 2368 708 2449 potestate
733 2364 784 2448 sit,
807 2363 987 2429 Octavenus
1011 2361 1118 2446 magis

96 2453 235 2537 putabat
258 2453 367 2516 valere
391 2454 589 2535 emptionem
609 2457 641 2517 et
661 2453 916 2537 stipulationem,
939 2451 1016 2535 quia
1034 2452 1119 2514 inter

96 2545 260 2606 ementem
280 2546 314 2606 et
332 2541 524 2606 vendentem
545 2545 631 2606 esset
645 2543 887 2625 commercium,
906 2540 1016 2624 potius
1031 2538 1119 2603 enim

97 2630 327 2695 difficultatem
351 2630 386 2694 in
408 2630 601 2713 praestando
626 2652 664 2695 eo
685 2632 799 2712 inesse,
823 2651 920 2713 quam
938 2628 1034 2711 <eum
1053 2648 1119 2691 non

98 2719 190 2802 esse>
214 2719 250 2784 in
274 2719 425 2802 (rerum)
446 2726 578 2803 natura,
600 2719 729 2782 etiamsi
752 2718 861 2783 officio
884 2717 1000 2782 iudicis
1023 2716 1120 2780 susti-

99 2809 206 2872 nenda
231 2813 317 2872 esset
341 2809 407 2871 eius
432 2809 625 2890 praestatio,
648 2807 750 2871 donec
771 2807 933 2890 praestari
955 2805 1070 2890 possit.

383 2984 433 3049 De
456 2984 606 3049 locatione
628 2985 830 3049 conductione.

189 3107 238 3172 10.
262 3105 301 3171 D.
314 3108 444 3189 7,8,12,
455 3109 484 3172 6.
530 3105 693 3190 Ulpianus
718 3108 804 3172 libro
828 3107 968 3191 septimo
993 3107 1119 3170 decimo

98 3196 138 3259 ad
162 3194 320 3260 Sabinum
344 3191 394 3282 (P.
408 3192 521 3283 2579).
540 3234 583 3243 —
670 3195 780 3260 Labeo
803 3202 908 3281 putat,
932 3198 960 3261 si
984 3196 1119 3260 fundum

99 3285 287 3348 conduxerit
315 3285 402 3368 quis,
431 3285 595 3348 usuarium
625 3307 754 3348 servum
782 3307 878 3368 posse
904 3287 953 3350 ibi
981 3284 1120 3368 operari.

161 3394 262 3456 quare
281 3377 315 3437 et
333 3374 362 3436 si
380 3375 490 3436 lanam
510 3372 700 3437 conduxerit
713 3375 862 3438 usuarius
878 3372 1119 3457 expediendam,

102 3461 223 3544 poterit
258 3463 358 3525 etiam
395 3483 452 3545 per
488 3462 637 3526 usuarias
673 3463 808 3527 ancillas
842 3484 924 3546 opus
956 3460 1121 3543 perficere,

102 3549 262 3636 idemque,
282 3551 309 3615 si
333 3550 530 3615 vestimenta
552 3549 690 3615 texenda
713 3551 885 3616 redemerit
907 3549 962 3616 rel
978 3548 1130 3613 insutum
