2430 3944
360 192 385 242 6.
407 185 618 244 IAVOLENUS
637 186 785 243 PRISCUS
1011 188 1078 254 433

450 367 501 433 De
521 368 692 434 mandato?

152 484 227 550 129.
256 483 292 548 D.
309 484 339 568 3,
358 483 389 568 5,
408 484 461 550 42.
505 481 616 547 Labeo
639 483 723 549 libro
747 488 839 549 sexto
862 485 1079 568 posteriorum

61 572 315 654 epitomatorum
330 594 349 636 a
362 572 524 637 Iavoleno.
541 607 579 618 -
597 571 676 638 Onm
689 574 855 655 pecuniam
872 574 938 638 eins
955 575 1080 640 nomine

58 663 203 740 solveres,
225 662 280 743 qui
302 661 358 725 trin'
379 660 461 725 mitrii
482 662 694 744 mandauerat,
717 663 905 746 neyotiorum
924 667 1079 746 nostorum

58 751 140 816 aetio
169 749 224 816 toiri
245 751 398 833 competit,
426 770 496 815 enm
525 771 561 815 eo
583 749 732 816 solutione
754 751 869 816 debitor
891 771 912 815 u
934 749 1080 818 ereditore

60 839 211 905 liberatus
232 840 300 921 sit[,
321 840 387 904 nisi
408 839 438 904 si
456 838 533 921 qnid
548 839 693 904 debitoris
709 840 853 922 interfuit
869 861 937 905 eom
952 842 1079 922 pecuni-

61 949 115 993 am
138 949 202 993 non
224 928 326 1008 sotoiJ.

453 1014 503 1080 De
524 1016 687 1082 soeietete?

153 1130 226 1198 130.
244 1130 284 1196 D.
300 1133 350 1213 17,
363 1129 394 1211 2,
409 1132 461 1196 84.
492 1128 602 1196 Labeo
620 1129 705 1196 libro
720 1135 811 1197 sexto
825 1131 1043 1215 posteriorum
1058 1157 1078 1199 a

60 1221 216 1287 Iavoleno
231 1219 488 1304 epitomatorem.
501 1255 542 1267 -
554 1221 699 1301 Quotiens
712 1221 799 1286 iussu
812 1221 946 1286 alieuius
954 1222 1000 1287 oet
1008 1243 1077 1288 cum

59 1310 127 1393 filio
141 1310 207 1375 eius
219 1308 266 1374 uei
279 1329 349 1374 oum
361 1313 505 1375 ιιιινιιιιιο
517 1310 644 1375 societas
657 1310 764 1393 coitur,
781 1310 894 1376 directo
908 1331 978 1376 oum
991 1313 1079 1377 iliius

53 1418 192 1482 persono
214 1399 268 1500 aqi
284 1417 382 1483 posse,
404 1398 493 1464 euius
509 1418 646 1481 persono
663 1399 699 1462 in
716 1397 923 1465 contrahendo
940 1401 1078 1466 societate

58 1490 196 1571 ww
217 1491 267 1551 Sd.
426 1574 477 1641 De
499 1575 568 1641 iure
589 1575 714 1642 dotium.
1063 1551 1064 1554 Ἴ

152 1690 227 1755 131.
258 1688 297 1755 D.
312 1691 365 1774 23,
379 1690 409 1773 3,
424 1690 465 1754 79
480 1713 527 1775 pr.
572 1689 682 1755 Labeo
710 1690 797 1756 libro
826 1695 916 1756 sexto
942 1694 1078 1777 posteri·

62 1801 153 1845 orum
175 1801 195 1842 e
213 1779 365 1846 Iavoleno
388 1778 649 1864 epitomatorum.
668 1816 711 1826 -
729 1781 819 1845 Aous
836 1781 936 1862 neptis
953 1783 1079 1848 nomine

61 1869 127 1952 titio
149 1872 244 1933 natue
262 1888 372 1951 uenero
394 1869 492 1934 dotem
515 1868 596 1932 dedit
618 1869 803 1933 etmeritur.
843 1874 935 1951 neunt
921 1869 1079 1937 tSeroius

62 1958 160 2022 dotem
187 1955 311 2022 adt
249 1961 374 2038 putrem
397 1957 505 2022 reverti
526 1961 556 2021 et
577 1977 629 2039 eoo
651 1977 721 2021 eum
743 1955 849 2023 Seruio
871 1959 977 2042 sentio,
1002 1961 1078 2040 quio

60 2066 123 2111 non
140 2051 241 2129 potest
229 2046 360 2110 irrideri
382 2046 421 2111 ob
444 2066 476 2110 eo
495 2045 644 2127 profecto,
665 2046 741 2127 quio
757 2046 837 2111 nitrit
854 2066 891 2111 en
908 2009 1009 2133 tris⁷?(
1023 2049 1078 2130 qui

54 2133 142 2200 ιιιιιιι
163 2134 323 2213 enieresi)
345 2136 396 2199 sui
417 2134 580 2199 habuisset.

152 2224 226 2289 132.
257 2222 296 2287 D.
314 2223 427 2303 ibid.'§
448 2224 544 2288 1.-
574 2221 672 2288 Pater
696 2223 782 2305 filiae
808 2224 932 2288 nomine
958 2229 1078 2290 eentum

58 2313 126 2379 doti
144 2313 191 2377 ito
208 2309 333 2377 dixit¹
334 2332 404 2376 oum
410 2225 700 2377 §commodissimum
718 2309 812 2377 esset'.
851 2313 962 2378 Ateius
979 2315 1077 2396 serio

58 2403 102 2468 sit
128 2399 272 2466 Servium
298 2402 501 2482 respondisse,
534 2421 604 2464 enm
624 2401 767 2482 primum
793 2401 861 2466 sine
887 2403 1078 2484 turpitudine

58 2495 89 2556 et
111 2490 249 2569 infamio
272 2491 344 2555 otoni
359 2491 475 2574 possit,
498 2490 606 2555 ιιιιιιὶ.

151 2601 240 2677 Apud
253 2601 426 2661 Labeonem
440 2620 559 2678 quoque
573 2599 604 2660 ΙΙ
620 2603 648 2676 1,
661 2621 690 2676 p.
705 2601 768 2660 203
784 2600 820 2659 de
835 2602 891 2660 hoo
905 2602 1076 2680 fragmento

58 2690 220 2749 dicendum
244 2692 318 2750 erut.

43 2795 46 2799 ’
154 2789 227 2856 133.
250 2790 290 2855 D.
304 2792 357 2873 23,
372 2793 401 2875 3,
417 2790 468 2856 80.
497 2789 668 2856 Iavolenus
683 2789 766 2855 libro
782 2794 873 2855 sexto
888 2812 925 2855 ex
939 2793 1076 2875 posteri·

59 2880 173 2946 oribus
201 2878 369 2945 Labeonis.
401 2916 439 2926 —
469 2879 507 2944 Si
533 2880 647 2944 debitor
672 2879 814 2944 mulieris
841 2881 940 2945 dotem
966 2901 1076 2963 sponso

52 2969 238 3053 promiserit
254 2968 430 3053 (immiti),
445 2988 532 3050 posse
550 2966 708 3032 mutierem
726 2973 797 3033 ante
814 2971 941 3051 nuptias
956 2991 977 3034 o
995 2970 1075 3035 debi-

59 3063 123 3124 tore
150 3078 218 3122 eam
239 3059 406 3140 peeuniam
431 3062 530 3140 petere
552 3076 701 3138 nequem
723 3058 848 3122 nomine
863 3063 972 3141 posteo
995 3059 1074 3123 deii·

58 3152 157 3213 torem
188 3148 254 3211 oiro
284 3146 452 3229 obimatum
477 3146 621 3226 futurum
648 3147 695 3209 uit
721 3145 830 3211 Labeo.
879 3147 997 3227 falsum
1024 3153 1074 3228 est,

56 3237 136 3319 quio
158 3255 196 3300 en
207 3236 375 3318 promissio
393 3238 428 3299 in
439 3235 587 3317 pendenti
604 3239 685 3317 esset,
708 3235 800 3300 donee
818 3235 961 3318 obtiootio
979 3237 1013 3299 in
1032 3256 1069 3300 m

56 3344 157 3392 eausa
180 3328 230 3390 est.

150 3427 187 3486 of.
209 3426 250 3504 Π,
275 3430 292 3486 1
317 3446 345 3502 p.
367 3429 439 3486 164.

132 3567 146 3614 1
170 3560 246 3616 Trio.
266 3559 403 3630 promisit.
872 3610 908 3666 ἱ

109 3659 204 3706 lump:
218 3659 334 3699 antehadt.
349 3660 397 3701 teli,
414 3661 447 3703 ed,
463 3662 568 3705 Bremer.
592 3665 627 3718 11,
643 3665 663 3708 ι.
847 3655 888 3704 ⁴28
