2430 3944
348 199 373 248 4.
395 193 427 247 Ι..
447 191 631 248 usuarius
649 191 798 248 Pfflscus
1012 192 1076 257 347

62 355 210 420 monium
237 353 383 421 futurum
411 378 476 421 non
504 356 556 422 sit
601 354 698 440 idque
727 358 760 419 et
782 353 931 421 Aristoni
958 361 992 422 et
1014 355 1077 423 Ne·

60 445 147 509 ratio
172 448 206 508 et
227 442 409 528 Pomponio
432 448 547 529 placet

152 533 207 598 40.
225 531 264 597 D.
277 534 327 617 11,
339 534 367 616 7,
377 534 420 598 20
429 556 477 617 pr.
507 533 595 598 Idem
612 531 669 618 (sc.
679 529 856 618 Ulpianus)
870 533 955 598 libro
970 534 1076 599 vicen·

60 622 144 687 simo
170 621 283 706 quinto
304 621 343 686 ad
363 620 503 688 edictum
523 619 573 710 (P.
585 618 687 709 753⁰).
706 656 748 667 -
767 619 920 686 Neratius
940 623 1076 705 quaerit,

60 712 89 776 si
111 711 155 795 is,
178 709 236 795 qui
258 708 366 776 dotem
390 711 522 776 dederat
545 733 603 796 pro
627 710 771 794 muliere,
795 709 971 794 stipulatus
997 712 1074 793 [cst]

61 799 141 865 duas
154 801 265 882 partes
279 797 364 865 dotis
378 799 477 883 reddi,
491 801 623 865 tertiam
637 797 725 884 apud
738 799 890 863 meritum
901 821 1077 882 remanere,

60 891 177 974 pactus
210 886 267 971 sit,
298 909 339 951 nc
371 888 447 972 quid
477 889 614 953 meritus
641 888 677 953 in
703 887 799 953 funus
828 887 1002 973 conferret,
1033 910 1077 953 an

59 977 226 1043 funeratio
259 976 393 1041 maritus
425 980 583 1043 teneatur.
634 981 666 1041 et
698 977 759 1061 ait,
790 976 818 1040 si
848 975 979 1061 quidem
1006 977 1076 1061 ipse

58 1065 235 1150 stipulator
258 1065 426 1130 mulierem
449 1065 620 1149 funeravit,
641 1065 750 1131 locum
773 1086 842 1130 esse
860 1070 956 1150 pacto
976 1068 1009 1130 et
1027 1065 1076 1130 in·

57 1154 174 1219 utilem
209 1153 239 1218 ei
271 1152 466 1219 funerariam
499 1153 583 1240 fore3
620 1153 649 1218 si
681 1175 759 1219 vero
791 1153 874 1219 alius
905 1153 1077 1238 funcravit,

56 1264 158 1327 posse
176 1263 250 1307 eum
266 1242 420 1307 maritum
434 1241 613 1326 convenire,
632 1243 709 1327 quia
721 1245 819 1327 pacto
833 1241 897 1308 hoc
910 1242 1077 1328 publicum

56 1333 110 1397 ius
133 1329 268 1416 infringi
288 1352 355 1396 non
373 1331 486 1416 possit.
524 1330 601 1419 quid
619 1334 729 1396 tamen
749 1331 776 1397 si
795 1330 867 1417 quis
885 1330 994 1396 dotem
1013 1331 1075 1397 hac

57 1421 131 1506 lege
160 1418 284 1484 dederit
311 1441 369 1505 pro
397 1420 546 1505 muliere,
573 1424 611 1485 ut
636 1419 676 1485 sd
698 1421 808 1504 ipsum
829 1419 961 1505 rediret,
989 1419 1075 1486 siin

56 1507 268 1574 matrimonio
300 1511 431 1574 mortua
463 1513 562 1591 osset,
594 1511 651 1574 aut
682 1530 810 1594 quoquo
843 1508 938 1574 modo
967 1509 1073 1594 soluto

56 1595 290 1662 matrimonio?
336 1597 491 1681 numquid
525 1597 578 1663 hic
610 1599 646 1662 in
676 1596 774 1662 funus
805 1618 871 1662 non
904 1597 1073 1663 conferat?

56 1686 114 1750 sed
139 1707 212 1751 cum
233 1685 291 1749 dos
310 1689 415 1751 morte
434 1686 578 1752 mulieris
598 1686 640 1751 ad
659 1707 732 1750 eum
749 1686 943 1772 pervenerit,
963 1690 1074 1770 potest

55 1774 122 1840 dici
147 1773 292 1839 conferre
315 1794 398 1838 eum.

147 1864 200 1928 41.
228 1860 266 1926 D.
281 1862 334 1945 24,
348 1864 378 1939 3,
395 1863 445 1945 17,
459 1862 488 1927 2.
534 1861 655 1926 Paulus
678 1861 762 1927 libro
786 1861 924 1946 septimo
949 1863 989 1928 ad
1014 1860 1071 1928 Sa-

56 1952 172 2016 binum
195 1949 243 2036 (P.
261 1948 386 2035 1766b).
411 1988 449 1999 -—
476 1948 511 2015 si
538 1950 572 2015 in
596 1948 716 2016 iudicio
739 1951 786 2016 rei
807 1947 956 2016 uxoriael
977 1951 1072 2016 iudex

55 2040 244 2126 ignorantia
263 2040 343 2104 iuris
362 2040 472 2123 lapsus
492 2040 754 2105 condemnaverit
772 2039 926 2104 maritum
945 2040 977 2104 in
998 2039 1072 2105 soli-

57 2128 144 2214 dum,
163 2126 318 2193 Neratius
333 2125 473 2220 Sabinus
488 2127 555 2193 doli
570 2129 757 2213 exceptione
772 2149 845 2193 eum
860 2127 909 2191 uti
923 2131 1072 2212 oportere

56 2219 151 2284 aiunt
174 2238 274 2302 eaque
297 2220 403 2281 tutum
427 2215 505 2282 fore.

222 2400 270 2459 Dc
291 2400 494 2459 donationibus
516 2399 591 2459 inter
613 2402 709 2460 virum
733 2404 759 2459 et
779 2416 906 2458 uxorein.

146 2519 200 2582 42.
219 2517 258 2583 D.
266 2518 319 2600 24,
332 2518 397 2600 1,5,
404 2517 434 2582 5.
463 2517 621 2600 Ulpianus
630 2519 716 2584 libro
727 2519 917 2604 trigessimo
932 2519 1070 2584 secundo

55 2608 97 2673 ad
127 2604 285 2672 Sabinum
311 2602 361 2693 (P.
380 2603 507 2689 euseb).
527 2641 569 2652 -
594 2605 749 2671 Neratius
851 2606 1071 2672 venditionem

55 2695 245 2763 donationis
264 2717 361 2760 causa
379 2694 465 2759 inter
484 2696 589 2759 virum
608 2700 641 2759 ct
659 2717 791 2760 uxorem
810 2695 929 2761 factam
948 2695 1072 2761 nullius

54 2807 127 2850 esse
156 2784 326 2864 momenti,
358 2784 386 2847 si
415 2783 522 2862 modo,
556 2805 628 2849 cum
657 2783 800 2848 animum
831 2784 965 2849 maritus
994 2806 1070 2849 ven·

55 2873 153 2938 dendi
172 2894 236 2937 non
254 2873 398 2957 haberet,
421 2871 538 2937 idcirco
558 2872 776 2938 venditionem
795 2878 997 2937 commentus
1018 2874 1070 2957 sit,

55 2968 92 3026 ut
116 2961 266 3045 donaret,
294 2961 457 3026 enimvero
486 2962 527 3042 si,
554 2982 628 3026 cnm
656 2962 799 3025 animum
826 2961 985 3026 vendendi
1013 2961 1068 3025 ha·

54 3051 162 3137 beret,
185 3072 224 3116 ex
242 3049 347 3134 pretio
367 3051 396 3115 ei
415 3050 547 3131 remisit,
566 3049 783 3114 venditionem
803 3049 930 3133 quidem
950 3050 1067 3132 valere,

54 3141 280 3204 remissionem
318 3142 425 3203 autem
463 3138 618 3202 hactenus
654 3159 719 3202 non
750 3138 873 3218 valere,
910 3141 1069 3223 quatenus

54 3227 144 3294 facta
166 3234 217 3292 est
239 3227 441 3310 locupletior.

144 3317 198 3383 43.
226 3314 264 3380 D.
279 3315 332 3398 24,
348 3317 376 3398 1,
390 3315 443 3397 26,
458 3316 487 3379 1.
534 3313 652 3379 Paulus
675 3315 759 3380 libro
784 3315 923 3400 septimo
947 3314 986 3378 ad
1011 3313 1068 3378 Sa-

55 3405 168 3470 binum
193 3403 240 3488 (P.
257 3401 368 3491 1751).
392 3440 433 3449 -
457 3403 507 3468 Ex
531 3403 647 3487 quibus
672 3404 775 3469 causis
798 3404 883 3468 inter
906 3404 1011 3467 virum
1035 3407 1069 3466 et

127 3568 141 3616 1
165 3561 240 3616 rab.
260 3561 341 3616 dotis.
