2438 3930
152 184 219 249 504
255 184 288 238 V.
307 182 458 238 NERVAE
477 182 525 237 ET
544 181 698 237 TRAIANI
716 180 826 236 ΤΕΜΡ.
846 181 943 237 IURIS
964 181 1152 239 CONSULTI

153 371 217 413 non
246 346 370 429 deberi,
397 367 457 410 nee
485 367 583 410 aurea
606 345 814 425 emblemata,
843 345 986 429 quaein
1011 346 1178 412 absidibus

155 434 419 522 argenteissint.

244 528 430 588 Sententiam
459 530 563 587 auctor
589 527 621 586 in
645 527 839 605 Digestorum
863 547 983 604 quoque
1013 529 1113 589 libros
1137 551 1177 589 re-

154 617 246 693 cepit:
276 611 393 676 ‘Celsus
425 617 503 676 libro
535 635 612 675 nono
639 616 752 675 decimo
780 616 989 693 Digestorum,
1021 616 1176 678 Commen-

156 707 303 766 tariorum
326 705 453 781 septimo
478 698 602 765 scribit'.
765 770 768 775 ,

242 793 413 853 Videndum
436 797 483 853 est
506 795 542 852 de
560 794 595 853 D.
612 795 663 870 41,
678 796 707 869 3,
723 796 827 870 Ἡρη,
851 793 902 851 ubi
921 795 997 854 haee
1017 795 1175 874 leguntur:

153 878 250 943 ‘Idem
265 875 319 961 (so.
328 874 494 962 Ulpianus)
508 881 585 941 libro
600 882 776 960 trigensimo
792 882 889 958 primo
905 882 944 940 ad
960 883 1122 944 Sabinum
1139 918 1173 927 -

154 971 259 1031 Oelsus
284 966 361 1030 libro
386 971 561 1049 trigensimo
584 975 692 1047 quarto
712 989 812 1029 errare
831 989 882 1030 eos
902 972 946 1030 eit
965 968 1041 1047 qui'.
1086 975 1174 1034 Lenel

153 1063 252 1120 notat:
286 1054 491 1135 ‘Digestorum
518 1059 595 1119 libro
623 1059 750 1118 XXXIV
778 1078 837 1118 non
865 1059 987 1119 videtur
1016 1065 1173 1123 convenire

153 1149 290 1224 quaestio
304 1151 448 1207 tractatu:
464 1149 500 1207 de
514 1148 695 1224 usucapione
710 1149 774 1225 egit
788 1147 892 1207 Celsus
906 1148 975 1226 Dig.
986 1150 1041 1210 lib.
1054 1148 1173 1212 XXIII'.

153 1257 208 1312 pro
227 1231 428 1314 ‘trigemimo'
446 1238 547 1313 potius
567 1230 756 1315 ‘vigensimo’
775 1237 936 1314 legendum
958 1242 1048 1314 pute,
1072 1243 1174 1317 itaut,

155 1325 192 1384 de
216 1344 275 1401 que
297 1344 329 1384 re
352 1325 429 1384 libro
448 1325 550 1384 XXIII
569 1328 733 1385 treotatum
752 1328 807 1403 est,
830 1325 866 1384 de
887 1325 994 1386 eadem
1013 1329 1118 1404 prime
1136 1349 1174 1390 se·

156 1408 276 1489 quentis
299 1413 370 1472 libri
392 1417 479 1490 perte
502 1414 616 1474 dietum
638 1415 740 1474 fuerit.

246 1608 441 1686 Digestorum
464 1609 556 1668 libros
574 1609 701 1668 XXXIX
725 1610 773 1669 vel
796 1610 899 1685 potius
922 1611 1076 1673 librorum
1101 1615 1174 1693 freg-

156 1697 258 1756 mentu
280 1717 308 1757 r.
326 1697 441 1776 Peling.
464 1700 602 1757 1-274.
