2430 3944
363 183 387 231 4.
411 175 441 233 L.
460 175 644 233 NERATIUS
662 176 811 233 PRISCUS
1025 179 1090 243 313

78 344 104 402 is
139 342 298 403 Neratium
335 361 403 403 cum
445 344 480 403 de
522 339 603 404 civili
644 345 709 404 iure
749 348 814 404 tum
855 344 892 405 de
932 346 1091 410 honorario

80 431 189 492 dixisse
213 435 381 509 cognoscet.
424 433 476 492 sed
498 434 655 510 utriusque
679 434 797 509 generis
820 453 868 493 res
886 453 940 511 per
958 435 1091 497 diversos

77 521 174 582 libros
194 539 316 597 sparsae
331 525 411 599 sunt,
428 525 463 580 ut
476 521 569 581 libros
583 522 718 598 singulos
732 523 895 598 separatim
909 528 939 583 et
953 524 1092 602 deinceps

78 610 175 670 editos
198 628 264 670 esse
287 628 322 669 eo
344 610 463 670 facilius
486 609 623 687 iudicem,
647 610 726 687 quod
749 616 780 670 et
803 612 950 688 Ulpianus
968 613 1004 672 D.
1019 616 1046 688 5,
1063 617 1092 694 3,

81 702 134 777 13,
160 702 179 759 3
213 699 269 759 ait:
303 693 457 759 ‘Neratius
488 699 565 758 libro
598 703 681 759 sexto
712 699 956 760 Membranarum
987 702 1093 763 scribit

156 787 238 848 idem
261 805 326 848 csse
350 787 427 848 libro
451 787 578 863 septimo
602 788 646 847 eit
668 784 809 863 etiamsi'‚
832 790 918 850 etin
945 790 1093 850 librorum

77 877 154 936 serie
177 879 278 936 certus
301 896 400 936 rerum
424 876 496 936 ordo
520 877 642 953 agnosci
664 877 778 954 nequit.

166 965 252 1035 Quod
280 964 319 1024 ad
347 966 533 1043 singulorum
560 965 705 1025 librorum
727 965 899 1043 fragmenta
921 968 1093 1027 collocanda

76 1054 197 1131 attinet,
220 1072 297 1130 quae
321 1053 356 1113 de
379 1055 445 1114 iure
468 1053 550 1113 civili
568 1057 647 1132 sunt,
670 1055 707 1113 iis
726 1056 895 1134 praeposui,
918 1056 1026 1134 quibus
1044 1057 1092 1117 ius

76 1143 263 1220 praetorium
276 1146 434 1202 tractatur.
466 1143 498 1202 in
512 1142 721 1218 Palingenesia
735 1144 973 1221 fragmentorum
988 1145 1093 1205 eadem

77 1232 170 1291 series
189 1231 360 1307 exhibetur,
380 1250 455 1307 quae
474 1231 506 1290 in
524 1230 685 1291 Iustiniani
699 1231 833 1308 Digestis
848 1233 1091 1310 deprehenditur.

509 1425 618 1486 Liber
639 1426 664 1488 Ι.

451 1544 502 1610 Dc
525 1546 719 1611 testamentis.

168 1653 197 1718 1.
230 1649 270 1716 D.
288 1651 341 1736 28,
355 1651 386 1736 5,
399 1651 453 1716 55.
502 1649 656 1715 Neratius
683 1651 768 1718 libro
798 1653 903 1737 primo
932 1652 1092 1719 Membra·

76 1762 203 1806 narum.
227 1777 269 1788 —
293 1740 391 1804 Pater
418 1739 485 1805 filio
509 1740 669 1824 impuberi
693 1760 822 1805 servum
844 1740 996 1806 heredem
1019 1744 1093 1807 sub·

78 1830 188 1897 stituit
211 1829 413 1913 liberumque
438 1849 508 1893 esse
531 1829 635 1893 iussit.
681 1850 755 1893 eum
780 1828 925 1914 pupillus
949 1831 1093 1896 vendidit

76 1919 176 1983 Titio.
212 1917 318 1982 Titius
341 1939 415 1982 eum
438 1918 504 1981 iam
527 1917 631 2001 primo
654 1920 850 1982 testamento
875 1918 964 1984 facto
987 1920 1021 1983 in
1045 1942 1092 1983 se-

77 2007 183 2072 cundo
220 2009 417 2070 testamento
454 2006 594 2070 liberum
631 2004 845 2090 heredemque
882 2028 953 2071 esse
988 2008 1092 2072 iussit.

76 2096 225 2180 superius
248 2098 483 2160 testamentum
502 2093 580 2158 Titii
602 2097 734 2178 ruptum
757 2100 815 2178 est,
837 2094 915 2178 quia
933 2096 960 2159 is
981 2117 1092 2161 servus

76 2188 109 2249 et
131 2184 226 2249 heres
250 2187 358 2267 potest
380 2205 450 2247 esse
469 2186 511 2267 et,
533 2188 570 2247 ut
588 2183 735 2267 superius
754 2185 987 2249 testamentum
1006 2207 1092 2248 rum·

75 2277 182 2357 patur,
206 2273 326 2337 sufficit
344 2271 392 2336 ita
410 2271 570 2355 posterius
589 2270 712 2336 factum
732 2292 812 2355 esse,
833 2275 869 2336 ut
887 2271 995 2357 aliquo
1015 2295 1092 2339 casu

74 2361 222 2447 potuerit
253 2382 292 2425 ex
324 2381 361 2425 eo
389 2360 483 2425 heres
513 2360 656 2425 existere.
708 2359 793 2444 quod
821 2360 862 2425 ed
889 2361 954 2425 vim
983 2366 1092 2427 autem

76 2451 145 2516 eius
170 2449 385 2514 institutionis
409 2448 560 2532 pertinet,
582 2450 630 2514 ita
653 2470 687 2513 se
710 2470 762 2513 res
781 2449 889 2533 habet,
912 2452 958 2536 ut,
982 2473 1093 2534 quam·

77 2540 131 2604 diu
160 2536 286 2622 pupillo
314 2559 353 2601 ex
377 2558 415 2601 ea
438 2537 668 2603 substitutione
691 2537 784 2600 heres
808 2541 1026 2624 potestesse,
1053 2562 1092 2604 ex

75 2627 156 2692 Titii
189 2628 387 2691 testamento
421 2626 605 2691 libertatem
634 2625 910 2711 hereditatemque
939 2631 1092 2713 consequi

75 2738 142 2782 non
175 2717 292 2800 possit3
325 2716 353 2778 si
383 2713 526 2799 pupillus
553 2715 588 2778 in
616 2736 707 2780 suam
735 2715 870 2778 tutelam
898 2719 1093 2799 pervenerit,

75 2805 211 2890 perinde
239 2826 278 2868 ex
300 2802 379 2868 Titii
406 2807 603 2868 testamento
630 2804 714 2868 liber
741 2802 897 2888 heresque
925 2805 970 2869 sit
998 2827 1035 2869 ac
1064 2808 1092 2870 si

75 2893 201 2978 pupillo
235 2893 432 2957 substitutus
459 2913 525 2957 non
553 2891 681 2977 fuisset3
709 2892 737 2956 si
764 2893 889 2976 pupillo
916 2892 1010 2958 heres
1039 2916 1091 2959 ex·

77 2983 178 3066 stitit,
210 2982 343 3066 propius
371 2985 434 3062 est,
466 2984 503 3045 ut
531 2980 618 3046 Titio
648 3002 787 3067 quoqne,
820 2981 847 3045 si
874 2981 968 3066 velit,
997 2983 1092 3048 heres

76 3094 146 3137 esse
170 3072 285 3154 possit.

166 3164 284 3224 Neratii
307 3164 399 3224 verba
422 3182 441 3222 a
465 3162 646 3223 Triboniano
669 3163 853 3239 interpolate
875 3164 1024 3224 videntur.

490 3335 540 3401 De
563 3336 679 3418 tepetis.
724 3292 733 3302 ¹

71 3431 76 3440 ⁴
165 3444 196 3508 2.
229 3442 267 3508 D.
287 3444 385 3527 47‚2,
400 3444 451 3509 65.
501 3443 658 3508 Neratius
686 3440 770 3506 libro
798 3442 902 3525 primo
931 3441 1091 3506 Membra·

79 3552 202 3598 narum.
238 3568 275 3578 -
313 3531 343 3595 A
373 3531 460 3597 Titio
492 3531 608 3596 herede
640 3531 739 3595 homo
774 3526 848 3594 Seio
881 3530 960 3614 <per
990 3529 1092 3595 vindi-
