2430 3944
135 198 200 264 366
237 199 271 254 V.
290 197 441 253 NERVAE
460 197 508 253 ΕΤ
527 197 922 255 ruamnrrunr.1uurs
941 197 1125 254 CONSULTI

131 362 304 427 admodum
332 365 444 446 posset
468 362 561 446 iungi
584 361 745 427 sententia
768 360 906 427 duorum
928 367 998 426 tam
1022 361 1154 428 diversa

130 451 338 516 censentium.
387 451 490 535 adque
523 451 603 516 adeo
633 450 787 534 permitte
816 450 898 515 mihi
926 449 973 515 sio
1002 451 1090 533 apud
1119 455 1154 517 te

129 545 297 625 tamquam
323 539 383 623 ibi,
407 540 454 606 sio
477 543 609 623 peraeta
632 561 666 603 re
689 542 859 623 tamquam
883 539 988 604 adhue
1011 540 1154 627 integra,

128 630 290 703 rationem
321 628 432 693 iudicii
464 629 528 693 mei
555 627 700 712 reddere,
732 632 983 713 quaequetunc
1011 630 1153 713 carptim

129 718 242 782 multis
275 717 537 802 obstrepentibus
571 716 637 781 dixi
668 738 754 782 nuno
786 738 844 800 per
876 717 979 782 otium
1006 719 1154 802 iungere.

128 807 291 892 fingamus
319 810 387 871 tres
415 806 547 871 omnino
575 806 696 870 iudices
723 806 758 871 in
785 805 871 870 hano
899 827 1032 871 oausam
1056 808 1152 872 datos

129 916 208 977 esse,
226 895 343 960 horum
361 895 418 960 uni
431 894 594 979 placuisse
608 895 713 978 perire
728 895 873 980 libertos,
892 895 986 960 alteri
1000 897 1153 984 relegari,

128 985 224 1049 tertio
245 983 383 1051 absolvi:
406 989 560 1048 utrumne
578 983 756 1048 sententiae
775 983 857 1048 duae
876 983 1005 1049 collatis
1025 986 1151 1051 viribus

128 1073 338 1138 novissimam
375 1071 559 1156 periment?
614 1093 657 1136 an
693 1072 869 1156 separatim
904 1095 969 1137 una
1002 1096 1151 1160 quaeque

128 1162 321 1226 tantundem
348 1165 505 1244 quantum
530 1161 632 1225 altera
655 1160 791 1245 valebit,
818 1183 878 1226 neo
900 1162 1005 1246 magis
1028 1164 1152 1247 poterit

129 1272 202 1316 oum
225 1249 365 1315 secunda
387 1250 494 1332 prima
515 1249 640 1314 ooneoti
660 1271 758 1334 quam
777 1249 918 1315 secunda
937 1271 1009 1315 oum
1028 1252 1152 1317 tertia?

128 1339 228 1423 igitur
250 1339 284 1402 in
308 1343 423 1403 senatu
446 1359 572 1423 quoque
596 1338 760 1403 numerari
777 1342 945 1424 tamquam
964 1343 1151 1406 contrariae

41 1483 44 1490 .
128 1427 248 1493 debent
271 1448 353 1511 quae
376 1429 543 1511 tamquam
567 1427 711 1493 diversae
735 1427 895 1494 dicuntur.
994 1430 1050 1494 sed
1071 1430 1151 1514 quid

128 1537 188 1601 ego
213 1515 329 1581 similis
352 1514 501 1581 docenti?
543 1537 618 1580 oum
642 1515 765 1582 discere
787 1518 885 1582 velim
906 1539 946 1581 an
967 1519 1149 1584 sententias

128 1603 242 1689 dividi,
270 1625 312 1668 an
339 1604 380 1668 iri
402 1604 437 1668 in
460 1604 606 1689 singulas
631 1606 820 1689 oportuerit.
867 1606 994 1689 optinui
1018 1607 1150 1690 quidem

130 1693 215 1776 quod
253 1694 476 1778 postulabam3
511 1693 616 1758 nihilo
653 1694 760 1759 minus
792 1698 903 1759 tamen
936 1716 1070 1780 quaero,
1107 1718 1150 1760 an

126 1783 294 1867 postulare
314 1781 487 1847 debuerim.
525 1782 795 1866 quemadmodum
815 1783 964 1866 optinui?
1001 1785 1057 1868 qui
1072 1785 1149 1850 ulti·

127 1893 217 1935 mum
247 1870 442 1954 supplicium
470 1871 662 1935 sumendum
685 1893 756 1936 esse
779 1873 946 1954 censebat,
972 1874 1082 1939 nescio
1108 1897 1150 1939 en

128 1959 208 2046 iure,
230 1964 318 2025 certe
340 1959 505 2044 aequitate
525 1958 757 2043 postulationis
777 1982 868 2025 meae
886 1961 1001 2045 vietus,
1026 1962 1150 2028 omissa

128 2049 292 2113 sententia
315 2070 374 2113 sua
398 2049 535 2112 accessit
557 2048 729 2133 relegenti3
752 2049 873 2113 veritus
898 2050 1022 2115 seilicet
1044 2073 1095 2135 ne,
1120 2052 1149 2116 si

128 2136 348 2203 dividerentur
378 2137 572 2219 sententiae,
605 2138 689 2220 quod
718 2138 840 2223 alioqui
867 2137 937 2203 fore
964 2139 1149 2224 videbatur,

127 2248 164 2290 ea
184 2248 266 2310 quae
285 2225 500 2291 absolvendos
520 2247 590 2290 esse
609 2227 763 2292 censebat
781 2249 915 2292 numero
930 2228 1147 2311 praevaleret.

127 2315 245 2380 etenim
270 2315 367 2400 longe
390 2314 501 2396 plures
524 2315 559 2378 in
583 2314 644 2380 hao
667 2337 731 2380 una
754 2337 850 2400 quam
874 2317 907 2379 in
932 2316 1057 2382 duabus
1082 2318 1148 2382 sin-

127 2404 211 2488 gulis
232 2406 334 2468 erant.
370 2405 442 2466 tum
460 2403 511 2466 illi
530 2425 657 2488 quoque
676 2404 731 2488 qui
746 2405 939 2468 auctoritate
953 2405 1023 2469 eius
1039 2406 1147 2471 trahe-

126 2493 246 2556 bantur
268 2495 456 2556 transeunte
479 2491 536 2557 illo
560 2491 708 2556 destituti
729 2493 931 2576 reliquerunt
949 2496 1147 2559 sententiam

127 2581 168 2646 ab
195 2581 267 2664 ipso
292 2583 423 2645 auotore
448 2579 610 2645 desertam
634 2581 798 2666 seoutique
822 2586 899 2646 sunt
922 2583 1015 2665 quasi
1039 2589 1146 2648 trans·

126 2670 238 2752 fugam
253 2690 347 2752 quem
364 2668 478 2733 duoem
492 2670 718 2753 sequebantur.
751 2671 798 2734 sio
808 2692 847 2734 ex
857 2671 962 2735 tribus
974 2673 1146 2736 sententiis

125 2759 207 2822 duae
230 2757 343 2836 factae,
366 2758 534 2841 tenuitque
558 2779 597 2821 ex
616 2758 739 2823 duabus
759 2759 864 2824 altera
881 2760 981 2823 tertia
1000 2763 1147 2844 expulsa,

126 2868 217 2931 quae,
240 2869 313 2912 oum
336 2846 449 2911 ambas
473 2868 624 2929 superare
647 2869 713 2912 non
736 2852 856 2932 posset,
880 2849 980 2932 elegit
1004 2849 1045 2913 ab
1069 2857 1146 2915 utra

125 2937 315 3001 vinceretur.
360 2935 441 2999 vale.

214 3027 292 3098 Quid
323 3027 428 3087 Aristo
460 3028 660 3105 rescripserit,
692 3048 873 3107 quamquam
905 3030 1053 3090 traditum
1084 3052 1145 3092 non

125 3122 184 3197 est,
216 3118 311 3177 nihilo
342 3117 442 3175 minus
468 3116 560 3176 Plinii
587 3119 716 3193 epistula
743 3119 781 3178 ad
809 3118 960 3178 Aristonis
988 3120 1145 3198 ingenium

124 3207 325 3267 definiendum
349 3205 467 3266 attinet.

415 3343 466 3409 Do
488 3345 636 3410 bonoram
652 3350 849 3426 possasune.

213 3469 244 3533 2.
268 3467 306 3532 D.
316 3468 431 3552 37,12‚
441 3469 471 3534 ὁ.
512 3468 711 3552 Papinianus
734 3469 819 3534 libro
842 3469 1013 3534 undecimo
1039 3467 1142 3545 Quae-

125 3558 267 3622 stionum
300 3556 349 3640 (P.
375 3555 463 3644 195).
495 3594 534 3604 —
569 3557 671 3623 Divus
704 3557 868 3639 Traianus
896 3557 1013 3643 filium,
1047 3581 1141 3644 quem
