2430 3944
97 177 139 242 38
167 177 214 234 III.
230 177 306 232 GAII
320 177 468 234 CLAUDII
481 177 615 235 NERON.
627 180 997 239 decentissimum
1009 184 1111 241 cons.

469 383 570 442 Libri
592 383 735 443 HI-VI.

185 510 228 568 De
247 509 336 569 rebus
354 508 402 567 his
421 507 506 567 libris
524 509 664 568 tractatis
680 527 862 586 quamquam
875 512 952 570 nihil
966 514 1113 574 traditum

96 599 234 678 videtur,
265 617 345 673 eum,
382 596 462 673 quod
496 596 643 673 Ulpianus
680 597 716 658 D.
737 600 792 676 26,
814 602 845 674 1,
866 602 937 676 3,2
976 600 1115 663 Cassium

95 688 174 748 libro
193 687 238 747 VI
260 685 415 763 scripsisse
439 686 491 760 ait,
514 685 611 745 errori
627 685 745 745 librarii
763 687 955 748 tribuendum
973 691 1114 752 videatur

97 770 139 855 (v.
158 798 188 853 p.
208 768 279 855 58),
307 779 408 834 tamen
436 775 510 833 haec
540 775 602 833 fere
624 775 773 849 probabili
796 776 968 837 coniectura
992 781 1114 859 assequi

95 867 175 928 licet.
234 865 366 941 primum
403 862 523 922 Cassius
564 881 624 923 non
664 864 751 924 modo
793 868 1007 926 testamentum
1047 870 1114 930 iure

96 955 177 1016 civili
207 953 335 1031 factum,
373 952 425 1011 sed
456 952 532 1010 illud
564 971 683 1029 quoque
715 953 879 1028 explicasse
910 956 1043 1035 videtur,
1079 978 1115 1018 ex

96 1064 154 1122 quo
190 1046 314 1119 praetor
349 1041 537 1101 bonorum
572 1041 866 1116 possessionem
904 1046 1115 1106 secundum

95 1133 241 1193 tabulas
272 1129 446 1206 pollicetur,
483 1130 519 1189 de
553 1149 610 1207 quo
644 1128 709 1191 Gai.
735 1133 768 1206 2,
794 1133 969 1210 119.147;
1007 1134 1114 1195 deinde

97 1222 312 1280 intestatorum
343 1219 540 1299 hereditates,
572 1219 608 1277 de
637 1219 744 1295 quihus
773 1217 838 1279 Gai.
859 1223 892 1296 3,
919 1223 1025 1282 1-17
1056 1224 1115 1284 (116-

96 1311 186 1387 serit,
223 1309 372 1385 explicare
409 1307 518 1367 debuit.
574 1311 664 1384 atque
700 1308 811 1367 iterum
848 1329 909 1369 non
945 1313 1035 1370 modo
1073 1314 1114 1372 de

96 1398 277 1475 legitimis
304 1395 514 1470 heredibus,
543 1398 596 1455 sed
620 1397 711 1456 etiam
735 1397 771 1454 de
795 1397 832 1456 iis
858 1397 979 1459 (lessius
1004 1401 1115 1461 dixisse

95 1488 230 1560 videtur,
267 1503 355 1562 quos
390 1488 537 1560 praetor
570 1485 612 1544 ad
644 1485 887 1545 hereditatem
918 1492 1039 1563 vocat,
1079 1491 1114 1550 de

96 1576 205 1652 quibus
225 1574 290 1635 Gai.
306 1575 335 1651 3,
351 1576 495 1651 18-38;
518 1576 675 1649 praeterea
698 1574 738 1633 de
761 1574 981 1635 libertorum
999 1577 1113 1637 liher-

96 1664 327 1740 tinarumque
357 1663 536 1722 intestato
564 1665 787 1722 mortuorum
814 1668 1113 1744 mortuarumque

96 1753 214 1830 bonis,
237 1752 273 1810 de
297 1751 407 1828 quibus
433 1750 495 1811 Gai.
508 1753 536 1827 3,
548 1753 692 1825 39-533
716 1751 757 1810 de
780 1752 883 1813 honis
902 1753 1115 1815 Latinorum

95 1841 365 1914 libertinorum,
398 1839 434 1899 (16
467 1839 575 1917 quibus
608 1839 671 1900 Gai.
698 1841 732 1917 3,
757 1842 902 1917 55-73;
935 1842 976 1902 (16
1010 1843 1114 1904 bonis

96 1949 229 2007 eorum,
249 1947 337 2008 quos
355 1929 412 1988 lex
426 1929 531 1988 Aelia
546 1928 672 1988 Sentia
691 1928 951 1990 dediticiorum
964 1952 1113 1993 numero

96 2020 200 2094 fecit,
226 2019 262 2078 de
286 2019 394 2096 quibus
419 2016 483 2077 Gai.
499 2021 533 2094 3,
549 2020 694 2095 74-76;
722 2018 850 2096 denique
873 2019 914 2077 de
938 2021 1114 2082 bonorum

96 2108 340 2185 possessione,
377 2125 480 2183 quam
516 2109 664 2183 praetor
696 2110 823 2166 eontra
854 2108 1001 2168 tabulas
1034 2130 1116 2185 pro-

96 2198 228 2274 mittit,
251 2197 288 2256 (16
311 2215 371 2271 qua
394 2194 597 2273 (161.2,125.
615 2199 685 2256 129.
703 2197 774 2255 135.

185 2287 268 2345 Η666
291 2285 373 2361 iura,
401 2302 478 2361 quae
502 2282 595 2343 Gaius
617 2286 649 2343 in
671 2284 916 2345 Institutionibus
940 2278 1039 2362 ‘quasi
1062 2306 1117 2362 per

95 2374 225 2433 indicem
256 2365 407 2450 tetigisse'
440 2371 514 2431 satis
546 2371 653 2431 habuit
684 2365 733 2452 (3,
749 2367 820 2451 51),
853 2373 1031 2449 diligentius
1058 2376 1116 2435 nisi

98 2462 235 2539 pluribus
263 2461 348 2520 libris
371 2460 497 2519 tractari
519 2479 579 2520 non
600 2461 734 2536 potuisse
758 2461 831 2520 setis
855 2466 988 2538 apparet.
1034 2464 1116 2543 quod

97 2551 174 2610 libro
201 2549 262 2608 VII
289 2547 426 2608 Cassium
457 2549 493 2608 (16
525 2549 671 2609 bonorum
703 2551 891 2625 possessione
919 2553 1116 2628 emancipatis

97 2639 201 2699 liberis
234 2658 254 2698 a
279 2640 418 2714 praetore
449 2637 521 2697 data
549 2638 718 2716 disputasse
748 2639 893 2719 traditur,
923 2640 1115 2718 aliquatenus

99 2745 138 2787 66
179 2727 407 2805 confirmantur,
444 2745 520 2803 quae
558 2728 594 2786 de
630 2728 720 2787 rebus
756 2727 907 2803 prioribus
943 2729 1030 2790 libris
1068 2750 1116 2790 ex·

98 2817 217 2892 plicatis
242 2816 460 2877 constituimus.

405 3005 456 3072 ne
479 3007 621 3090 opscos
643 3005 810 3072 666666.

387 3137 434 3196 De
455 3139 646 3212 leprosorum
668 3137 827 3197 16611566.

467 3253 511 3308 De
529 3253 747 3323 emanpcincis.

190 3364 241 3427 11.
274 3360 314 3428 D.
333 3362 389 3442 38,
407 3363 509 3444 16,1,
527 3362 577 3427 10.
626 3361 785 3445 Ulpianus
813 3361 896 3426 libro
926 3361 1115 3437 duodecimo

101 3453 141 3517 ad
169 3449 327 3516 Sabinum
353 3450 403 3536 (P.
423 3448 535 3537 2513).
562 3485 604 3497 -
629 3449 895 3536 Oonsanguineos
924 3500 953 3515 ..
981 3449 1115 3517 Cassius

101 3541 214 3605 definit
237 3562 305 3623 eos,
329 3542 385 3624 qui
409 3539 568 3624 sanguine
591 3540 676 3605 inter
700 3561 734 3604 se
758 3540 872 3605 conexi
895 3543 980 3605 sunt
