2430 3944
142 191 208 258 256
233 191 280 248 IV.
297 191 519 248 VESPASIANI
532 191 605 246 ΤΙΤΙ
619 191 816 248 DOMITIANI
829 190 937 248 ΤΕΜΡ.
951 189 1049 246 IURIS
1064 191 1170 248 CONS.
1202 259 1206 266 Ι

144 356 306 440 dicionem
344 353 477 422 Cassius
514 361 547 421 et
584 353 713 420 Caelius
751 354 893 420 Sabinus
930 353 1171 439 impossibilem

144 466 215 510 esse
239 445 403 524 dixerunt,
426 445 529 510 veluti
553 443 764 529 ‘Pamphilus
788 444 816 509 ei
840 443 926 529 quod
951 443 1039 509 Titio
1065 444 1170 510 debeo

145 533 290 617 solverit,
313 533 398 597 liber
421 533 513 617 esto',
537 534 565 598 ei
588 533 684 598 modo
707 533 790 598 nihil
810 532 899 598 Titio
921 533 985 598 fuit
1007 532 1171 618 debitum3

144 623 230 706 quod
259 624 288 686 si
315 626 392 707 post
418 625 651 687 testamentum
679 620 802 686 factum
830 625 969 688 testator
997 623 1170 706 pecuniam

144 712 295 794 exsolvit,
319 711 474 776 defecisse
497 711 717 777 condicionem
741 711 900 796 intellegi.

278 870 330 936 De
352 871 595 954 (nuncupatione
616 872 659 955 et)
681 872 832 955 emptione
853 871 1035 936 venditione.

234 977 264 1043 5.
296 976 367 1042 Gai.
381 979 412 1063 3,
428 977 500 1042 141.
524 1013 566 1023 -
592 978 684 1042 ..ait
707 975 836 1042 (laelius
861 975 1014 1062 Sabinus,
1043 976 1073 1042 ei
1101 999 1172 1043 rem

144 1067 207 1133 tibi
235 1066 382 1132 venalem
410 1065 558 1150 habenti,
590 1066 692 1131 veluti
722 1066 859 1131 fundum
886 1064 1088 1150 <acceperim
1117 1067 1172 1152 et>

144 1156 242 1240 pretii
266 1155 397 1220 nomine
418 1155 583 1220 hominem
603 1156 686 1220 forte
706 1154 860 1237 dederim,
882 1154 1019 1220 fundum
1039 1156 1172 1240 quidem

145 1245 248 1309 videri
276 1244 416 1326 venisse,
445 1244 608 1308 hominem
637 1247 746 1308 autem
772 1243 871 1328 pretii
898 1245 1031 1308 nomine
1056 1244 1170 1310 datum

146 1355 229 1416 esse,
253 1336 290 1398 ut
312 1332 432 1397 fundus
457 1333 665 1416 acciperetur.

511 1491 562 1558 De
584 1494 653 1557 inre
675 1493 803 1558 dotium.

235 1598 278 1664 6?
302 1597 342 1662 D.
357 1599 410 1685 24,
424 1600 453 1683 1,
469 1599 521 1665 64.
557 1597 731 1664 Iavolenus
754 1599 838 1663 libro
862 1602 952 1663 sexto
972 1621 1012 1664 ex
1031 1602 1170 1684 posteri·

146 1688 257 1754 oribus
272 1685 444 1753 Labeonis.
456 1723 502 1735 -
515 1686 576 1753 Vir
593 1688 721 1752 mulieri
740 1687 880 1753 divortio
899 1687 988 1753 facto
1008 1689 1171 1773 quaedam

146 1776 265 1842 idcirco
290 1776 434 1861 dederat,
456 1781 493 1841 ut
516 1777 557 1842 ad
581 1798 615 1840 se
638 1780 861 1843 reverteretur.
897 1777 1015 1842 mulier
1037 1799 1171 1844 reversa

146 1870 232 1945 erat,
259 1865 375 1930 deinde
403 1866 580 1931 divortium
608 1865 740 1930 fecerat.
787 1887 984 1931 ...verum
1009 1867 1171 1951 estquod

146 1952 302 2020 Proculus
331 1958 365 2019 et
391 1952 552 2021 Caecilius
577 1951 760 2042 (Caeliusl)
789 1958 921 2038 putant,
949 1960 1027 2021 tnnc
1057 1977 1170 2020 verum

148 2065 219 2108 esse
252 2043 427 2108 divortium
461 2047 493 2108 et
526 2045 633 2108 valere
666 2042 875 2108 donationem
907 2043 1040 2108 divortii
1072 2066 1170 2110 causa

146 2133 278 2216 factam,
302 2133 330 2196 ei
354 2133 437 2196 aliae
460 2132 595 2218 nuptiae
618 2133 783 2196 insecutae
807 2137 884 2197 sunt
903 2136 1048 2197 nuttam
1069 2134 1169 2219 longo

146 2226 293 2306 ternpore
322 2221 420 2285 vidua
447 2220 577 2302 fuisset,
606 2225 643 2285 ut
670 2220 804 2286 dubium
832 2243 898 2286 non
921 2221 1006 2286 foret
1029 2223 1168 2288 alterum

147 2331 219 2374 esse
247 2310 503 2394 matrimonium3
533 2309 613 2373 alias
641 2331 701 2374 nec
729 2308 937 2375 donationem
965 2311 1067 2376 ullius
1099 2334 1169 2377 esse

147 2399 304 2463 momenti
328 2397 482 2463 futuram.

574 2523 735 2533 *-

377 2695 445 2778 10.
473 2701 737 2776 IUVENTIUS
766 2703 942 2777 OELSUS

236 2845 271 2906 P.
294 2845 427 2905 Iuventii
451 2844 532 2906 Oelei
559 2847 691 2906 consulis
719 2848 789 2906 anni
815 2850 877 2908 129
900 2851 997 2924 pater,
1021 2849 1169 2911 iuriscon-

149 2935 261 3011 sultus,
287 2934 338 3010 qui
361 2953 422 2994 uon
443 2934 529 2994 libris
553 2936 717 2995 scribendis
741 2936 793 2996 sed
816 2939 936 2996 tantum
959 2939 1169 3014 respondendo

149 3043 271 3101 operam
299 3023 395 3097 dedit,
424 3043 513 3101 quem
535 3023 678 3084 Ducenus
701 3025 799 3085 Verus
827 3026 933 3085 consul
960 3027 1033 3086 anni
1060 3027 1169 3088 incerti

148 3113 180 3172 in
209 3112 332 3172 consilio
358 3112 465 3172 habuit
490 3104 540 3195 (D.
557 3116 608 3190 31,
624 3104 746 3196 Ἡρη),
773 3113 1024 3175 Proculianorum
1048 3117 1168 3178 scholae

148 3204 219 3279 post
237 3201 390 3279 Pegasum
412 3202 551 3279 princeps
571 3195 621 3283 (D.
639 3205 667 3280 1,
683 3205 712 3280 2,
729 3205 756 3277 2,
773 3205 813 3264 53
839 3198 968 3282 ‘Pegaso
988 3201 1108 3266 Oelsus’
1130 3224 1167 3265 sc.

149 3287 319 3371 successit),
350 3310 438 3367 quem
464 3291 543 3350 filius
568 3310 585 3349 a
608 3295 693 3367 patre
716 3291 882 3352 instructus
906 3289 956 3370 (D.
974 3296 1026 3372 31,
1041 3287 1101 3377 20)
1124 3313 1167 3355 se·

149 3382 236 3439 cutus
256 3383 302 3440 est
320 3371 372 3460 (D.
386 3380 459 3440 ibid.
482 3375 572 3455 ‘patri
592 3378 678 3439 Celso
698 3379 803 3440 Celsus
821 3375 938 3464 filius').
976 3384 1167 3460 posteriores,

114 3517 117 3523 .
150 3468 201 3546 qui
224 3468 278 3527 filii
301 3469 438 3546 inprimis
459 3469 652 3547 Digestorum
675 3469 761 3529 libris
784 3471 832 3529 usi
853 3474 933 3548 eunt,
956 3471 1036 3532 hunc
1055 3473 1166 3549 simpli-

150 3559 225 3616 citer
257 3551 402 3618 ‘Celsum'
435 3559 483 3618 vel
516 3551 701 3618 ‘Iuventium
734 3554 867 3618 Oelsum'
899 3560 1074 3640 designant,
1109 3579 1166 3621 non
