2430 3944
370 229 394 279 6.
417 222 625 313 IAVOLENQS
644 222 792 278 PRISOUS
1018 225 1087 290 475

67 406 122 469 epo
154 389 262 451 eontra
288 386 401 462 sentia·
433 384 508 451 neo¹
534 388 698 468 quispiam
724 387 860 468 amplius
880 389 971 470 patri
991 409 1085 470 prae·

66 475 216 540 standum
238 495 276 540 ea
298 475 447 539 eiusmodi
467 476 623 557 scriptura
644 479 813 540 testamenti
824 481 912 558 puto,
935 498 1029 558 qnam
1048 483 1085 542 ut

64 563 152 628 uiuit
173 583 211 627 en
232 584 278 646 eo,
300 565 381 645 quod
396 569 616 645 praestaturus
637 563 739 628 heredi
759 564 869 649 fuerit,
886 572 1027 646 praestet.

354 748 404 814 De
424 751 584 815 uerborum
606 750 797 832 oblipatione.

159 864 211 929 30.
239 862 278 928 D.
292 864 344 947 45,
360 865 389 947 l,
406 865 479 930 106.
510 864 600 929 Idem
615 861 672 950 (se.
686 863 873 950 Iavolenus)
888 865 972 930 libro
988 869 1081 931 sexto

66 953 303 1036 Epistularum.
332 989 374 999 -
404 953 466 1033 Qui
492 974 530 1019 ea
549 954 694 1037 plurilus
719 954 842 1038 fundis,
869 955 979 1036 peribus
1001 956 1082 1019 idem

66 1062 179 1107 nomen
205 1042 382 1123 impositum
408 1043 526 1127 donat,
551 1064 650 1107 unum
674 1042 809 1123 fundum
831 1044 897 1107 sine
918 1043 985 1108 nlla
1007 1048 1082 1109 noto

65 1131 337 1196 demonstrationis
354 1131 525 1216 stipuletur,
543 1132 692 1196 incertum
709 1132 886 1216 stipulatur,
903 1133 939 1196 id
955 1136 999 1196 est
1011 1153 1081 1197 enm
1113 1157 1115 1162 ·

63 1219 202 1300 fundum
218 1219 397 1303 stipulatur,
413 1240 502 1300 quem
514 1221 685 1300 promissor
702 1220 777 1284 dare
790 1220 926 1284 uoluerit.
960 1223 1080 1286 tamdiu

66 1313 173 1372 autem
194 1308 336 1372 voluutas
353 1309 552 1389 promissoris
574 1309 609 1372 in
625 1310 773 1389 pendenti
794 1313 851 1393 est,
873 1311 1023 1391 qniamdin
1045 1311 1081 1375 id

65 1397 151 1479 quod
166 1397 359 1477 promissum
380 1401 426 1461 est
445 1397 589 1461 soluatur.

293 1580 344 1646 De
365 1583 553 1664 adquirendo
575 1603 679 1647 rernm
701 1583 847 1648 dominio.

157 1696 210 1761 31.
238 1694 276 1759 D.
291 1695 344 1773 39,
358 1696 388 1778 5,
402 1697 454 1760 25.
489 1696 579 1760 Idem
603 1694 661 1782 (so.
674 1695 859 1781 Iavolenus)
879 1698 962 1763 libro
982 1703 1075 1764 sexto

65 1783 299 1867 Epistularum.
325 1819 362 1833 -
387 1784 426 1851 Si
447 1785 503 1849 tibi
524 1787 657 1850 dederim
678 1806 752 1870 rem,
774 1791 811 1850 ut
834 1788 915 1852 Titio
938 1807 1003 1851 meo
1026 1808 1081 1852 no·

67 1874 151 1937 mine
171 1874 314 1951 donares,
336 1878 365 1938 et
387 1878 420 1938 tn
443 1878 494 1938 tuo
516 1875 640 1938 nomine
661 1894 729 1938 eam
752 1875 780 1938 ei
801 1876 927 1953 deduis,
949 1896 993 1938 an
1014 1875 1080 1956 fao-

69 1965 136 2026 tum
157 1962 224 2026 eins
239 1962 353 2044 pates?

155 2049 340 2132 Respondit:
359 2052 387 2115 si
404 2071 469 2115 rem
489 2051 544 2115 tibi
561 2052 704 2136 dederim,
722 2056 758 2116 nt
773 2051 853 2116 Titio
872 2072 936 2115 meo
954 2053 1080 2116 nomine

67 2140 212 2223 donares,
240 2160 366 2222 eamque
388 2143 422 2204 tu
444 2144 495 2204 tuo
517 2142 640 2204 nomine
662 2141 691 2204 ei
712 2141 842 2222 dederis,
864 2145 1015 2221 quantum
1038 2141 1083 2205 ad

64 2228 148 2292 iuris
178 2228 378 2310 suptilitatem
410 2229 586 2311 accipientis
615 2228 701 2310 faeta
726 2250 790 2293 non
815 2234 860 2293 est
885 2234 914 2293 et
940 2233 973 2293 tu
998 2228 1081 2309 furti

64 2317 229 2399 obtiparis;
252 2319 305 2381 sed
325 2317 484 2398 benipnias
501 2322 552 2399 est,
574 2319 604 2382 si
621 2338 714 2400 apum
732 2323 839 2383 eontra
856 2338 926 2382 enm
942 2319 997 2400 qni
1014 2338 1080 2382 rem

65 2406 198 2488 aooepit,
220 2407 389 2488 enoeptione
411 2406 474 2470 doli
496 2406 574 2470 mali
595 2427 643 2470 me
664 2408 856 2471 summoneri.
960 2430 963 2434 ·

444 2590 493 2655 De
515 2593 706 2674 usucapione.

157 2705 209 2770 32.
237 2705 277 2769 Ι).
290 2707 343 2787 41,
358 2705 388 2791 3,
402 2706 454 2770 21.
490 2705 579 2770 Idem
604 2703 661 2791 (so.
678 2704 863 2790 Iavolenus)
882 2706 966 2773 libro
986 2711 1078 2772 sexto

64 2793 302 2878 Epistularum.
333 2830 371 2840 -
400 2795 459 2876 Ei,
490 2816 512 2858 a
543 2816 601 2876 quo
625 2795 760 2876 fundum
781 2817 843 2878 pro
869 2796 973 2861 herede
999 2794 1079 2861 usu²

61 2887 213 2965 capturus
235 2903 328 2964 oram,
352 2884 449 2948 loaaoi
469 2905 545 2948 enm.
578 2905 621 2948 an
637 2884 733 2948 ullius
751 2886 897 2948 momenti
913 2905 982 2949 eam
1000 2887 1079 2950 toea

66 2973 182 3036 tionem
200 2971 360 3053 enistimes‚
378 2992 490 3053 quaero
496 2993 507 3049 ;
529 2974 611 3053 quod
630 2974 659 3037 si
676 2972 795 3038 nullius
812 2974 957 3038 momenti
974 2975 1064 3039 enist'

62 3080 149 3143 mos,
180 3081 223 3125 an
254 3062 368 3125 durare
397 3061 494 3125 nihilo
522 3063 626 3125 minas
652 3062 867 3142 usucapionem
893 3063 959 3127 eius
983 3062 1079 3143 fiendi

57 3153 160 3232 pates.
209 3150 283 3214 item
313 3169 439 3233 quaero,
471 3151 499 3214 si
528 3150 623 3213 eidem
652 3151 812 3216 vendidero
839 3172 908 3215 eum
933 3152 1077 3233 fundum,

61 3239 142 3320 quid
168 3239 204 3302 de
230 3236 280 3302 lois
306 3238 421 3323 causis,
447 3239 483 3302 de
505 3238 615 3318 quidus
636 3257 733 3320 supra
755 3241 886 3321 quaesti,
916 3240 1077 3303 existimes.

155 3325 338 3408 Respondit:
361 3329 390 3391 si
412 3329 449 3405 is,
470 3328 525 3407 qui
543 3347 602 3406 pro
624 3326 729 3392 herede
746 3330 880 3408 fundum
891 3328 1076 3411 possidebat,

63 3415 189 3494 donrino
214 3435 284 3479 enm
311 3415 433 3498 locarit,
461 3414 580 3479 nullius
606 3418 751 3480 momenti
777 3417 885 3481 locatio
913 3421 968 3499 est,
1000 3417 1079 3497 qnia

139 3587 220 3644 1Ft.
238 3587 318 3643 nihil.
391 3595 407 3642 2
428 3589 503 3644 Trio.
524 3587 630 3646 diutius
648 3588 832 3662 possidendo.
