<?xml version="1.0" encoding="UTF-8"?>
<!DOCTYPE html PUBLIC "-//W3C//DTD XHTML 1.0 Transitional//EN"
    "http://www.w3.org/TR/xhtml1/DTD/xhtml1-transitional.dtd">
<html xmlns="http://www.w3.org/1999/xhtml" xml:lang="en" lang="en">
 <head>
  <title>
</title>
<meta http-equiv="Content-Type" content="text/html;charset=utf-8" />
  <meta name='ocr-system' content='tesseract 3.04.00' />
  <meta name='ocr-capabilities' content='ocr_page ocr_carea ocr_par ocr_line ocrx_word'/>
</head>
<body>
  <div class='ocr_page' id='page_1' title='image "./iurisprudentiae02bremgoog_0243.png"; bbox 0 0 2430 3944; ppageno 0'>
   <div class='ocr_carea' id='block_1_1' title="bbox 94 155 1112 224">
    <p class='ocr_par' dir='ltr' id='par_1_1' title="bbox 94 155 1112 224">
     <span class='ocr_line' id='line_1_1' title="bbox 94 155 1112 224; baseline -0.003 -9"><span class='ocrx_word' id='word_1_1' title='bbox 94 160 161 224; x_wconf 79' lang='lat'>210</span> <span class='ocrx_word' id='word_1_2' title='bbox 184 160 231 216; x_wconf 85' lang='lat' dir='ltr'>IV.</span> <span class='ocrx_word' id='word_1_3' title='bbox 246 157 464 214; x_wconf 81' lang='lat' dir='ltr'><strong>VESPASIANI</strong></span> <span class='ocrx_word' id='word_1_4' title='bbox 477 157 549 211; x_wconf 83' lang='grc' dir='ltr'>ΤΙΤΙ</span> <span class='ocrx_word' id='word_1_5' title='bbox 562 157 759 213; x_wconf 84' lang='lat' dir='ltr'><strong>DOMITIANI</strong></span> <span class='ocrx_word' id='word_1_6' title='bbox 773 156 880 213; x_wconf 79' lang='grc' dir='ltr'><strong>ΤΕΜΡ.</strong></span> <span class='ocrx_word' id='word_1_7' title='bbox 896 155 992 213; x_wconf 78' lang='grc'><strong>101118</strong></span> <span class='ocrx_word' id='word_1_8' title='bbox 1008 155 1112 212; x_wconf 81' lang='lat' dir='ltr'>CONS.</span> 
     </span>
    </p>
   </div>
   <div class='ocr_carea' id='block_1_2' title="bbox 500 356 710 422">
    <p class='ocr_par' dir='ltr' id='par_1_2' title="bbox 500 356 710 422">
     <span class='ocr_line' id='line_1_2' title="bbox 500 356 710 422; baseline -0.01 0"><span class='ocrx_word' id='word_1_9' title='bbox 500 357 551 422; x_wconf 89' lang='lat' dir='ltr'>Dc</span> <span class='ocrx_word' id='word_1_10' title='bbox 573 356 710 421; x_wconf 80' lang='grc'><strong>55511515.</strong></span> 
     </span>
    </p>
   </div>
   <div class='ocr_carea' id='block_1_3' title="bbox 95 479 1115 1009">
    <p class='ocr_par' dir='ltr' id='par_1_3' title="bbox 95 479 1115 1009">
     <span class='ocr_line' id='line_1_3' title="bbox 186 479 1113 565; baseline -0.003 -19"><span class='ocrx_word' id='word_1_11' title='bbox 186 484 237 547; x_wconf 88' lang='grc'>26.</span> <span class='ocrx_word' id='word_1_12' title='bbox 266 481 305 546; x_wconf 91' lang='lat' dir='ltr'>D.</span> <span class='ocrx_word' id='word_1_13' title='bbox 319 482 350 552; x_wconf 87' lang='lat'>4,</span> <span class='ocrx_word' id='word_1_14' title='bbox 364 482 394 565; x_wconf 88' lang='lat'>8,</span> <span class='ocrx_word' id='word_1_15' title='bbox 409 483 462 562; x_wconf 92' lang='grc'>21,</span> <span class='ocrx_word' id='word_1_16' title='bbox 477 481 529 546; x_wconf 95' lang='grc'>10.</span> <span class='ocrx_word' id='word_1_17' title='bbox 569 479 730 565; x_wconf 84' lang='lat' dir='ltr'>Ulpianus</span> <span class='ocrx_word' id='word_1_18' title='bbox 756 480 840 543; x_wconf 90' lang='lat' dir='ltr'>libro</span> <span class='ocrx_word' id='word_1_19' title='bbox 863 479 962 545; x_wconf 88' lang='lat' dir='ltr'>tertio</span> <span class='ocrx_word' id='word_1_20' title='bbox 987 479 1113 544; x_wconf 88' lang='lat' dir='ltr'>decimo</span> 
     </span>
     <span class='ocr_line' id='line_1_4' title="bbox 96 567 1115 656; baseline -0.002 -21"><span class='ocrx_word' id='word_1_21' title='bbox 96 571 138 635; x_wconf 87' lang='lat' dir='ltr'>ad</span> <span class='ocrx_word' id='word_1_22' title='bbox 162 571 302 636; x_wconf 88' lang='lat' dir='ltr'>edictum</span> <span class='ocrx_word' id='word_1_23' title='bbox 326 569 374 656; x_wconf 79' lang='grc' dir='ltr'>(Ρ.</span> <span class='ocrx_word' id='word_1_24' title='bbox 389 568 479 656; x_wconf 89' lang='grc'><strong>460).</strong></span> <span class='ocrx_word' id='word_1_25' title='bbox 504 606 542 616; x_wconf 96' lang='grc'>-</span> <span class='ocrx_word' id='word_1_26' title='bbox 570 567 605 634; x_wconf 82' lang='lat' dir='ltr'>Si</span> <span class='ocrx_word' id='word_1_27' title='bbox 629 569 750 632; x_wconf 79' lang='lat' dir='ltr'>arbiter</span> <span class='ocrx_word' id='word_1_28' title='bbox 772 569 869 632; x_wconf 91' lang='lat' dir='ltr'>iussit</span> <span class='ocrx_word' id='word_1_29' title='bbox 885 574 965 654; x_wconf 89' lang='lat' dir='ltr'>puta</span> <span class='ocrx_word' id='word_1_30' title='bbox 983 569 1016 632; x_wconf 90' lang='lat' dir='ltr'>in</span> <span class='ocrx_word' id='word_1_31' title='bbox 1037 592 1115 654; x_wconf 88' lang='lat' dir='ltr'>pro·</span> 
     </span>
     <span class='ocr_line' id='line_1_5' title="bbox 96 655 1115 744; baseline -0.002 -20"><span class='ocrx_word' id='word_1_32' title='bbox 96 659 203 724; x_wconf 82' lang='lat' dir='ltr'>vincia</span> <span class='ocrx_word' id='word_1_33' title='bbox 236 659 347 723; x_wconf 84' lang='lat' dir='ltr'>adesse</span> <span class='ocrx_word' id='word_1_34' title='bbox 378 660 575 744; x_wconf 81' lang='lat' dir='ltr'>litigatores,</span> <span class='ocrx_word' id='word_1_35' title='bbox 609 679 681 721; x_wconf 91' lang='lat' dir='ltr'>cum</span> <span class='ocrx_word' id='word_1_36' title='bbox 710 655 834 722; x_wconf 87' lang='lat' dir='ltr'>Romae</span> <span class='ocrx_word' id='word_1_37' title='bbox 863 662 949 722; x_wconf 90' lang='lat' dir='ltr'>esset</span> <span class='ocrx_word' id='word_1_38' title='bbox 975 657 1010 721; x_wconf 94' lang='lat' dir='ltr'>in</span> <span class='ocrx_word' id='word_1_39' title='bbox 1039 679 1115 722; x_wconf 88' lang='lat' dir='ltr'>eum</span> 
     </span>
     <span class='ocr_line' id='line_1_6' title="bbox 97 746 1115 832; baseline -0.001 -19"><span class='ocrx_word' id='word_1_40' title='bbox 97 748 374 832; x_wconf 87' lang='lat' dir='ltr'>compromissum,</span> <span class='ocrx_word' id='word_1_41' title='bbox 398 770 438 811; x_wconf 89' lang='lat' dir='ltr'>an</span> <span class='ocrx_word' id='word_1_42' title='bbox 463 748 492 812; x_wconf 90' lang='lat' dir='ltr'>ei</span> <span class='ocrx_word' id='word_1_43' title='bbox 516 746 648 830; x_wconf 88' lang='lat' dir='ltr'>impune</span> <span class='ocrx_word' id='word_1_44' title='bbox 669 768 735 810; x_wconf 89' lang='lat' dir='ltr'>non</span> <span class='ocrx_word' id='word_1_45' title='bbox 753 749 914 829; x_wconf 88' lang='lat' dir='ltr'>pareatur,</span> <span class='ocrx_word' id='word_1_46' title='bbox 937 746 1115 829; x_wconf 89' lang='lat' dir='ltr'>quaeritur.</span> 
     </span>
     <span class='ocr_line' id='line_1_7' title="bbox 97 835 1115 920; baseline -0.001 -19"><span class='ocrx_word' id='word_1_47' title='bbox 97 838 241 920; x_wconf 92' lang='lat' dir='ltr'>...quid</span> <span class='ocrx_word' id='word_1_48' title='bbox 256 887 263 901; x_wconf 89' lang='lat'><strong>.</strong></span> <span class='ocrx_word' id='word_1_49' title='bbox 278 887 284 901; x_wconf 92' lang='lat'><strong>.</strong></span> <span class='ocrx_word' id='word_1_50' title='bbox 301 838 328 901; x_wconf 92' lang='lat' dir='ltr'>si</span> <span class='ocrx_word' id='word_1_51' title='bbox 356 838 390 900; x_wconf 91' lang='lat' dir='ltr'>in</span> <span class='ocrx_word' id='word_1_52' title='bbox 416 858 454 900; x_wconf 88' lang='lat' dir='ltr'>eo</span> <span class='ocrx_word' id='word_1_53' title='bbox 478 837 564 917; x_wconf 88' lang='lat' dir='ltr'>loco,</span> <span class='ocrx_word' id='word_1_54' title='bbox 592 835 646 918; x_wconf 93' lang='lat' dir='ltr'>qui</span> <span class='ocrx_word' id='word_1_55' title='bbox 669 835 713 898; x_wconf 84' lang='lat' dir='ltr'>sit</span> <span class='ocrx_word' id='word_1_56' title='bbox 736 837 821 899; x_wconf 87' lang='lat' dir='ltr'>circa</span> <span class='ocrx_word' id='word_1_57' title='bbox 844 836 971 918; x_wconf 90' lang='lat' dir='ltr'>urbem,</span> <span class='ocrx_word' id='word_1_58' title='bbox 999 835 1115 900; x_wconf 86' lang='lat' dir='ltr'>adesse</span> 
     </span>
     <span class='ocr_line' id='line_1_8' title="bbox 95 922 897 1009; baseline -0.002 -19"><span class='ocrx_word' id='word_1_59' title='bbox 95 925 248 990; x_wconf 81' lang='lat' dir='ltr'>iusserit?</span> <span class='ocrx_word' id='word_1_60' title='bbox 294 925 439 1009; x_wconf 81' lang='lat' dir='ltr'>Pegasus</span> <span class='ocrx_word' id='word_1_61' title='bbox 464 925 610 989; x_wconf 88' lang='lat' dir='ltr'>admittit</span> <span class='ocrx_word' id='word_1_62' title='bbox 632 922 740 988; x_wconf 90' lang='lat' dir='ltr'>ualere</span> <span class='ocrx_word' id='word_1_63' title='bbox 763 925 897 988; x_wconf 84' lang='lat' dir='ltr'>iussum.</span> 
     </span>
    </p>
   </div>
   <div class='ocr_carea' id='block_1_4' title="bbox 423 1260 845 1345">
    <p class='ocr_par' dir='ltr' id='par_1_4' title="bbox 423 1260 845 1345">
     <span class='ocr_line' id='line_1_9' title="bbox 423 1260 845 1345; baseline 0.007 -3"><span class='ocrx_word' id='word_1_64' title='bbox 423 1260 463 1342; x_wconf 85' lang='grc'>3.</span> <span class='ocrx_word' id='word_1_65' title='bbox 500 1264 784 1338; x_wconf 79' lang='lat' dir='ltr'>OOTAVDNUS</span> <span class='ocrx_word' id='word_1_66' title='bbox 843 1340 845 1345; x_wconf 89' lang='lat'><strong>.</strong></span> 
     </span>
    </p>
   </div>
   <div class='ocr_carea' id='block_1_5' title="bbox 97 1427 1117 2303">
    <p class='ocr_par' dir='ltr' id='par_1_5' title="bbox 97 1427 1117 2037">
     <span class='ocr_line' id='line_1_10' title="bbox 185 1427 1116 1505; baseline 0.002 -19"><span class='ocrx_word' id='word_1_67' title='bbox 185 1427 260 1486; x_wconf 90' lang='lat' dir='ltr'>iuris</span> <span class='ocrx_word' id='word_1_68' title='bbox 278 1427 401 1505; x_wconf 89' lang='lat' dir='ltr'>peritus,</span> <span class='ocrx_word' id='word_1_69' title='bbox 419 1427 471 1503; x_wconf 92' lang='lat' dir='ltr'>qui</span> <span class='ocrx_word' id='word_1_70' title='bbox 489 1445 555 1486; x_wconf 89' lang='lat' dir='ltr'>oum</span> <span class='ocrx_word' id='word_1_71' title='bbox 574 1427 828 1487; x_wconf 73' lang='lat' dir='ltr'>senatusconsulti</span> <span class='ocrx_word' id='word_1_72' title='bbox 845 1427 1005 1505; x_wconf 86' lang='lat' dir='ltr'>Pegasiani</span> <span class='ocrx_word' id='word_1_73' title='bbox 1022 1429 1116 1488; x_wconf 90' lang='lat' dir='ltr'>ratio-</span> 
     </span>
     <span class='ocr_line' id='line_1_11' title="bbox 97 1515 1116 1594; baseline 0.002 -20"><span class='ocrx_word' id='word_1_74' title='bbox 97 1535 166 1575; x_wconf 90' lang='lat' dir='ltr'>nem</span> <span class='ocrx_word' id='word_1_75' title='bbox 193 1517 305 1575; x_wconf 89' lang='lat' dir='ltr'>habeat</span> <span class='ocrx_word' id='word_1_76' title='bbox 328 1515 363 1574; x_wconf 93' lang='lat' dir='ltr'>D.</span> <span class='ocrx_word' id='word_1_77' title='bbox 379 1517 430 1593; x_wconf 84' lang='lat'>36,</span> <span class='ocrx_word' id='word_1_78' title='bbox 447 1519 475 1594; x_wconf 92' lang='lat'>1,</span> <span class='ocrx_word' id='word_1_79' title='bbox 495 1517 550 1593; x_wconf 84' lang='lat'>69,</span> <span class='ocrx_word' id='word_1_80' title='bbox 577 1516 641 1592; x_wconf 91' lang='lat' dir='ltr'>ipse</span> <span class='ocrx_word' id='word_1_81' title='bbox 664 1516 702 1574; x_wconf 91' lang='lat' dir='ltr'>ab</span> <span class='ocrx_word' id='word_1_82' title='bbox 726 1515 863 1574; x_wconf 85' lang='lat' dir='ltr'>Aburnio</span> <span class='ocrx_word' id='word_1_83' title='bbox 887 1515 1018 1576; x_wconf 75' lang='lat' dir='ltr'>Valente</span> <span class='ocrx_word' id='word_1_84' title='bbox 1042 1521 1073 1576; x_wconf 92' lang='lat' dir='ltr'>et</span> <span class='ocrx_word' id='word_1_85' title='bbox 1096 1537 1116 1576; x_wconf 89' lang='lat' dir='ltr'>a</span> 
     </span>
     <span class='ocr_line' id='line_1_12' title="bbox 98 1596 1116 1686; baseline 0 -22"><span class='ocrx_word' id='word_1_86' title='bbox 98 1604 262 1680; x_wconf 91' lang='lat' dir='ltr'>Pomponio</span> <span class='ocrx_word' id='word_1_87' title='bbox 286 1597 337 1686; x_wconf 91' lang='lat' dir='ltr'>(D.</span> <span class='ocrx_word' id='word_1_88' title='bbox 358 1606 455 1681; x_wconf 91' lang='grc'><strong>36,1,</strong></span> <span class='ocrx_word' id='word_1_89' title='bbox 475 1607 571 1680; x_wconf 86' lang='lat' dir='ltr'>69pr.</span> <span class='ocrx_word' id='word_1_90' title='bbox 594 1605 631 1665; x_wconf 93' lang='lat' dir='ltr'>D.</span> <span class='ocrx_word' id='word_1_91' title='bbox 647 1607 698 1682; x_wconf 90' lang='grc'>19,</span> <span class='ocrx_word' id='word_1_92' title='bbox 716 1607 743 1680; x_wconf 93' lang='grc'>1,</span> <span class='ocrx_word' id='word_1_93' title='bbox 758 1596 825 1684; x_wconf 95' lang='grc'><strong>55),</strong></span> <span class='ocrx_word' id='word_1_94' title='bbox 848 1605 939 1680; x_wconf 92' lang='lat' dir='ltr'>idque</span> <span class='ocrx_word' id='word_1_95' title='bbox 962 1625 1023 1664; x_wconf 90' lang='lat' dir='ltr'>una</span> <span class='ocrx_word' id='word_1_96' title='bbox 1047 1626 1116 1665; x_wconf 90' lang='lat' dir='ltr'>cum</span> 
     </span>
     <span class='ocr_line' id='line_1_13' title="bbox 98 1686 1115 1774; baseline 0.004 -23"><span class='ocrx_word' id='word_1_97' title='bbox 98 1694 239 1752; x_wconf 88' lang='lat' dir='ltr'>Aristone</span> <span class='ocrx_word' id='word_1_98' title='bbox 264 1686 393 1772; x_wconf 66' lang='lat' dir='ltr'>(Aristo</span> <span class='ocrx_word' id='word_1_99' title='bbox 422 1697 452 1753; x_wconf 89' lang='grc'>51</span> <span class='ocrx_word' id='word_1_100' title='bbox 481 1691 650 1753; x_wconf 78' lang='lat' dir='ltr'>Octauenus</span> <span class='ocrx_word' id='word_1_101' title='bbox 675 1688 840 1770; x_wconf 88' lang='lat' dir='ltr'>putabant&#39;</span> <span class='ocrx_word' id='word_1_102' title='bbox 868 1694 905 1754; x_wconf 92' lang='lat' dir='ltr'>D.</span> <span class='ocrx_word' id='word_1_103' title='bbox 924 1696 980 1770; x_wconf 90' lang='grc'>40,</span> <span class='ocrx_word' id='word_1_104' title='bbox 1002 1698 1035 1771; x_wconf 90' lang='grc'>5,</span> <span class='ocrx_word' id='word_1_105' title='bbox 1057 1690 1115 1774; x_wconf 89' lang='grc'>20)</span> 
     </span>
     <span class='ocr_line' id='line_1_14' title="bbox 97 1780 1116 1860; baseline 0.002 -20"><span class='ocrx_word' id='word_1_106' title='bbox 97 1782 246 1860; x_wconf 83' lang='lat' dir='ltr'>laudetur,</span> <span class='ocrx_word' id='word_1_107' title='bbox 260 1780 440 1857; x_wconf 86' lang='lat' dir='ltr'>Vespasiani</span> <span class='ocrx_word' id='word_1_108' title='bbox 452 1783 516 1842; x_wconf 85' lang='lat' dir='ltr'>fere</span> <span class='ocrx_word' id='word_1_109' title='bbox 526 1783 634 1842; x_wconf 86' lang='lat' dir='ltr'>aetatis</span> <span class='ocrx_word' id='word_1_110' title='bbox 645 1783 729 1859; x_wconf 83' lang='lat' dir='ltr'>uixit,</span> <span class='ocrx_word' id='word_1_111' title='bbox 743 1785 875 1842; x_wconf 88' lang='lat' dir='ltr'>ceterum</span> <span class='ocrx_word' id='word_1_112' title='bbox 885 1783 971 1842; x_wconf 91' lang='lat' dir='ltr'>nobis</span> <span class='ocrx_word' id='word_1_113' title='bbox 981 1783 1116 1860; x_wconf 86' lang='lat' dir='ltr'>ignotus,</span> 
     </span>
     <span class='ocr_line' id='line_1_15' title="bbox 97 1870 1117 1949; baseline 0.004 -21"><span class='ocrx_word' id='word_1_114' title='bbox 97 1872 148 1946; x_wconf 93' lang='lat' dir='ltr'>qui</span> <span class='ocrx_word' id='word_1_115' title='bbox 166 1889 227 1930; x_wconf 90' lang='lat' dir='ltr'>non</span> <span class='ocrx_word' id='word_1_116' title='bbox 244 1871 461 1949; x_wconf 88' lang='lat' dir='ltr'>respondendo,</span> <span class='ocrx_word' id='word_1_117' title='bbox 482 1872 534 1930; x_wconf 88' lang='lat' dir='ltr'>sed</span> <span class='ocrx_word' id='word_1_118' title='bbox 551 1871 680 1931; x_wconf 84' lang='lat' dir='ltr'>fortasse</span> <span class='ocrx_word' id='word_1_119' title='bbox 697 1870 758 1929; x_wconf 90' lang='lat' dir='ltr'>iuri</span> <span class='ocrx_word' id='word_1_120' title='bbox 771 1871 913 1948; x_wconf 91' lang='lat' dir='ltr'>docendo,</span> <span class='ocrx_word' id='word_1_121' title='bbox 932 1875 1013 1932; x_wconf 88' lang='lat' dir='ltr'>certe</span> <span class='ocrx_word' id='word_1_122' title='bbox 1027 1873 1117 1932; x_wconf 87' lang='lat' dir='ltr'>libris</span> 
     </span>
     <span class='ocr_line' id='line_1_16' title="bbox 98 1959 1116 2037; baseline 0.003 -19"><span class='ocrx_word' id='word_1_123' title='bbox 98 1959 261 2018; x_wconf 78' lang='lat' dir='ltr'>scribendis</span> <span class='ocrx_word' id='word_1_124' title='bbox 285 1978 407 2035; x_wconf 88' lang='lat' dir='ltr'>operam</span> <span class='ocrx_word' id='word_1_125' title='bbox 430 1959 521 2035; x_wconf 90' lang='lat' dir='ltr'>dedit,</span> <span class='ocrx_word' id='word_1_126' title='bbox 544 1959 655 2036; x_wconf 84' lang='lat' dir='ltr'>Sabini,</span> <span class='ocrx_word' id='word_1_127' title='bbox 677 1963 712 2018; x_wconf 93' lang='lat' dir='ltr'>ut</span> <span class='ocrx_word' id='word_1_128' title='bbox 735 1959 868 2019; x_wconf 87' lang='lat' dir='ltr'>conicere</span> <span class='ocrx_word' id='word_1_129' title='bbox 885 1961 966 2037; x_wconf 90' lang='lat' dir='ltr'>licet,</span> <span class='ocrx_word' id='word_1_130' title='bbox 985 1962 1116 2022; x_wconf 85' lang='lat' dir='ltr'>auditor.</span> 
     </span>
    </p>

    <p class='ocr_par' dir='ltr' id='par_1_6' title="bbox 97 2047 1116 2303">
     <span class='ocr_line' id='line_1_17' title="bbox 188 2047 1116 2125; baseline 0.004 -19"><span class='ocrx_word' id='word_1_131' title='bbox 188 2047 412 2107; x_wconf 81' lang='lat' dir='ltr'>Sententiarum</span> <span class='ocrx_word' id='word_1_132' title='bbox 439 2049 534 2107; x_wconf 89' lang='lat' dir='ltr'>maior</span> <span class='ocrx_word' id='word_1_133' title='bbox 561 2067 631 2125; x_wconf 88' lang='lat' dir='ltr'>pars</span> <span class='ocrx_word' id='word_1_134' title='bbox 660 2049 695 2108; x_wconf 92' lang='lat' dir='ltr'>de</span> <span class='ocrx_word' id='word_1_135' title='bbox 723 2049 817 2108; x_wconf 90' lang='lat' dir='ltr'>seruis</span> <span class='ocrx_word' id='word_1_136' title='bbox 844 2051 894 2109; x_wconf 90' lang='lat' dir='ltr'>uel</span> <span class='ocrx_word' id='word_1_137' title='bbox 915 2049 1035 2109; x_wconf 88' lang='lat' dir='ltr'>libertis</span> <span class='ocrx_word' id='word_1_138' title='bbox 1059 2053 1116 2110; x_wconf 91' lang='lat' dir='ltr'>est.</span> 
     </span>
     <span class='ocr_line' id='line_1_18' title="bbox 97 2135 1115 2215; baseline 0.004 -20"><span class='ocrx_word' id='word_1_139' title='bbox 97 2140 256 2212; x_wconf 90' lang='lat' dir='ltr'>praeterea</span> <span class='ocrx_word' id='word_1_140' title='bbox 284 2135 454 2197; x_wconf 78' lang='lat' dir='ltr'>Octauenus</span> <span class='ocrx_word' id='word_1_141' title='bbox 486 2155 554 2196; x_wconf 92' lang='lat' dir='ltr'>cum</span> <span class='ocrx_word' id='word_1_142' title='bbox 585 2139 621 2197; x_wconf 94' lang='lat' dir='ltr'>de</span> <span class='ocrx_word' id='word_1_143' title='bbox 647 2137 815 2215; x_wconf 83' lang='lat' dir='ltr'>peregrinis</span> <span class='ocrx_word' id='word_1_144' title='bbox 842 2139 1115 2199; x_wconf 88' lang='lat' dir='ltr'>manumissoribus</span> 
     </span>
     <span class='ocr_line' id='line_1_19' title="bbox 98 2225 1116 2303; baseline 0.003 -19"><span class='ocrx_word' id='word_1_145' title='bbox 98 2226 173 2285; x_wconf 83' lang='lat' dir='ltr'>dixit</span> <span class='ocrx_word' id='word_1_146' title='bbox 196 2229 262 2284; x_wconf 90' lang='lat' dir='ltr'>tum</span> <span class='ocrx_word' id='word_1_147' title='bbox 285 2225 383 2303; x_wconf 85' lang='lat' dir='ltr'>legem</span> <span class='ocrx_word' id='word_1_148' title='bbox 405 2226 525 2284; x_wconf 89' lang='lat' dir='ltr'>Iuniam</span> <span class='ocrx_word' id='word_1_149' title='bbox 546 2226 721 2285; x_wconf 81' lang='lat' dir='ltr'>Norbanum</span> <span class='ocrx_word' id='word_1_150' title='bbox 746 2227 784 2285; x_wconf 93' lang='lat' dir='ltr'>ad</span> <span class='ocrx_word' id='word_1_151' title='bbox 807 2245 857 2286; x_wconf 89' lang='grc'>555</span> <span class='ocrx_word' id='word_1_152' title='bbox 880 2246 941 2286; x_wconf 93' lang='lat' dir='ltr'>non</span> <span class='ocrx_word' id='word_1_153' title='bbox 962 2228 1116 2303; x_wconf 88' lang='lat' dir='ltr'>pertinere</span> 
     </span>
    </p>
   </div>
   <div class='ocr_carea' id='block_1_6' title="bbox 98 2307 1118 2569">
    <p class='ocr_par' dir='ltr' id='par_1_7' title="bbox 98 2307 1118 2569">
     <span class='ocr_line' id='line_1_20' title="bbox 98 2307 1116 2393; baseline 0.003 -20"><span class='ocrx_word' id='word_1_154' title='bbox 98 2315 240 2390; x_wconf 91' lang='lat' dir='ltr'>probauit</span> <span class='ocrx_word' id='word_1_155' title='bbox 263 2308 393 2393; x_wconf 81' lang='lat' dir='ltr'>(Dosith.</span> <span class='ocrx_word' id='word_1_156' title='bbox 419 2311 438 2388; x_wconf 66' lang='grc' dir='ltr'><strong>ἕ</strong></span> <span class='ocrx_word' id='word_1_157' title='bbox 460 2307 527 2393; x_wconf 91' lang='grc'><strong>12),</strong></span> <span class='ocrx_word' id='word_1_158' title='bbox 555 2317 591 2373; x_wconf 90' lang='lat' dir='ltr'>ut</span> <span class='ocrx_word' id='word_1_159' title='bbox 617 2314 762 2387; x_wconf 89' lang='lat' dir='ltr'>nesciam,</span> <span class='ocrx_word' id='word_1_160' title='bbox 791 2335 830 2375; x_wconf 89' lang='lat' dir='ltr'>an</span> <span class='ocrx_word' id='word_1_161' title='bbox 856 2335 916 2376; x_wconf 90' lang='lat' dir='ltr'>non</span> <span class='ocrx_word' id='word_1_162' title='bbox 944 2318 1008 2375; x_wconf 89' lang='lat' dir='ltr'>tarn</span> <span class='ocrx_word' id='word_1_163' title='bbox 1033 2317 1116 2378; x_wconf 87' lang='lat' dir='ltr'>ciues</span> 
     </span>
     <span class='ocr_line' id='line_1_21' title="bbox 98 2402 1116 2480; baseline 0.003 -19"><span class='ocrx_word' id='word_1_164' title='bbox 98 2422 189 2479; x_wconf 89' lang='lat' dir='ltr'>quam</span> <span class='ocrx_word' id='word_1_165' title='bbox 219 2403 418 2478; x_wconf 82' lang='lat' dir='ltr'>provinciales</span> <span class='ocrx_word' id='word_1_166' title='bbox 450 2402 602 2461; x_wconf 88' lang='lat' dir='ltr'>auditores</span> <span class='ocrx_word' id='word_1_167' title='bbox 633 2403 786 2480; x_wconf 71' lang='lat' dir='ltr'>habuerit,</span> <span class='ocrx_word' id='word_1_168' title='bbox 817 2404 871 2463; x_wconf 90' lang='lat' dir='ltr'>illa</span> <span class='ocrx_word' id='word_1_169' title='bbox 903 2404 980 2463; x_wconf 91' lang='lat' dir='ltr'>enim</span> <span class='ocrx_word' id='word_1_170' title='bbox 1013 2410 1116 2465; x_wconf 88' lang='lat' dir='ltr'>aetate</span> 
     </span>
     <span class='ocr_line' id='line_1_22' title="bbox 99 2491 1118 2569; baseline 0.002 -19"><span class='ocrx_word' id='word_1_171' title='bbox 99 2493 305 2551; x_wconf 87' lang='lat' dir='ltr'>adulescentes</span> <span class='ocrx_word' id='word_1_172' title='bbox 322 2510 359 2549; x_wconf 88' lang='lat' dir='ltr'>ex</span> <span class='ocrx_word' id='word_1_173' title='bbox 371 2491 525 2566; x_wconf 90' lang='lat' dir='ltr'>prouincia</span> <span class='ocrx_word' id='word_1_174' title='bbox 540 2491 681 2552; x_wconf 86' lang='lat' dir='ltr'>oriundos</span> <span class='ocrx_word' id='word_1_175' title='bbox 696 2493 808 2551; x_wconf 90' lang='lat' dir='ltr'>Romae</span> <span class='ocrx_word' id='word_1_176' title='bbox 823 2493 883 2552; x_wconf 90' lang='lat' dir='ltr'>iuri</span> <span class='ocrx_word' id='word_1_177' title='bbox 897 2493 979 2553; x_wconf 90' lang='lat' dir='ltr'>ciuili</span> <span class='ocrx_word' id='word_1_178' title='bbox 993 2513 1118 2569; x_wconf 89' lang='lat' dir='ltr'>operam</span> 
     </span>
    </p>
   </div>
   <div class='ocr_carea' id='block_1_7' title="bbox 98 2579 1117 3259">
    <p class='ocr_par' dir='ltr' id='par_1_8' title="bbox 99 2579 1116 2743">
     <span class='ocr_line' id='line_1_23' title="bbox 100 2579 1116 2659; baseline 0.004 -21"><span class='ocrx_word' id='word_1_179' title='bbox 100 2580 216 2639; x_wconf 89' lang='lat' dir='ltr'>dedisse</span> <span class='ocrx_word' id='word_1_180' title='bbox 240 2582 366 2638; x_wconf 90' lang='lat' dir='ltr'>constat.</span> <span class='ocrx_word' id='word_1_181' title='bbox 411 2579 552 2639; x_wconf 89' lang='lat' dir='ltr'>Philostr.</span> <span class='ocrx_word' id='word_1_182' title='bbox 575 2580 607 2639; x_wconf 94' lang='lat' dir='ltr'>in</span> <span class='ocrx_word' id='word_1_183' title='bbox 630 2581 693 2641; x_wconf 91' lang='lat' dir='ltr'>uita</span> <span class='ocrx_word' id='word_1_184' title='bbox 716 2580 816 2656; x_wconf 82' lang='lat' dir='ltr'>Apoll.</span> <span class='ocrx_word' id='word_1_185' title='bbox 836 2583 930 2659; x_wconf 80' lang='lat' dir='ltr'>Tyan.</span> <span class='ocrx_word' id='word_1_186' title='bbox 946 2585 975 2659; x_wconf 80' lang='lat'>7,</span> <span class='ocrx_word' id='word_1_187' title='bbox 991 2585 1043 2642; x_wconf 94' lang='grc'>42.</span> <span class='ocrx_word' id='word_1_188' title='bbox 1079 2585 1116 2643; x_wconf 84' lang='lat' dir='ltr'>of.</span> 
     </span>
     <span class='ocr_line' id='line_1_24' title="bbox 99 2667 413 2743; baseline -0.01 -15"><span class='ocrx_word' id='word_1_189' title='bbox 99 2668 241 2728; x_wconf 86' lang='lat' dir='ltr'>Karlcwa</span> <span class='ocrx_word' id='word_1_190' title='bbox 258 2667 274 2725; x_wconf 95' lang='lat' dir='ltr'>I</span> <span class='ocrx_word' id='word_1_191' title='bbox 296 2688 325 2743; x_wconf 92' lang='lat' dir='ltr'>p.</span> <span class='ocrx_word' id='word_1_192' title='bbox 342 2669 413 2727; x_wconf 83' lang='grc'><strong>674.</strong></span> 
     </span>
    </p>

    <p class='ocr_par' dir='ltr' id='par_1_9' title="bbox 98 2755 1117 3259">
     <span class='ocr_line' id='line_1_25' title="bbox 188 2755 1116 2836; baseline 0.008 -23"><span class='ocrx_word' id='word_1_193' title='bbox 188 2755 273 2826; x_wconf 81' lang='lat' dir='ltr'>Quod</span> <span class='ocrx_word' id='word_1_194' title='bbox 300 2756 496 2830; x_wconf 90' lang='lat' dir='ltr'>Pomponius,</span> <span class='ocrx_word' id='word_1_195' title='bbox 527 2758 579 2832; x_wconf 90' lang='lat' dir='ltr'>qui</span> <span class='ocrx_word' id='word_1_196' title='bbox 606 2755 750 2818; x_wconf 78' lang='lat' dir='ltr'>Octaueni</span> <span class='ocrx_word' id='word_1_197' title='bbox 780 2759 940 2836; x_wconf 85' lang='lat' dir='ltr'>diligenter</span> <span class='ocrx_word' id='word_1_198' title='bbox 966 2761 1116 2820; x_wconf 88' lang='lat' dir='ltr'>rationem</span> 
     </span>
     <span class='ocr_line' id='line_1_26' title="bbox 98 2840 1116 2929; baseline 0.003 -24"><span class='ocrx_word' id='word_1_199' title='bbox 98 2845 219 2922; x_wconf 85' lang='lat' dir='ltr'>habuit,</span> <span class='ocrx_word' id='word_1_200' title='bbox 245 2863 306 2904; x_wconf 91' lang='lat' dir='ltr'>non</span> <span class='ocrx_word' id='word_1_201' title='bbox 331 2845 421 2904; x_wconf 92' lang='lat' dir='ltr'>modo</span> <span class='ocrx_word' id='word_1_202' title='bbox 448 2845 528 2921; x_wconf 90' lang='lat' dir='ltr'>quod</span> <span class='ocrx_word' id='word_1_203' title='bbox 557 2840 700 2921; x_wconf 72' lang='lat' dir='ltr'>‘scripsit&#39;</span> <span class='ocrx_word' id='word_1_204' title='bbox 727 2841 778 2928; x_wconf 90' lang='lat' dir='ltr'>(D.</span> <span class='ocrx_word' id='word_1_205' title='bbox 794 2849 849 2923; x_wconf 90' lang='lat'>30,</span> <span class='ocrx_word' id='word_1_206' title='bbox 865 2840 913 2929; x_wconf 87' lang='lat'>9),</span> <span class='ocrx_word' id='word_1_207' title='bbox 941 2848 994 2906; x_wconf 91' lang='lat' dir='ltr'>sed</span> <span class='ocrx_word' id='word_1_208' title='bbox 1022 2851 1116 2909; x_wconf 89' lang='lat' dir='ltr'>etiam</span> 
     </span>
     <span class='ocr_line' id='line_1_27' title="bbox 99 2926 1116 3014; baseline 0.005 -22"><span class='ocrx_word' id='word_1_209' title='bbox 99 2952 175 3009; x_wconf 89' lang='lat' dir='ltr'>quae</span> <span class='ocrx_word' id='word_1_210' title='bbox 209 2927 363 3008; x_wconf 77' lang='lat' dir='ltr'>‘putabat&#39;</span> <span class='ocrx_word' id='word_1_211' title='bbox 396 2926 646 3014; x_wconf 86' lang='lat' dir='ltr'>(D.19,1,55.</span> <span class='ocrx_word' id='word_1_212' title='bbox 674 2937 730 3012; x_wconf 87' lang='grc'><strong>40,</strong></span> <span class='ocrx_word' id='word_1_213' title='bbox 750 2939 783 3007; x_wconf 86' lang='grc'>5,</span> <span class='ocrx_word' id='word_1_214' title='bbox 805 2933 861 3013; x_wconf 90' lang='grc'>20)</span> <span class='ocrx_word' id='word_1_215' title='bbox 897 2937 947 2995; x_wconf 90' lang='grc'>551</span> <span class='ocrx_word' id='word_1_216' title='bbox 979 2930 1116 2997; x_wconf 66' lang='lat' dir='ltr'>‘aiebat&#39;</span> 
     </span>
     <span class='ocr_line' id='line_1_28' title="bbox 99 3015 1117 3104; baseline 0.004 -24"><span class='ocrx_word' id='word_1_217' title='bbox 99 3015 150 3101; x_wconf 91' lang='lat' dir='ltr'>(D.</span> <span class='ocrx_word' id='word_1_218' title='bbox 164 3024 216 3098; x_wconf 87' lang='lat'>40,</span> <span class='ocrx_word' id='word_1_219' title='bbox 232 3024 261 3097; x_wconf 87' lang='grc'>4,</span> <span class='ocrx_word' id='word_1_220' title='bbox 277 3023 327 3097; x_wconf 87' lang='grc'>61,</span> <span class='ocrx_word' id='word_1_221' title='bbox 340 3015 383 3104; x_wconf 89' lang='grc'><strong>2),</strong></span> <span class='ocrx_word' id='word_1_222' title='bbox 402 3022 514 3081; x_wconf 89' lang='lat' dir='ltr'>Valens</span> <span class='ocrx_word' id='word_1_223' title='bbox 534 3027 644 3099; x_wconf 86' lang='lat' dir='ltr'>autern,</span> <span class='ocrx_word' id='word_1_224' title='bbox 663 3025 742 3099; x_wconf 93' lang='lat' dir='ltr'>quod</span> <span class='ocrx_word' id='word_1_225' title='bbox 759 3022 911 3085; x_wconf 89' lang='lat' dir='ltr'>Octaueno</span> <span class='ocrx_word' id='word_1_226' title='bbox 930 3020 1117 3086; x_wconf 72' lang='lat' dir='ltr'>‘uidebatur&#39;</span> 
     </span>
     <span class='ocr_line' id='line_1_29' title="bbox 100 3103 1116 3191; baseline 0.006 -23"><span class='ocrx_word' id='word_1_227' title='bbox 100 3103 150 3189; x_wconf 92' lang='lat' dir='ltr'>(D.</span> <span class='ocrx_word' id='word_1_228' title='bbox 167 3113 219 3188; x_wconf 89' lang='grc'><strong>36,</strong></span> <span class='ocrx_word' id='word_1_229' title='bbox 235 3114 263 3189; x_wconf 94' lang='grc'>1,</span> <span class='ocrx_word' id='word_1_230' title='bbox 279 3104 408 3191; x_wconf 85' lang='lat' dir='ltr'>69pr.)l</span> <span class='ocrx_word' id='word_1_231' title='bbox 430 3111 535 3182; x_wconf 86' lang='lat' dir='ltr'>refert,</span> <span class='ocrx_word' id='word_1_232' title='bbox 562 3115 689 3189; x_wconf 86' lang='lat' dir='ltr'>uterque</span> <span class='ocrx_word' id='word_1_233' title='bbox 712 3113 843 3173; x_wconf 89' lang='lat' dir='ltr'>fortasse</span> <span class='ocrx_word' id='word_1_234' title='bbox 865 3113 945 3172; x_wconf 88' lang='lat' dir='ltr'>inter</span> <span class='ocrx_word' id='word_1_235' title='bbox 969 3112 1116 3176; x_wconf 90' lang='lat' dir='ltr'>Octaueni</span> 
     </span>
     <span class='ocr_line' id='line_1_30' title="bbox 100 3199 507 3259; baseline 0.002 -2"><span class='ocrx_word' id='word_1_236' title='bbox 100 3199 253 3258; x_wconf 89' lang='lat' dir='ltr'>auditores</span> <span class='ocrx_word' id='word_1_237' title='bbox 277 3201 430 3259; x_wconf 91' lang='lat' dir='ltr'>habendus</span> <span class='ocrx_word' id='word_1_238' title='bbox 453 3202 507 3258; x_wconf 87' lang='lat' dir='ltr'>est.</span> 
     </span>
    </p>
   </div>
   <div class='ocr_carea' id='block_1_8' title="bbox 98 3385 1116 3598">
    <p class='ocr_par' dir='ltr' id='par_1_10' title="bbox 98 3385 1116 3598">
     <span class='ocr_line' id='line_1_31' title="bbox 172 3385 1115 3459; baseline 0.004 -19"><span class='ocrx_word' id='word_1_239' title='bbox 172 3393 186 3440; x_wconf 89' lang='lat'>1</span> <span class='ocrx_word' id='word_1_240' title='bbox 202 3387 278 3452; x_wconf 85' lang='lat' dir='ltr'>Quae</span> <span class='ocrx_word' id='word_1_241' title='bbox 288 3385 423 3456; x_wconf 87' lang='lat' dir='ltr'>Ulpianus</span> <span class='ocrx_word' id='word_1_242' title='bbox 438 3386 467 3441; x_wconf 89' lang='lat' dir='ltr'>et</span> <span class='ocrx_word' id='word_1_243' title='bbox 477 3386 632 3442; x_wconf 87' lang='lat' dir='ltr'>Marcianus</span> <span class='ocrx_word' id='word_1_244' title='bbox 645 3389 778 3456; x_wconf 84' lang='lat' dir='ltr'>repetunt</span> <span class='ocrx_word' id='word_1_245' title='bbox 788 3388 958 3444; x_wconf 73' lang='lat' dir='ltr'>‘Octauenus</span> <span class='ocrx_word' id='word_1_246' title='bbox 971 3390 1115 3459; x_wconf 87' lang='lat' dir='ltr'>putabat’,</span> 
     </span>
     <span class='ocr_line' id='line_1_32' title="bbox 101 3457 1116 3531; baseline 0.006 -21"><span class='ocrx_word' id='word_1_247' title='bbox 101 3457 236 3512; x_wconf 85' lang='lat' dir='ltr'>‘dicebat&#39;</span> <span class='ocrx_word' id='word_1_248' title='bbox 257 3457 298 3524; x_wconf 83' lang='lat' dir='ltr'>(D.</span> <span class='ocrx_word' id='word_1_249' title='bbox 313 3463 356 3524; x_wconf 89' lang='grc'><strong>40,</strong></span> <span class='ocrx_word' id='word_1_250' title='bbox 371 3464 395 3524; x_wconf 79' lang='grc'><strong>7,</strong></span> <span class='ocrx_word' id='word_1_251' title='bbox 406 3464 431 3526; x_wconf 90' lang='grc'><strong>9,</strong></span> <span class='ocrx_word' id='word_1_252' title='bbox 441 3464 465 3512; x_wconf 81' lang='grc'>2.</span> <span class='ocrx_word' id='word_1_253' title='bbox 485 3462 529 3526; x_wconf 86' lang='grc'><strong>20,</strong></span> <span class='ocrx_word' id='word_1_254' title='bbox 540 3463 564 3524; x_wconf 86' lang='grc'><strong>3,</strong></span> <span class='ocrx_word' id='word_1_255' title='bbox 577 3461 648 3527; x_wconf 86' lang='grc'><strong>1,2),</strong></span> <span class='ocrx_word' id='word_1_256' title='bbox 667 3475 682 3513; x_wconf 89' lang='grc'>5</span> <span class='ocrx_word' id='word_1_257' title='bbox 701 3459 856 3528; x_wconf 91' lang='lat' dir='ltr'>Pomponio</span> <span class='ocrx_word' id='word_1_258' title='bbox 875 3459 1007 3515; x_wconf 88' lang='lat' dir='ltr'>uidentur</span> <span class='ocrx_word' id='word_1_259' title='bbox 1025 3463 1116 3531; x_wconf 85' lang='lat' dir='ltr'>petita</span> 
     </span>
     <span class='ocr_line' id='line_1_33' title="bbox 98 3529 403 3598; baseline 0.01 -17"><span class='ocrx_word' id='word_1_260' title='bbox 98 3544 173 3582; x_wconf 89' lang='lat' dir='ltr'>esse:</span> <span class='ocrx_word' id='word_1_261' title='bbox 192 3529 225 3582; x_wconf 91' lang='lat' dir='ltr'>D.</span> <span class='ocrx_word' id='word_1_262' title='bbox 241 3537 265 3598; x_wconf 87' lang='lat'>5,</span> <span class='ocrx_word' id='word_1_263' title='bbox 280 3534 305 3596; x_wconf 84' lang='lat'>3,</span> <span class='ocrx_word' id='word_1_264' title='bbox 323 3533 403 3598; x_wconf 77' lang='lat' dir='ltr'>ltpr.</span> 
     </span>
    </p>
   </div>
   <div class='ocr_carea' id='block_1_9' title="bbox 0 0 1225 3944">
    <p class='ocr_par' dir='ltr' id='par_1_11' title="bbox 0 0 1225 3944">
     <span class='ocr_line' id='line_1_34' title="bbox 0 0 1225 3944; baseline 0 0"><span class='ocrx_word' id='word_1_265' title='bbox 0 0 1225 3944; x_wconf 95' lang='lat' dir='ltr'> </span> 
     </span>
    </p>
   </div>
  </div>
 </body>
</html>
