2430 3944
144 157 211 222 240
233 156 280 212 IV.
294 155 511 212 VESPASIANI
525 155 600 212 TITl
614 155 812 212 DOMITIANI
825 156 934 212 TDMP.
948 157 1048 213 IURIS
1063 157 1164 214 CONS.

499 353 538 435 8.
576 357 808 432 VIVIANUS

235 503 311 563 iuris
334 502 452 579 peritus
474 503 663 578 Flauiorum,
686 507 722 563 ut
744 503 878 580 videtur,
901 505 1027 584 aetatis,
1054 505 1167 583 quippe

144 611 213 651 cum
222 589 361 651 Cassium
377 594 408 651 et
422 591 584 651 Proculum
597 590 777 670 laudaverit,
791 591 887 669 ipsius
901 597 1004 653 autem
1018 595 1167 655 rationem

145 681 286 740 habuerit
309 699 369 740 non
392 680 480 740 modo
504 680 687 754 Pomponius
710 680 745 741 D.
762 683 812 758 13,
829 683 959 760 6,17,4
983 687 1015 742 et
1038 682 1167 743 fortasse

145 768 251 829 (lelsus
275 788 394 846 quoque
417 769 453 829 D.
468 773 498 843 4,
514 772 543 844 8,
559 771 610 844 21,
627 771 677 846 11,
697 769 860 829 sedetiam
881 767 1052 831 Octauenus
1077 764 1167 854 (quae

144 859 193 918 hic
211 859 248 917 D.
260 861 288 932 9,
301 860 330 935 2,
342 860 393 933 27,
405 859 445 918 25
467 852 510 917 ‘in
528 858 596 916 uvis
615 849 727 934 adicit',
745 858 783 917 ad
797 858 961 918 Vitianum
977 860 1083 920 addita
1102 878 1167 921 esse

144 947 347 1024 cognoscitur.
361 946 498 1022 Krueger
509 948 608 1023 p.158
620 966 647 1006 u.
656 937 722 1026 99).
737 947 852 1018 accedit
861 948 941 1024 quod
950 949 986 1009 D.
994 951 1021 1023 9,
1030 951 1166 1026 2,27,28

144 1036 182 1096 de
206 1055 241 1097 61
264 1037 309 1095 ait
333 1035 385 1113 qui
409 1029 548 1110 ‘puerum
572 1036 750 1096 castraverit
768 1039 800 1096 11
817 1036 1027 1111 pretiosiorem
1047 1033 1167 1098 fecerit'

144 1143 224 1201 quae
250 1124 345 1185 verba
368 1126 438 1183 ante
462 1143 487 1185 a.
509 1119 605 1201 81782
629 1124 742 1199 scripta
764 1124 918 1204 videntur,
947 1145 1006 1203 quo
1029 1130 1167 1205 tempore

144 1214 337 1274 Domitianus
375 1207 485 1272 ‘mares
523 1212 651 1272 castrari
686 1207 796 1273 vetuit'
834 1217 865 1274 61
896 1207 1077 1290 ‘spadonum
1116 1216 1168 1292 qui

144 1303 259 1362 residui
273 1302 355 1377 apud
368 1319 533 1379 mangones
547 1304 622 1378 6111,
637 1302 737 1377 pretia
754 1302 927 1362 moderatus
947 1299 1013 1367 est'.
1043 1303 1167 1366 Sueton.

144 1391 309 1451 Domitian.
339 1394 367 1451 7.
390 1393 547 1466 praeterea
573 1409 633 1449 non
662 1390 877 1467 respondendo,
906 1391 959 1451 sed
986 1393 1073 1453 libris
1098 1395 1168 1454 scri·

143 1479 248 1539 bondis
272 1498 341 1538 eum
364 1497 486 1555 operam
509 1478 627 1539 dedisse
651 1483 775 1540 constat.

235 1568 272 1626 In
294 1568 385 1627 rebus
409 1587 538 1645 quarum
560 1567 592 1627 in
614 1567 793 1646 fragmentis
815 1569 929 1628 mentio
946 1568 989 1644 fit,
1014 1574 1045 1630 et
1063 1571 1168 1631 studia

146 1659 177 1716 et
195 1674 293 1717 mores
312 1656 396 1715 illius
420 1656 530 1716 aetatis
549 1657 624 1716 satis
643 1660 815 1716 cernuntur.
860 1676 957 1718 sermo
972 1659 1053 1718 enim
1068 1664 1117 1720 est
1131 1661 1167 1720 de

143 1745 293 1805 mercibus
311 1745 344 1803 in
361 1763 468 1804 11161
487 1745 637 1821 impositis
657 1741 705 1823 (D.
714 1748 744 1822 4,
756 1749 784 1820 9,
794 1749 824 1821 4,
840 1739 884 1827 2),
904 1746 940 1806 de
959 1766 1035 1808 neve
1054 1749 1167 1809 venali-

108 1859 114 1871 ·
144 1834 256 1893 ciarum
289 1834 433 1893 mercium
466 1834 619 1909 perforata
646 1827 696 1914 (D.
717 1838 745 1910 9,
767 1837 795 1908 2,
816 1838 867 1913 27,
888 1830 958 1915 24),
995 1836 1032 1896 de
1070 1856 1166 1914 puero

144 1925 277 1982 castrato
293 1919 343 2003 (D.
360 1926 388 1998 9,
405 1924 434 2001 2,
447 1924 498 1995 27,
512 1915 577 2000 28),
597 1924 633 1982 de
651 1942 746 1998 puero
765 1923 818 1999 qui
836 1942 854 1982 1
873 1925 1019 2002 magistro
1038 1927 1167 1986 recessit

145 2015 176 2071 et
198 2030 303 2072 rursus
328 2011 366 2070 ad
388 2013 517 2071 matrem
540 2015 685 2088 pervenit,
708 2018 745 2072 ut
767 2032 821 2088 per
844 2032 910 2072 eam
928 2013 1096 2073 faciliorem
1116 2016 1166 2074 de·

143 2102 347 2175 precationem
369 2101 496 2160 haberet
513 2101 615 2160 delicti
634 2100 685 2180 (D.
702 2103 752 2176 21,
771 2102 799 2176 1,
814 2103 866 2176 27,
882 2095 926 2179 5),
950 2100 986 2161 de
1011 2121 1046 2162 eo
1070 2104 1126 2181 qui
1149 2122 1167 2162 a

142 2192 337 2266 praeceptore
362 2189 411 2249 cui
429 2189 461 2247 in
481 2189 667 2265 disciplinam
687 2190 819 2250 traditus
838 2193 913 2267 erat,
936 2191 1067 2269 aufugit,
1092 2193 1167 2270 quia

144 2279 341 2338 immoderate
369 2296 404 2337 61
432 2278 578 2337 utebatur
601 2269 651 2360 (D.
668 2281 764 2355 21,1‚
781 2272 905 2357 2711),
934 2279 970 2338 de
998 2299 1086 2341 servo
1114 2282 1167 2359 qui

144 2368 182 2424 ab
198 2386 232 2426 61
248 2367 329 2444 fugit
347 2366 396 2427 oui
417 2370 483 2425 6111
502 2366 708 2427 commodatus
722 2358 764 2448 (D
776 2371 827 2439 21,
840 2370 868 2446 1,
881 2371 931 2444 17,
942 2361 986 2449 3),
1005 2368 1043 2428 de
1062 2388 1099 2429 61
1114 2371 1167 2447 qui

143 2459 230 2514 uoote
263 2455 366 2531 aliqua
399 2451 463 2515 sine
493 2456 649 2515 voluntate
682 2456 796 2516 domini
827 2457 955 2516 emansit
986 2449 1039 2538 (D.
1059 2461 1118 2536 21,
1138 2462 1167 2536 1,

147 2545 197 2622 17,
214 2535 263 2623 4),
292 2542 328 2603 de
357 2544 451 2605 servis
478 2545 528 2604 vel
554 2545 586 2604 vi
614 2544 748 2621 depulsis
776 2545 824 2606 vel
851 2545 977 2604 retentis
1001 2550 1032 2605 61
1054 2547 1167 2608 vinctis

145 2624 195 2711 (D.
211 2634 262 2710 43,
279 2635 329 2709 16,
346 2635 374 2709 1,
389 2625 461 2712 46),
485 2633 521 2691 de
546 2652 631 2693 servo
655 2635 734 2693 inter
756 2634 903 2694 fanaticos
922 2638 1013 2710 caput
1031 2635 1167 2695 iactante

144 2721 194 2779 161
222 2722 302 2781 circa
329 2721 401 2780 fana
426 2721 590 2781 bacchante
614 2725 645 2780 61
667 2741 811 2799 responsa
834 2722 976 2782 reddente
1001 2719 1053 2801 (D.
1068 2727 1122 2802 21,
1139 2729 1167 2800 1,

146 2812 219 2886 1,3.
236 2801 303 2889 10),
326 2809 363 2868 de
387 2809 424 2868 iis
449 2810 500 2886 qui
523 2829 578 2886 per
599 2813 681 2871 vicos
704 2831 786 2870 1116
807 2812 983 2870 insanorum
1001 2812 1167 2873 deridenda

144 2897 307 2972 loquantur
325 2894 375 2978 (D.
397 2901 448 2976 21,
464 2901 492 2976 1,
507 2901 537 2978 4,
553 2892 596 2979 1),
621 2900 748 2976 denique
770 2900 806 2960 de
825 2900 937 2977 popina
956 2905 987 2960 et
1005 2901 1165 2977 lupanario

145 2985 199 3044 ubi
222 2986 391 3065 litigatores
415 2987 530 3047 arbiter
552 2989 657 3048 adosse
680 2989 803 3049 iusserit
827 2983 879 3071 (D.
894 2991 923 3066 4,
939 2991 968 3068 8,
984 2992 1036 3066 21,
1053 2983 1120 3071 11).

236 3074 426 3154 Quamquam
449 3076 595 3136 librorum
618 3096 636 3136 1
655 3077 784 3137 Viviano
807 3078 1044 3153 compositorum
1066 3099 1165 3156 neque

143 3183 252 3223 nomen
284 3184 380 3242 neque
408 3168 620 3244 argumentum
650 3165 795 3243 traditur,
827 3167 922 3226 nihilo
950 3167 1051 3228 minus
1078 3171 1165 3227 euius

144 3254 263 3330 generis
287 3254 352 3313 eius
376 3253 477 3313 studia
499 3255 612 3314 fuerint
631 3255 822 3331 aliquatenus
841 3255 1041 3334 cognoscitur.
1083 3258 1166 3334 quod

145 3342 224 3400 enim
247 3344 321 3401 haec
343 3344 500 3418 leguntur:
527 3338 685 3404 ‘Vivianus
709 3339 814 3403 refert'
835 3345 1165 3424 1).43,16,1,41.46,

145 3423 236 3506 ‘apud
264 3431 426 3491 Viviauum
458 3432 585 3491 relatum
620 3425 677 3492 est'
705 3432 743 3493 D.
762 3434 792 3510 4,
813 3436 841 3510 9,
858 3436 886 3511 1,
902 3435 930 3493 6.
955 3435 1165 3512 21,1,17,3.

147 3520 197 3593 aa,
215 3523 243 3595 a,
258 3522 308 3593 24,
326 3523 354 3580 1.
377 3521 429 3598 41,
447 3523 496 3598 11,
513 3524 541 3598 1,
556 3523 608 3581 41.
630 3522 683 3596 41,
699 3523 749 3596 14,
767 3524 816 3599 11,
832 3524 861 3600 5,
881 3518 1039 3582 ‘vivianus
1059 3525 1165 3584 sessa
