2430 3944
97 185 164 250 380
199 185 233 240 V.
253 184 403 239 NERVAE
423 184 471 238 ET
490 183 641 238 TRAIANI
660 183 768 239 TEMP.
787 183 883 240 lURIS
904 183 1082 239 CONSULTI

95 349 219 432 tionem
249 347 424 413 secundum
453 347 617 412 Aristonis
646 348 840 413 sententiam
869 350 1010 429 constat,
1038 369 1110 413 cum

96 437 160 522 ipsi
182 437 250 502 filio
274 458 340 501 non
363 436 527 501 videretur
550 457 621 500 esse
646 437 801 501 solvendo
824 436 998 501 hereditas.

185 530 268 601 Quae
292 534 473 608 sequuntur:
501 524 765 606 ε011100110001,
789 529 860 589 licet
882 549 942 589 non
966 529 1113 590 condicio·

95 620 206 679 naliter
229 620 439 695 expressisset,
462 619 647 678 intellexisse
670 621 772 678 tamen
793 619 1038 677 manifestissime
1062 619 1111 678 ad·

95 703 262 785 probetur',
294 728 355 769 non
387 707 544 783 Marciani,
576 708 629 767 sed
656 707 831 767 Triboniani
862 708 1000 766 habenda
1034 712 1111 766 sunt.

96 797 132 857 cf.
162 796 365 875 Gradenwitz,
398 796 428 856 Z.
453 796 479 856 d.
505 795 641 856 San-St.
664 795 735 874 VH,
759 798 849 872 82sq.
905 795 1030 856 Pernice
1057 796 1113 874 HI,

98 888 139 946 10
162 905 192 945 n.
208 888 236 945 3.

188 969 237 1033 18.
267 967 306 1032 D.
327 968 380 1049 30,
401 969 497 1052 14pr.
543 967 704 1051 Ulpianus
733 967 817 1033 libro
846 969 958 1052 quinto
987 968 1111 1034 decimo

97 1057 136 1122 ad
168 1056 325 1122 Sabinum
354 1056 404 1138 (P.
423 1053 536 1142 2532).
565 1092 608 1104 -
638 1055 673 1121 Si
699 1057 748 1121 ita
776 1057 818 1120 sit
846 1056 1046 1140 adscriptum
1073 1057 1112 1122 ‘si

96 1146 148 1210 cui
176 1147 325 1231 legavero
353 1146 420 1231 bis,
449 1144 549 1210 semel
576 1145 670 1210 heres
698 1146 728 1208 01
752 1143 840 1210 dato'
864 1147 915 1209 vel
939 1145 989 1210 ‘ut
1013 1145 1112 1210 semel

97 1234 274 1317 debeatur',
302 1238 335 1299 01
363 1233 466 1299 eidem
494 1234 574 1298 duas
603 1235 805 1319 quantitates
830 1233 1041 1318 adscripserit
1064 1235 1113 1299 vel

96 1323 176 1389 duos
204 1323 336 1407 fundos,
364 1344 406 1386 an
433 1328 607 1408 utrumque
635 1322 811 1387 debeatur?
862 1327 895 1387 et
923 1323 970 1388 011
999 1322 1112 1388 Aristo

96 1434 197 1476 unum
220 1412 324 1476 videri
346 1412 501 1496 legatum.

186 1504 360 1582 Sequuntur
398 1507 483 1564 haec:
522 1499 604 1563 ‘nam
640 1504 720 1580 quod
756 1504 930 1581 ademptum
962 1510 1022 1579 est,
1060 1525 1116 1565 nee

98 1594 202 1652 datum
224 1592 318 1652 videri
337 1593 501 1654 secundum
520 1592 600 1653 Oelsi
619 1595 651 1653 01
669 1593 804 1652 Marcelli
823 1594 1011 1666 sententiam,
1037 1614 1113 1671 quae

96 1701 168 1741 vera
191 1677 256 1741 est'.
303 1702 356 1757 pro
381 1676 501 1742 ‘videri'
525 1702 592 1742 curn
615 1682 737 1741 Lenelio
761 1676 904 1741 ‘videtur'
927 1683 1030 1760 legere
1054 1702 1114 1742 non

97 1788 171 1847 opus
191 1775 244 1844 est,
263 1790 332 1830 cum
350 1771 490 1830 extremis
509 1771 608 1830 verbis
623 1771 720 1830 oratio
735 1771 865 1847 obliqua,
884 1790 960 1848 quae
978 1775 1114 1845 vocatur,

96 1862 294 1932 contineatur,
317 1880 379 1937 qna
401 1858 480 1920 Celsi
504 1862 534 1919 et
557 1860 692 1919 Marcelli
716 1860 896 1919 sententiam
919 1859 957 1919 ab
980 1860 1112 1936 Ulpiano

96 1948 241 2008 traditam
263 1949 396 2008 induisse
421 1949 619 2008 Tribonianus
644 1950 762 2008 videtur
785 1949 858 2008 satis
882 1949 1033 2010 habuisse.

427 2107 478 2168 Ad
500 2110 588 2183 leuem
610 2108 784 2168 Falcidium.

190 2209 238 2274 19.
262 2210 300 2274 D.
315 2208 367 2292 35,
381 2211 411 2291 2,
429 2212 456 2292 1,
472 2211 501 2274 9.
539 2208 658 2273 Paulus
677 2209 760 2274 libro
776 2209 934 2294 singulari
951 2210 991 2275 ad
1006 2212 1112 2295 legem

97 2297 277 2364 Falcidiam
307 2298 355 2379 (P.
373 2297 475 2384 9210).
503 2334 548 2344 —
576 2296 610 2361 Si
642 2319 720 2361 usus
748 2296 873 2362 fructus
903 2299 1033 2383 legatus
1063 2301 1115 2381 sit,

99 2389 153 2472 qui
178 2390 211 2452 et
234 2385 333 2452 dividi
357 2392 478 2471 potest,
506 2409 585 2470 nou,
610 2386 694 2451 sicut
718 2390 842 2451 ceterae
866 2388 1040 2453 servitutes
1065 2390 1113 2453 in-

100 2476 248 2541 dividuae
272 2480 358 2560 sunt,
381 2474 588 2558 <individuus
611 2476 690 2558 est),
715 2479 838 2540 veteres
863 2476 993 2559 quidem
1018 2479 1113 2542 aesti-

98 2564 251 2628 mandum
283 2567 391 2629 totum
422 2587 516 2629 usum
548 2563 689 2628 fructum
717 2564 877 2648 putabant
904 2567 937 2629 et
964 2565 1014 2630 ita
1042 2588 1114 2631 con·

99 2652 308 2734 stituendum,
324 2661 478 2737 quantum
494 2654 537 2717 sit
550 2655 585 2716 in
599 2655 719 2738 legato.
747 2651 803 2716 sed
812 2653 923 2717 Aristo
940 2660 1112 2719 aveterum

99 2740 251 2824 opinione
275 2741 423 2824 recessit3
453 2743 500 2806 011
523 2742 609 2805 enim
632 2762 727 2825 posse
752 2744 900 2826 quartam
922 2747 1053 2823 partem
1076 2766 1113 2807 ex

99 2850 136 2893 οο
162 2829 207 2895 010
229 2834 267 2893 ut
290 2850 329 2893 ex
352 2830 540 2914 corporibus
564 2829 707 2894 retineri.

411 2989 460 3054 De
482 2991 621 3055 cautione
643 2990 807 3054 Muciana.

188 3095 240 3159 20.
270 3094 309 3158 D.
323 3096 375 3173 35,
392 3097 420 3176 1,
436 3097 454 3160 7
463 3119 511 3180 pr.
556 3095 717 3180 Ulpianus
741 3095 825 3160 libro
850 3100 965 3161 octavo
991 3097 1112 3163 decimo

100 3183 140 3246 ad
165 3181 322 3263 Sabinum
347 3182 395 3268 (P.
410 3184 522 3270 2595).
545 3221 588 3232 -
612 3185 781 3249 Mucianae
805 3186 966 3250 cautionis
990 3188 1111 3251 utilitas

100 3272 252 3337 consistit
279 3273 314 3336 in
342 3272 584 3338 condicionibus
615 3274 753 3359 quaein
777 3295 843 3337 non
866 3273 1015 3340 faciendo
1039 3279 1110 3340 sunt

100 3367 287 3444 conceptae,
312 3365 449 3445 utputa
472 3361 512 3426 ‘si
535 3361 733 3447 Capitolium
756 3384 824 3427 non
848 3362 1051 3449 ascenderit',
1074 3362 1109 3426 ‘si

101 3447 247 3514 Stichum
285 3471 350 3513 non
388 3450 624 3516 manumiserit'
657 3455 688 3515 et
721 3451 754 3515 in
788 3451 963 3531 similibus,
1003 3458 1036 3518 01
1065 3452 1109 3516 110

102 3537 271 3603 Aristoni.
287 3586 294 3600 .
309 3586 317 3602 .
332 3538 436 3603 visum
460 3549 517 3604 est.
