2430 3944
357 183 380 233 6.
406 175 612 232 lAVOIAENUS
631 176 780 231 Perseus
1007 177 1076 241 489

1070 295 1083 321 l

58 360 204 405 nummos
216 360 281 404 non
293 340 394 420 faeiat
406 341 590 422 oeoipimtis.
627 342 704 423 qnid
719 342 802 405 enim
820 342 951 421 interest,
971 347 1077 406 ntrnm

59 430 118 495 toti
136 449 288 511 personae
310 431 385 494 dare
408 429 549 494 iubeatur
570 450 613 493 on
637 431 741 511 aliquo
764 429 827 495 loeo
845 451 957 511 ponere
977 431 1023 495 oet
1041 431 1077 495 in

58 539 149 584 more
166 518 301 583 deicere?
337 520 530 600 nequeenim
548 518 636 600 illud,
655 519 735 600 qnod
751 520 795 583 od
812 520 903 583 telem
911 539 1079 600 personam

52 612 276 778 mangonum
308 611 363 685 est,
396 609 567 672 testamenti
597 608 733 688 nomine,
764 609 817 672 sed
847 610 955 673 mortis
981 629 1078 673 correo

151 816 317 875 Mommsen
333 820 428 874 notat:
451 809 572 889 ‘require'
589 818 723 875 oidentnr
741 818 828 876 totio:
851 810 1004 888 ‘Maevius
1029 817 1078 876 oui
1103 877 1105 882 ,

60 905 174 964 fundus
206 906 326 982 legatus
358 907 417 982 eet,
450 906 475 964 si
503 902 702 983 Callimacho,
734 924 802 965 oum
829 924 887 980 quo
917 896 1079 985 (testator)

59 993 237 1053 testamenti
268 993 429 1053 factionem
456 1012 516 1052 non
542 993 687 1066 habebat,
719 993 948 1071 ...pertineatr
981 1013 1078 1069 neque

60 1082 140 1141 enim
174 1082 263 1156 illud,
297 1083 376 1158 quod
408 1082 447 1141 ad
476 1082 568 1141 talem
595 1101 754 1158 personam
780 1087 995 1158 perventurum
1022 1085 1078 1152 est,

61 1171 239 1230 testamenti
257 1171 386 1248 nomine,
406 1171 458 1230 sed
476 1171 582 1231 mortis
602 1190 695 1230 eausa
712 1170 836 1247 eapitur.
878 1166 931 1248 <et
949 1171 1079 1230 fortasse

61 1259 130 1337 quis
160 1259 282 1334 dixerit,
310 1260 368 1319 etsi
391 1258 592 1319 Callimachus
621 1261 748 1319 ducenta
770 1280 807 1320 ne
831 1259 989 1335 adquirere
1012 1260 1078 1337 qni·

61 1348 132 1407 dem
154 1347 269 1425 potuit,
292 1350 393 1408 tamen
416 1348 487 1407 dere
509 1349 661 1409 Maeuium
684 1345 824 1428 debere>,
846 1349 919 1408 lieet
940 1366 1080 1407 nummos

61 1455 124 1496 non
155 1436 249 1496 faeiat
280 1437 465 1512 accipientis:
498 1437 571 1515 quid
603 1438 683 1496 enim
715 1439 843 1498 interest
862 1483 868 1497 .
884 1483 913 1498 ..
932 1437 965 1496 in
996 1456 1080 1495 mare

61 1519 199 1585 deicere?
246 1530 278 1585 ot
300 1526 390 1585 Lenet
413 1531 539 1586 extremo
560 1529 661 1586 verbo:
688 1521 797 1604 ‘neque
811 1570 819 1586 .
834 1573 840 1586 .
856 1573 863 1586 .
879 1518 1008 1603 eapitur'
1035 1529 1079 1584 ito
1103 1558 1104 1561 κ

62 1616 199 1688 explieat:
223 1614 282 1673 etsi
304 1633 365 1674 non
382 1615 557 1674 testamenti
574 1615 693 1674 nomine
713 1616 838 1691 eapitur,
856 1616 963 1675 mortis
976 1618 1079 1674 tamen

62 1720 155 1762 eausa
174 1701 300 1778 eapitur.
343 1697 456 1762 ‘Latini
474 1705 553 1762 enim
573 1707 603 1762 et
622 1704 771 1781 peregrini
791 1722 845 1763 nee
864 1705 970 1763 mortis
989 1721 1082 1762 eausa

62 1809 170 1867 capere
194 1794 321 1866 possunt
343 1792 379 1851 ef.
404 1792 439 1851 D.
456 1794 506 1865 39,
523 1794 551 1868 6,
568 1795 595 1852 9.
632 1792 701 1852 Vnt.
722 1795 794 1853 259.
832 1793 875 1851 nil
897 1793 992 1870 igitur
1015 1813 1081 1851 mu·

61 1873 208 1940 tandum?

427 1991 477 2056 De
499 1992 567 2055 inre
589 1992 713 2056 dotium.

155 2106 205 2169 72.
233 2105 272 2170 D.
288 2107 341 2188 24,
363 2107 391 2192 l,
410 2107 463 2172 50.
512 2106 798 2194 Iavolenusnlibro
827 2106 924 2170 tertio
954 2105 1080 2169 decimo

60 2192 297 2277 Epistularum.

154 2301 178 2351 1.
210 2291 261 2371 Si,
288 2314 357 2358 enm
384 2294 496 2358 mulier
523 2295 631 2376 oi'pinti
652 2314 773 2358 smonm
796 2293 926 2370 emisset,
953 2293 989 2355 in
1012 2311 1082 2354 eom

61 2381 245 2461 emptionem
280 2383 330 2446 oir
366 2383 499 2465 quinque
529 2384 679 2447 uenditori
710 2383 803 2463 dedit,
839 2382 968 2445 divortio
996 2381 1082 2459 forto

61 2469 239 2534 omnimodo
270 2473 319 2534 oir
350 2491 419 2535 eom
450 2491 604 2535 sommum
636 2471 789 2535 retinebit
821 2490 916 2551 neque
947 2471 1081 2534 adrem

55 2558 203 2639 pertinet,
226 2578 268 2622 on
291 2560 320 2624 is
342 2580 446 2624 serens
469 2560 598 2624 deterior
617 2561 719 2640 foetus
737 2561 792 2636 sit;
817 2580 891 2622 nom
910 2563 938 2622 et
954 2559 983 2623 si
1001 2578 1080 2622 mor-

63 2651 138 2710 tmns
157 2652 239 2728 esset,
258 2649 391 2730 quinque
408 2650 543 2712 retentio
558 2651 586 2712 ei
599 2654 779 2730 competeret.
816 2649 976 2729 quaeritur
988 2649 1082 2730 enim,

62 2755 109 2799 on
136 2735 249 2800 mulier
275 2757 313 2801 eor
334 2738 396 2802 siri
412 2739 605 2818 patrimonio
628 2738 802 2818 lomrpletior
823 2738 866 2801 sit
887 2757 919 2801 eo
942 2740 1081 2817 tempore,

62 2843 125 2905 qno
143 2825 180 2887 de
197 2846 231 2887 re
250 2825 364 2890 uxoria
383 2825 544 2907 mpetratum
565 2826 651 2907 fusto
669 2831 770 2889 annm
787 2825 981 2908 intellepitnr,
1003 2845 1083 2907 quoe

63 2933 136 2976 oere
158 2912 258 2978 alieno
281 2934 336 2979 sno
355 2915 523 2980 interventio
540 2916 601 2979 oiri
619 2915 748 2979 liberato
765 2919 816 2994 est,
839 2914 921 2996 qnod
931 2915 1084 2995 potuisset

63 3000 167 3066 odtno
188 3001 298 3086 debere,
321 3004 351 3067 si
371 3005 420 3067 oir
432 3005 599 3085 peormiom
617 3024 679 3067 non
697 3004 863 3083 solvisset[;
887 3003 1082 3085 nequeenim

63 3091 202 3175 interest,
233 3111 270 3155 ero
296 3112 360 3173 qno
386 3112 481 3156 conso
507 3093 623 3155 mulier
641 3093 807 3173 peonniom
833 3092 948 3173 deterit,
974 3095 1083 3154 mtrem

62 3179 212 3244 creditam
239 3200 284 3244 on
309 3200 379 3244 eom
405 3201 499 3262 qnam
522 3202 559 3244 eoo
581 3183 728 3262 emptione
746 3185 907 3264 proestare
928 3177 1080 3261 debeat?].

157 3277 182 3328 2.
208 3267 297 3348 Quod
312 3270 341 3333 si
358 3270 469 3334 nintier
487 3290 547 3333 non
567 3275 682 3333 emeret
697 3290 826 3351 serrum
843 3270 897 3333 sed
912 3273 949 3332 nt
965 3270 1082 3348 emeret,

64 3377 86 3421 o
114 3357 181 3421 oiro
201 3358 369 3439 pecuniam
396 3360 521 3441 occepit,
554 3363 619 3421 tum
646 3359 692 3422 ool
719 3363 837 3423 mortno
863 3357 910 3421 oet
936 3356 1084 3420 deteriore
1185 3413 1188 3420 .

62 3445 147 3526 forto
165 3465 250 3511 seroo
268 3447 419 3512 domnum
437 3449 479 3510 od
495 3448 598 3512 rirnm
612 3447 784 3529 pertinebit,
800 3447 876 3528 qnia
893 3446 975 3527 qnod
991 3444 1083 3508 aliter

64 3539 208 3616 empturo
234 3555 297 3600 non
321 3535 398 3616 fnit,
426 3536 488 3600 nisi
511 3537 676 3618 peonniom
699 3557 720 3600 o
741 3536 810 3601 otro
833 3535 1016 3616 accepisset,
1032 3532 1100 3592 lese
