2430 3944
459 172 485 224 t.
502 166 694 224 Psocuuus
900 120 904 127 ¹
1023 171 1083 235 121

110 329 188 394 dieu
205 330 269 414 peti
291 329 413 414 pesse?
435 329 512 416 quid
536 331 564 395 si
585 329 634 395 ita
652 330 808 396 dixissed:
831 331 916 397 ‘eum
939 336 1087 419 potuero,

110 418 157 483 deti
172 417 291 484 eruut'?
315 420 401 502 quod
419 419 449 483 si
467 420 610 504 aliquam
628 418 695 484 vim
713 419 835 485 habeat
852 421 1013 505 posterior
1031 423 1086 487 ob·

108 506 204 593 lipsio,
223 504 353 592 ‘possit'
374 509 510 573 verbum
533 508 693 593 quomodo
716 509 952 593 interpretaris,
975 515 1085 575 utrum

108 616 157 660 sere
174 597 274 661 aliaue
297 596 437 662 deducto
460 619 503 661 an
526 597 678 662 extante?

166 684 331 750 Proculus:
352 706 423 751 eum
444 687 543 751 dotem
564 687 634 767 quis
657 687 703 750 ite
719 683 834 751 dieiffl:
855 685 937 752 ‘eum
947 692 1086 771 potuero,

108 773 150 837 ddi
168 772 220 839 ssi
243 777 336 839 erunt
359 774 501 858 eentum',
528 775 667 839 esistimo
693 776 737 839 ed
761 776 797 839 id
816 777 898 857 quod
919 780 1020 840 aetum
1042 782 1087 842 est

65 898 68 903 ·
106 861 348 943 &praem
374 864 570 946 redrperrdem
596 883 673 941 essa·
700 884 776 928 rrum
802 865 857 945 qui
879 865 1021 947 ambipue
1044 867 1085 930 to-

102 950 187 1033 nitr,
206 952 243 1016 id
262 951 406 1035 loquitur,
427 954 510 1034 qrred
529 972 567 1017 er
585 951 730 1034 hisquae
747 954 1083 1036 siqnidearrtursensit.

99 1039 199 1120 miss
218 1044 263 1106 est
279 1045 393 1125 temer,
413 1046 450 1106 ut
464 1040 520 1106 der
536 1061 607 1105 eum
623 1042 751 1106 sensisse
768 1042 938 1106 existimem
957 1040 1082 1125 ‘<eum>

100 1127 196 1193 deiude
233 1149 305 1194 aere
333 1130 437 1194 aliene
465 1126 593 1212 potero'.
642 1134 742 1210 potest
770 1131 864 1194 etiam
896 1130 953 1195 itte
984 1132 1084 1212 ueeipd

101 1216 257 1298 risrifieutio
280 1216 361 1283 ‘eum
383 1218 472 1284 selva
493 1219 642 1302 dipnitete
659 1238 727 1283 rrea
740 1217 868 1302 potero',
889 1240 969 1301 quae
991 1220 1087 1283 irrter-

99 1307 202 1384 prurio
221 1327 256 1371 eo
277 1308 379 1388 meeis
400 1308 578 1390 decipienda
599 1311 652 1391 est,
674 1307 703 1372 si
720 1308 766 1371 ita
784 1305 918 1372 dietum³
940 1313 985 1372 est
1003 1307 1086 1372 ‘eum

100 1396 260 1460 uumodrmr
276 1393 357 1479 erit,
373 1395 429 1461 doe
446 1401 489 1461 est
507 1395 588 1461 ‘eum
600 1396 668 1461 sine
680 1397 870 1461 incommodo
883 1417 948 1461 meo
957 1397 1085 1478 potero'.

166 1484 213 1550 Π.
228 1482 421 1567 1).46,3,82.
452 1483 609 1549 Proeulus
621 1484 706 1549 libro
721 1483 835 1568 quinto
850 1484 1086 1568 Epistularum.

99 1603 130 1616 ·-
143 1568 181 1656 si,
200 1594 273 1637 eum
292 1571 460 1638 Cornelius
483 1572 617 1638 fundum
642 1595 736 1637 suum
754 1574 886 1637 nomine
905 1573 996 1641 Seiae
1016 1574 1085 1639 viro

99 1657 150 1723 eiua
165 1660 230 1726 doti
241 1661 384 1726 dedisset
395 1682 456 1727 uee
470 1661 508 1726 de
523 1683 561 1726 eo
576 1661 738 1726 reddendo
753 1661 923 1745 quiequam
938 1664 1086 1746 cavisset,

98 1745 165 1831 feeit,
182 1753 218 1813 ut
238 1749 326 1814 inter
348 1771 383 1814 se
407 1750 456 1814 uir
473 1752 507 1814 et
525 1747 599 1814 Seia
617 1751 868 1834 paciscerentur,
891 1753 929 1814 ut
946 1751 1085 1816 divortio

97 1832 163 1901 freto
184 1839 211 1902 is
232 1837 351 1903 fundus
375 1837 525 1904 Cornelio
548 1837 748 1918 redderetur,
775 1859 839 1904 non
856 1844 933 1920 puto
955 1841 1085 1905 divertio

96 1920 160 2001 tede
190 1927 292 1992 virum
327 1930 445 1992 vetante
476 1925 551 1992 Seia
581 1948 651 1992 eum
680 1927 815 2008 fundum
848 1926 987 1993 Cornelio
1020 1932 1086 1993 tute

97 2013 265 2080 redditurum
282 2035 353 2098 esse,
375 2016 467 2080 sicuti
483 2017 521 2095 si,
538 2036 608 2081 eum
620 2021 749 2100 paetum
767 2021 944 2081 conventum
962 2018 1086 2080 nultum

50 2150 52 2157 .
98 2099 297 2185 ddroessrsset
328 2105 458 2169 divortio
486 2104 571 2186 faeie
601 2105 713 2170 mulier
739 2106 830 2170 iussit
856 2126 924 2169 eum
950 2106 1086 2184 fundum

98 2185 213 2257 Cernetis
229 2194 325 2274 reddi,
348 2192 456 2258 deinde
473 2198 637 2274 antequem
655 2195 837 2271 redderetur,
858 2194 1005 2274 vetuisset,
1023 2213 1087 2257 nori

97 2280 146 2342 tete
163 2283 339 2346 redderetur.
385 2283 438 2346 sed
458 2283 487 2346 si
509 2287 674 2364 antequam
696 2282 769 2348 Seia
791 2287 917 2364 vetaret,
945 2280 1087 2346 Cornelio

97 2384 150 2430 erm
161 2370 293 2450 fundum
311 2371 491 2435 reddidisset
507 2391 560 2434 rree
576 2391 703 2436 eausam
716 2371 871 2436 habuisset
884 2371 1086 2435 existimandi

96 2454 228 2522 diruite
245 2458 320 2524 Seis
340 2458 499 2540 facturum
516 2479 586 2543 esse,
608 2480 663 2525 rree
680 2460 789 2524 metius
807 2480 862 2524 nee
880 2461 1007 2541 aequius
1025 2478 1087 2524 esse

95 2544 281 2613 existimarem
302 2568 373 2612 eum
391 2547 529 2629 fundum
551 2547 642 2614 Seiae
663 2549 758 2613 reddi.

167 2636 214 2701 18.
230 2636 270 2702 D.
277 2637 424 2719 23‚3‚82.
455 2635 611 2701 Proculus
626 2637 710 2701 libro
726 2637 839 2721 quinto
853 2635 1086 2719 Epistularum.

95 2719 213 2788 -Cum
231 2747 313 2790 uxor
332 2725 437 2789 virum
457 2746 550 2789 suum
570 2747 665 2809 quam
684 2725 855 2810 pecuniam
874 2725 937 2789 sibi
956 2725 1088 2788 deberet

95 2806 122 2870 iu
151 2811 252 2878 dotem
282 2813 371 2877 filiae
404 2814 583 2877 eommunis
616 2813 691 2878 dare
724 2815 855 2877 iusserit
887 2817 919 2878 et
951 2813 1021 2896 <is>
1053 2814 1087 2877 id

94 2893 189 2964 fecisse
211 2902 350 2984 dicatur,
367 2907 445 2984 puto
466 2903 772 2967 animadvertendum
794 2922 868 2984 esse,
890 2906 996 2967 utrum
1019 2923 1087 2966 eam

94 2983 175 3052 dotem
195 3011 249 3056 sue
271 3010 315 3055 arr
336 2992 445 3056 ureris
466 2991 590 3055 nemine
611 2993 710 3056 dedit:
733 2992 762 3056 si
778 3011 842 3075 sue,
864 2991 962 3054 nitito
981 2991 1087 3054 minus

92 3079 170 3171 terri
195 3099 264 3143 erim
290 3079 393 3144 debere
412 3080 593 3162 perreriam,
623 3080 653 3144 si
679 3081 787 3144 uxoris
814 3080 937 3143 romine
964 3081 1088 3161 dederit,

92 3180 180 3242 psum
199 3167 238 3231 ab
259 3188 354 3231 urere
376 3168 538 3232 literatum
560 3188 630 3234 esse.

169 3255 217 3320 19.
231 3255 422 3340 Ι).24,3,6Ο.
454 3256 610 3321 Proculus
625 3257 708 3321 libro
725 3256 838 3340 quinto
853 3255 1087 3340 Epistularum.

151 3398 165 3445 1
185 3393 256 3451 Trib.
275 3394 456 3464 promisisset.

150 3470 166 3517 2
186 3465 258 3521 Tris.
276 3464 411 3536 promisit.

151 3541 166 3587 3
185 3535 256 3592 Tris.
274 3537 440 3606 promissum
460 3539 512 3592 est.
