2430 3944
369 193 394 243 4.
418 188 448 241 L.
467 186 651 260 usuarius
669 186 817 244 Pslscus
1031 188 1097 253 315

11 342 32 423 23„
82 351 158 416 sint.
197 350 282 436 quod
306 351 347 415 ad
370 372 501 416 causam
524 352 634 415 tamen
652 350 728 415 talis
747 349 839 415 taciti
860 351 1006 436 pignoris
1024 373 1097 436 per·

13 466 29 503 a·
82 440 180 524 tinet,
202 460 267 504 non
291 440 429 503 multum
453 439 493 503 ab
517 438 648 504 urbanis
672 437 812 522 praediis
836 439 996 506 differunt.

173 544 216 611 6?
235 544 274 610 D.
282 546 335 631 20,
343 546 374 630 2,
381 546 412 611 3.
449 545 607 629 Ulpianus
622 545 706 610 libro
722 547 983 630 septuagensimo
997 548 1096 614 tertio

24 662 29 675 ·
80 636 122 701 ad
156 635 307 700 edictum.
337 670 375 682 -
406 633 440 699 Si
472 633 624 699 horreum
656 633 720 698 fuit
748 633 939 699 conductum
967 636 1018 700 vel
1046 636 1097 701 de·

33 782 55 799 .,
81 724 263 790 vorsorium
287 724 338 788 vel
364 745 447 805 area,
470 723 604 787 tacitam
628 723 871 787 conventionem
896 723 935 787 de
958 725 1096 790 invectis

23 822 26 827 “
80 813 182 878 illatis
207 812 306 877 etiam
328 812 364 875 in
387 811 438 876 his
461 811 569 876 locum
592 811 712 876 habere
734 813 830 894 putat
852 809 1014 877 Neratius.

172 924 320 1002 Ulpianus
344 923 429 982 addit
448 916 540 999 ‘quod
556 922 658 984 verius
677 915 747 993 est',

169 1014 386 1091 Fragmentum
405 1011 502 1070 eidem
524 1011 602 1070 libro
626 1011 854 1070 attribuendum
876 1010 957 1072 duxi.

80 1268 83 1273 Ι
441 1183 491 1248 De
513 1183 573 1267 tepc
595 1183 736 1266 Aquilia.

173 1293 201 1357 7.
221 1290 259 1355 D.
267 1291 297 1375 9,
305 1291 335 1373 2,
342 1291 395 1355 53.
431 1287 586 1354 Neratius
600 1289 687 1354 libro
702 1288 808 1373 primo
822 1288 1095 1356 Membranarum.

81 1379 255 1445 -Boves
283 1380 405 1444 alienos
433 1380 467 1443 in
495 1380 671 1461 angustum
700 1378 806 1444 locum
834 1379 970 1464 coegisti
993 1402 1095 1464 eoque

17 1523 20 1529 .
77 1470 232 1536 effectum
255 1471 314 1549 est,
336 1471 373 1531 ut
396 1467 610 1532 deicerentur:
634 1466 783 1531 daturin
801 1471 835 1532 te
853 1467 893 1531 ad
914 1469 1094 1552 exemplum

80 1558 164 1643 legis
187 1555 337 1640 Aquiliae
360 1558 395 1618 in
417 1556 539 1619 factum
563 1555 657 1619 actio.

170 1653 206 1712 cf.
227 1649 291 1710 Gai.
308 1652 339 1725 a,
359 1651 431 1709 219.

388 1820 437 1885 De
459 1821 546 1885 bonis
567 1820 783 1886 distrahendis.

170 1930 199 1995 8.
232 1925 271 1993 D.
290 1928 343 2011 27,
359 1927 409 2010 10,
424 1927 453 1992 9.
503 1925 657 1991 Neratius
685 1925 771 1990 libro
798 1928 904 2010 primo
932 1926 1094 1993 Membra-

76 2040 203 2085 narum.
230 2053 266 2062 -
297 2013 397 2081 Cuius
425 2016 519 2080 bonis
548 2013 766 2079 distrahendis
794 2019 959 2080 curatores
987 2016 1094 2081 facere

78 2110 211 2174 senatus
236 2104 399 2189 permisit,
427 2105 495 2168 eius
519 2105 605 2167 bona
629 2102 840 2168 creditoribus
864 2105 1002 2168 vendere
1025 2127 1092 2169 non

77 2195 241 2282 permisit,
269 2194 417 2278 quamvis
442 2192 615 2257 creditores
639 2197 716 2274 post
738 2192 770 2256 id
794 2192 985 2257 beneficium
1009 2192 1094 2258 bona

78 2284 216 2350 vendere
231 2282 380 2365 mallent3
400 2281 483 2346 sicut
498 2281 582 2344 enim
596 2279 724 2364 integra
738 2286 772 2344 re
787 2283 931 2363 potestas
946 2282 1093 2365 ipsorum
1209 2359 1212 2366 Ι

77 2381 129 2438 est
157 2376 266 2436 utrum
289 2370 392 2434 velint
415 2369 569 2454 eligendi,
597 2369 645 2433 ita
668 2390 740 2432 cum
765 2370 902 2434 alterum
926 2370 1093 2454 elegerint,

78 2463 181 2527 altero
216 2461 378 2525 abstinere
408 2458 535 2522 debent.
584 2458 750 2542 multoque
778 2459 881 2542 magis
910 2458 943 2522 id
971 2460 1093 2523 servari

78 2572 217 2635 aequum
250 2552 312 2630 est,
345 2548 372 2610 si
401 2547 499 2610 etiam
526 2546 632 2611 factus
661 2552 711 2610 est
738 2549 880 2630 curator,
911 2568 969 2630 per
998 2569 1093 2631 quem

77 2638 166 2705 bona
198 2637 471 2712 distraherentur,
505 2635 651 2718 quamvis
684 2635 826 2700 nondum
859 2635 1021 2719 explicato
1054 2658 1092 2701 eo

77 2727 211 2812 negotio
226 2726 405 2790 decesserit.
443 2745 519 2789 nam
533 2727 566 2787 et
579 2728 655 2788 tunc
670 2745 709 2786 ex
722 2725 849 2808 integro
865 2725 948 2789 alius
964 2729 1093 2790 curator

76 2815 244 2882 faciendus
269 2818 319 2878 est
340 2833 443 2897 neque
467 2813 560 2877 heres
583 2813 701 2895 prioris
723 2814 881 2878 curatoris
901 2813 1093 2898 onerandus,

77 2925 152 2971 oum
176 2903 319 2969 accidere
342 2902 455 2985 possit,
477 2904 514 2965 ut
535 2903 668 2985 negotio
692 2901 743 2965 vel
766 2904 898 2985 propter
921 2923 1017 2966 sexus
1041 2903 1092 2968 vel

77 2997 211 3078 propter
244 2991 361 3056 aetatis
393 2990 617 3055 infirmitatem
650 2989 703 3054 vel
735 2992 868 3073 propter
899 2990 1091 3074 dignitatem

76 3080 235 3147 maiorem
254 3079 461 3162 minoremve,
483 3101 580 3163 quam
598 3077 633 3141 in
651 3077 760 3160 priore
779 3083 926 3144 curatore
946 3083 1092 3162 spectata

77 3175 162 3254 erat,
189 3169 309 3233 habilis
333 3190 398 3232 non
422 3169 477 3251 sit,
500 3166 630 3251 possint
652 3166 749 3230 etiam
772 3167 880 3250 plures
904 3167 1038 3231 heredes
1062 3167 1091 3231 ei

77 3259 215 3324 existere
243 3277 345 3341 neque
374 3260 431 3320 aut
458 3277 514 3339 per
544 3276 656 3320 omnes
684 3255 717 3319 id
744 3256 913 3340 negotium
941 3255 1092 3319 adminis-

76 3347 159 3413 trari
183 3343 331 3429 expediat
355 3348 411 3408 aut
434 3345 605 3428 quicquam
628 3342 690 3408 dici
713 3345 827 3427 possit,
850 3365 906 3408 cur
929 3366 1011 3408 unus
1032 3343 1091 3407 ali-

77 3436 149 3520 quis
173 3457 213 3499 ex
235 3433 286 3497 his
310 3433 516 3516 potissimum
539 3432 722 3497 onerandus
746 3431 796 3496 sit.

168 3545 213 3604 De
224 3548 395 3605 senatorum
406 3544 492 3604 bonis
500 3543 662 3605 vendendis
670 3543 929 3603 senatusconsulto
938 3543 1091 3620 statuitur,
