2430 3944
99 158 142 222 60
168 157 215 213 ΙΙΙ.
230 157 307 211 GAlI
320 155 468 212 CLAUDII
481 155 617 212 Nonou.
628 155 772 211 GALBAE
781 156 887 212 TEMP.
898 155 994 212 lorus
1004 154 1106 212 OONS.

98 317 181 385 Cum
204 342 325 398 servus,
352 320 386 383 in
410 341 473 404 quo
496 341 590 384 usum
612 319 755 384 fructum
773 319 939 404 babemus,
961 319 1108 403 proprie·

97 409 176 473 tatis
200 409 329 473 domino
353 429 392 472 ex
414 429 449 472 re
472 408 639 472 fructuarii
664 408 715 472 vel
734 430 773 472 ex
792 408 898 492 operis
917 407 986 473 eius
1004 408 1107 473 nomi·

97 497 200 562 natim
224 498 409 581 stipuletur,
437 496 616 581 adquiritur
638 495 770 562 domino
793 495 1013 582 proprietatis.
1050 495 1106 561 sed

98 609 162 670 qua
194 586 320 650 actione
351 585 547 651 fructuarius
579 585 758 669 reciperare
786 587 891 669 possit
923 607 942 650 a
973 585 1108 650 domino

97 675 317 760 proprietatis,
334 673 559 755 requirendum
578 678 638 738 est.
669 674 748 739 item
767 675 796 738 si
815 696 925 740 servus
944 673 1108 738 bonafide

96 764 190 828 nobis
217 764 337 828 serviat
360 768 393 827 et
416 763 447 827 id
473 763 556 846 quod
580 762 675 828 nobis
700 762 867 846 adquirere
890 763 1023 847 poterit,
1051 784 1109 827 no·

98 853 246 917 minatim
261 852 392 916 domino
412 872 470 915 suo
490 852 665 934 stipulatus
684 851 795 936 fuerit,
814 851 844 915 ei
863 850 1019 937 adquiret.
1052 851 1109 916 sed

98 963 162 1024 qua
191 941 317 1005 actione
346 940 379 1004 id
407 940 586 1023 reciperare
613 961 800 1023 possumus,
829 961 1030 1024 quaeremus.
1076 943 1111 1005 et

96 1051 163 1094 non
187 1029 255 1093 sine
278 1030 403 1094 ratione
427 1032 487 1111 est,
510 1027 592 1108 quod
613 1027 713 1092 Gaius
735 1033 848 1093 noster
866 1028 957 1111 dixit,
981 1027 1111 1093 cundici

96 1119 130 1182 id
153 1118 188 1181 in
210 1122 346 1200 utroque
370 1139 446 1182 casu
469 1139 565 1200 posse
588 1117 729 1182 domino.

186 1223 292 1288 ‘Gaius
314 1222 429 1288 noster'
456 1247 516 1288 non
538 1221 697 1304 Pomponii
718 1228 771 1287 ille
794 1228 929 1305 aequalis
952 1228 1112 1288 habendus

97 1321 154 1394 est,
178 1317 257 1394 quod
279 1319 372 1396 vulgo
395 1317 455 1378 riri
478 1313 560 1376 docti
584 1317 758 1376 existimant
781 1309 832 1397 (of.
855 1317 948 1376 Lenel
971 1317 1003 1376 P.
1027 1317 1112 1394 apud

98 1405 207 1467 Gaium
225 1398 314 1487 482),
337 1406 447 1483 quippe
470 1406 554 1464 cuius
579 1408 745 1465 sententiae
768 1424 916 1481 nusquam
938 1406 1114 1484 laudentur,

98 1494 149 1554 sed
174 1493 303 1553 Cassius
334 1515 362 1554 v.
386 1512 477 1570 supra
499 1514 527 1569 p.
554 1496 603 1553 19.

376 1663 426 1728 De
448 1665 623 1729 litterarum
644 1666 835 1748 oblipatioae.

185 1789 238 1853 94.
267 1786 338 1854 Gai.
357 1790 387 1871 3,
408 1788 480 1852 133.
505 1824 547 1834 —-
576 1788 853 1873 Transscripticiis
873 1789 1115 1856 ..nominibus

99 1901 139 1943 an
162 1878 349 1963 obligentur
366 1877 539 1962 peregrini,
561 1877 677 1942 merito
698 1880 927 1962 quaeritur...
943 1875 1067 1943 Sabino
1083 1927 1113 1945 ..

1 2010 3 2014 -
97 1971 130 2032 et
153 1964 266 2032 Cassio
291 1965 395 2031 visum
419 1970 482 2047 est,
506 1966 533 2029 si
555 1988 576 2041 a
598 1988 632 2030 re
656 1967 691 2029 in
713 1989 884 2050 personam
908 1967 966 2031 fiat
989 1988 1115 2032 nomen

97 2055 403 2140 transscripticium,
432 2054 531 2119 etiem
553 2056 743 2138 peregrinos
766 2055 916 2140 obligari,
939 2054 1069 2120 sivero
1093 2078 1116 2121 a

96 2166 236 2228 persona
259 2144 293 2208 in
317 2166 504 2227 personum,
527 2164 592 2206 non
616 2143 762 2228 obligari.

385 2318 435 2384 De
456 2319 615 2384 roborem
637 2319 828 2404 obliqotione.

188 2444 239 2507 95.
267 2443 307 2507 D.
320 2443 373 2523 22,
390 2443 419 2526 1,
432 2443 484 2524 38,
500 2444 528 2506 7.
574 2441 692 2507 Paulus
720 2443 805 2507 libro
834 2448 925 2508 sexto
952 2442 991 2508 ad
1015 2442 1113 2510 Plau-

97 2531 180 2596 tium
208 2528 256 2616 (P.
278 2528 387 2618 1132).
415 2567 457 2577 -
486 2527 521 2594 Si
548 2531 708 2596 actionem
736 2530 873 2596 habeam
903 2532 943 2596 ad
970 2530 1004 2595 id
1035 2554 1112 2598 oon·

98 2618 294 2704 sequendum
324 2618 409 2704 quod
434 2640 541 2684 meum
564 2641 631 2684 non
654 2620 729 2702 fuit,
757 2620 858 2684 veluti
881 2643 919 2684 ex
942 2620 1114 2705 stipulatu,

97 2707 220 2773 fructus
248 2730 313 2774 non
342 2729 533 2792 consequar,
561 2709 690 2773 etiamsi
713 2730 804 2773 more
827 2708 915 2773 fecta
939 2709 995 2792 sit3
1023 2710 1114 2792 quod

99 2797 127 2861 si
150 2801 316 2881 acceptum
340 2800 391 2860 est
414 2796 576 2875 iudicium,
599 2800 676 2861 tunc
699 2795 837 2862 Sabinus
861 2801 894 2862 et
915 2795 1048 2862 Cassius
1073 2819 1113 2863 ex

99 2885 262 2969 aequitate
303 2885 426 2950 fructus
468 2906 594 2968 quoque
634 2890 710 2969 post
747 2890 915 2970 acceptum
956 2885 1112 2952 iudicium

97 2972 309 3058 <perceptos>
333 2974 545 3057 praestandos
568 2978 699 3058 putant,
726 2978 764 3038 ut
786 2996 884 3039 causa
907 2974 1111 3040 restituatur.

187 3061 239 3127 96.
265 3061 305 3126 D.
326 3063 377 3142 12,
395 3063 426 3145 2,
444 3063 497 3143 28,
518 3064 545 3125 1.
590 3060 711 3126 Paulus
738 3062 822 3128 libro
846 3068 959 3128 octavo
984 3062 1113 3129 decimo

98 3149 139 3214 ad
172 3151 311 3215 edictum
345 3147 395 3237 (P.
413 3147 504 3236 281).
536 3186 578 3196 -
612 3150 704 3225 Quod
736 3173 810 3215 reus
844 3151 978 3236 iuravit,
1011 3152 1111 3216 etiarn

100 3238 280 3305 fideiussori
301 3239 438 3322 proficit.
480 3261 499 3303 a
517 3239 702 3303 fideiussore
722 3243 869 3304 exactum
888 3239 1110 3304 iusiurandum

98 3329 251 3412 prodesse
283 3327 381 3392 etiam
412 3349 466 3392 reo
495 3326 627 3392 Oessius
658 3332 690 3391 et
716 3327 860 3392 Iulianus
892 3329 984 3394 aiunt
1019 3328 1108 3412 [narn

98 3417 173 3500 quia
199 3417 234 3480 in
261 3416 368 3481 locum
392 3415 563 3480 solutionis
587 3415 742 3499 succedit,
769 3415 822 3480 bic
845 3438 971 3500 quoque
996 3417 1110 3482 eodem

98 3505 167 3571 loco
195 3504 379 3570 babendum
407 3507 485 3589 est],
518 3504 546 3567 si
578 3505 672 3570 modo
700 3504 772 3568 ideo
800 3505 1030 3588 interpositum
1060 3509 1110 3571 est
