2430 3944
433 166 458 216 5.
482 159 620 215 SEXTUS
638 159 769 216 Paulus
1067 163 1110 228 89

487 348 531 402 De
548 348 717 402 eatisdoudo.

54 438 63 474 ³
189 455 235 520 20.
258 455 296 520 o.
312 457 343 538 a,
358 457 388 538 a,
403 458 479 541 apr.
525 456 645 520 caurus
669 457 753 520 asro
778 458 1043 540 quartodecimo
1070 460 1111 523 aa

130 545 235 610 adetum
260 542 312 628 (P.
329 543 421 630 259).
444 581 487 592 -
511 544 560 608 De
588 545 638 608 die
666 546 814 628 ponenda
841 546 875 609 in
900 547 1110 630 stipulatione

129 635 185 699 solet
209 634 294 698 inter
326 635 512 718 litigatores
545 634 723 698 convenire.
776 635 803 698 si
835 655 900 698 non
929 636 1109 720 conveniat,

187 931 320 990 Huschke
337 932 374 992 Z.
397 933 423 991 d.
437 929 561 991 Soo.·Sl.
577 931 641 1008 IX,
659 933 731 992 342.
763 932 854 990 uerba
876 925 1042 991 ‘moderato
1058 981 1065 993 .
1081 976 1109 992 ..

59 1014 61 1024 '
125 1014 299 1167 altpntplendum'
322 1038 413 1094 aeque
434 1021 518 1080 Pedii
538 1038 629 1094 aeque
645 1020 734 1080 Pauli
757 1039 817 1079 esse
839 1021 933 1080 eldat
949 1024 1014 1080 iure
1030 1025 1112 1081 eolat

469 1207 513 1261 De
531 1208 592 1261 iure
609 1208 738 1262 iurando.

54 1387 55 1395 ,
187 1318 236 1381 21.
264 1314 302 1381 Ι).
325 1317 376 1400 12,
396 1317 424 1398 2,
445 1315 544 1399 30pr.
589 1315 710 1380 Paulus
738 1315 822 1380 libro
847 1317 1110 1383 octavodecimo

125 1402 151 1466 ad
165 1405 296 1470 edictum
317 1404 367 1491 (P.
381 1403 471 1490 282).
487 1441 529 1450 -
543 1403 638 1485 Eum,
657 1405 712 1488 qui
731 1404 852 1468 iuravit
870 1427 908 1468 ex
928 1427 966 1469 ea
985 1407 1112 1471 actione

124 1511 182 1574 quae
203 1493 371 1557 infitiando
396 1495 512 1557 crescit
535 1493 658 1576 aliquid
680 1493 741 1557 sibi
761 1494 881 1576 deberi,
904 1494 1022 1578 simpli,
1045 1516 1113 1559 non

123 1577 188 1663 dupli
210 1581 466 1665 persecutionem
492 1582 554 1646 sibi
578 1582 746 1665 adquirere
766 1581 881 1646 Pedius
902 1583 961 1666 ait,
985 1584 1111 1647 abunde

121 1669 184 1732 enim
197 1670 342 1734 sufficere
358 1692 531 1735 exonerare
546 1671 719 1753 petitorem
734 1671 893 1755 probandi
907 1672 1112 1756 necessitate,

120 1776 173 1821 eum
187 1758 307 1823 omissa
322 1759 383 1823 hac
397 1763 491 1843 parte
505 1759 604 1823 edicti
618 1759 709 1843 dupli
724 1761 808 1824 actio
823 1758 951 1843 integra
971 1765 1112 1824 maneat.

118 1848 142 1907 et
164 1851 268 1930 potest
302 1847 366 1912 dici
397 1847 460 1913 hoc
491 1848 611 1912 iudicio
643 1870 707 1912 non
739 1848 952 1932 principalem
981 1871 1111 1913 causam

117 1936 251 2014 exerceri,
276 1936 332 2000 sed
355 1936 579 2001 iusiurandum
603 1938 721 2000 actoris
746 1937 939 2001 conservari.

447 2128 495 2182 Aa
514 2130 595 2197 lepem
613 2130 764 2197 Aquiliam.

186 2238 238 2300 22.
263 2237 302 2301 D.
318 2237 348 2318 9,
363 2238 392 2321 2,
407 2238 449 2303 33
459 2260 505 2320 pr.
542 2237 663 2302 Paulus
687 2238 771 2302 libro
796 2237 934 2301 secundo
959 2238 999 2300 ad
1018 2235 1112 2300 Plau·

107 2329 178 2388 tium
202 2322 251 2412 (P.
274 2322 384 2413 1084).
409 2363 451 2373 —
476 2325 643 2390 Sextus..
664 2327 781 2390 Pedius
808 2327 854 2389 ait
877 2327 982 2410 pretia
1005 2347 1112 2389 rerum

104 2434 163 2477 non
191 2436 228 2478 ex
257 2416 426 2479 affectione
453 2436 512 2479 nec
536 2415 677 2479 utilitate
701 2415 919 2500 singulorum,
948 2414 1002 2478 sed
1026 2435 1111 2478 com·

102 2504 237 2566 muniter
273 2503 383 2589 fungi3
423 2504 531 2586 itaque
569 2525 660 2586 eum,
700 2504 755 2586 qui
791 2505 893 2567 filium
929 2503 1112 2566 naturalem

99 2591 254 2673 possidet,
281 2613 347 2654 non
376 2614 412 2656 eo
441 2591 686 2674 locupletiorem
715 2614 797 2675 esse,
826 2592 911 2675 quod
940 2612 1013 2655 eum
1040 2592 1112 2674 plu-

98 2679 188 2762 rimo,
212 2681 238 2743 si
263 2681 346 2744 alius
370 2681 561 2764 possideret,
587 2680 811 2763 redempturus
835 2681 905 2763 fuit,
928 2702 987 2744 nee
1010 2681 1111 2763 illum,

97 2768 151 2851 qui
178 2768 282 2831 filium
312 2769 453 2832 alienum
480 2768 659 2852 possideat,
686 2773 813 2834 tantum
836 2769 969 2852 habere,
998 2770 1112 2852 quanti

96 2878 169 2920 eum
193 2857 280 2941 patri
303 2858 440 2922 vendere
463 2862 582 2940 posset.

428 3049 472 3102 De
485 3050 608 3118 pecunia
625 3051 781 3104 constituta.

187 3157 239 3221 23.
262 3156 301 3220 D.
320 3159 367 3237 13,
383 3159 412 3238 5,
428 3159 457 3237 3,
472 3159 502 3222 2.
546 3157 707 3242 Ulpianus
730 3157 815 3223 libro
838 3159 1015 3223 vicensimo
1040 3180 1111 3241 sep·

93 3247 177 3310 timo
202 3245 240 3308 ad
265 3246 403 3310 edictum
427 3244 477 3331 (P.
495 3247 594 3330 788⁰).
617 3283 655 3293 -
678 3246 713 3310 Si
736 3247 774 3328 is,
797 3248 853 3330 qui
876 3252 908 3310 et
931 3249 998 3311 iure
1023 3247 1110 3311 civili

94 3338 130 3398 et
156 3335 320 3416 praetorio
348 3335 500 3419 debebat,
527 3338 560 3398 in
586 3335 668 3399 diem
693 3335 742 3406 sir,
759 3336 938 3420 obligatus,
970 3358 1009 3399 an
1035 3357 1109 3398 con-

94 3423 260 3487 stituendo
279 3424 450 3487 teneatur?
488 3428 521 3487 et
540 3423 647 3488 Labeo
667 3424 715 3488 ait
733 3427 836 3487 teneri
859 3424 1110 3505 [constitutum],

95 3533 195 3595 quam
218 3513 412 3576 sententiam
437 3518 470 3575 et
493 3511 611 3576 Pedius
634 3513 761 3596 probat.
