2430 3944
355 182 379 231 6.
403 174 614 232 IAVOLENUS
632 176 780 233 Priscus
1006 177 1072 242 403

56 346 230 406 ...eodem
251 364 376 405 numero
400 347 446 404 est
468 345 604 422 pecunia,
628 364 719 422 quam
742 346 808 422 quis
831 346 863 405 in
882 348 937 407 hoe
956 347 1071 422 accipit,

55 437 92 495 ut
115 435 165 496 vel
187 434 277 493 adeat
299 434 499 493 hereditatem
520 436 569 494 vel
591 453 651 494 non
674 433 763 494 adeat
777 480 784 494 .
800 480 829 494 ..

431 571 481 636 De
498 574 582 636 stuta
600 571 700 635 labere.

148 678 192 744 3?
220 677 259 745 D.
274 677 326 760 35,
342 678 371 762 1,
387 679 459 762 112,
478 680 507 744 3.
553 676 643 742 Idem
671 674 727 762 (se.
751 676 965 764 Pomponius)
987 678 1071 744 libro

57 767 248 833 duodeeimo
276 766 511 852 Epistularum.
541 802 579 813 —-
610 765 738 831 Priseus
771 767 939 849 respondit
970 769 1071 832 statu·

55 856 197 923 liberum
220 878 285 921 non
309 855 422 941 utique
445 855 492 920 ibi
515 855 570 919 ubi
589 859 682 939 pater
699 855 841 920 familias
860 855 998 920 decessit
1016 860 1073 921 aut

55 945 114 1011 ubi
144 945 214 1029 ipse
247 945 379 1009 relictus
410 945 453 1009 ait
480 947 538 1009 aut
563 944 620 1009 ubi
648 943 738 1028 velit,
770 944 911 1009 rationes
939 944 1072 1009 reddere

56 1034 174 1099 debere
211 1033 281 1116 [sed
313 1033 441 1098 interim
476 1033 637 1116 proficisci
670 1033 710 1097 ad
738 1055 824 1114 eum,
856 1033 908 1098 oui
941 1033 1072 1097 reddere

56 1123 189 1206 debeat,
211 1122 323 1207 utique
346 1122 375 1187 si
397 1122 426 1186 is
448 1122 497 1185 rei
519 1121 667 1204 publicae
690 1142 788 1186 cauea
811 1121 939 1203 aberit].

149 1217 328 1276 Extremum
346 1234 461 1276 comma
475 1215 650 1274 Triboniani
667 1233 731 1276 esse
745 1215 869 1276 Pernioe
882 1215 948 1276 iure
963 1218 1073 1279 censet.

467 1352 517 1417 De
538 1354 665 1435 nomilia.

147 1468 178 1532 4.
211 1466 249 1532 D.
269 1469 321 1552 23,
342 1468 373 1552 2,
390 1468 443 1533 46.
499 1466 599 1532 Gaius
631 1468 715 1533 libro
749 1471 863 1534 octavo
897 1468 938 1533 ad
969 1469 1073 1554 legem

56 1556 177 1622 Iuliam
207 1561 240 1622 et
261 1556 398 1640 Papiam
422 1553 471 1644 (P.
489 1553 580 1644 456).
607 1594 645 1605 -
671 1555 756 1621 Illud
779 1556 992 1622 dubitationis
1015 1560 1073 1641 est,

57 1667 102 1710 an
125 1650 159 1710 et
181 1646 237 1729 qui
260 1666 464 1711 communem
482 1645 632 1710 libertam
651 1667 784 1710 uxorem
804 1646 932 1711 duxerit
951 1646 992 1711 ad
1011 1646 1073 1711 hoe

55 1735 110 1798 ius
138 1734 330 1799 admittatur
359 1733 416 1818 (se.
435 1732 535 1820 ‘quod
563 1734 655 1817 dicit,
683 1734 786 1800 invito
814 1740 952 1819 patrono
976 1735 1073 1800 liber·

56 1827 136 1908 tam,
160 1844 241 1908 quae
261 1825 291 1888 ei
308 1826 412 1907 nupta
431 1826 489 1907 est,
511 1822 568 1887 alii
586 1823 706 1888 nubere
725 1844 791 1889 non
810 1823 942 1909 posse').
982 1823 1074 1888 Iavo-

57 1912 151 1976 lenus
178 1911 322 1997 negavit,
350 1911 426 1996 quia
453 1933 517 1976 non
545 1913 676 1996 proprie
704 1911 831 1978 videtur
854 1912 923 1977 eius
947 1912 1074 1996 liberta,

60 2021 141 2085 quae
165 2001 264 2064 etiam
287 2001 420 2066 alterius
444 2000 496 2065 sit.

166 2182 220 2243 ΠΙ.
251 2184 300 2241 Ex
324 2183 595 2259 posterioribus
619 2182 797 2243 Labeonis
821 2184 907 2242 libri
930 2184 966 2242 X.

148 2297 259 2375 Unam,
286 2318 346 2358 non
374 2299 448 2358 duas
478 2298 624 2375 epitomas
654 2315 672 2355 a
698 2297 838 2358 Iauoleno
867 2317 902 2358 ex
924 2299 1072 2358 Labeonis

54 2387 144 2446 libris
176 2387 271 2446 laetas
305 2405 370 2446 esse
402 2387 433 2445 in
460 2387 600 2447 Labeone
628 2386 784 2447 tractando
817 2389 941 2463 exposui
973 2382 1069 2468 (II,1

53 2497 84 2553 p.
103 2470 263 2556 164sqq.),
283 2494 373 2552 quam
391 2477 493 2535 decem
511 2475 658 2535 librorum
676 2475 769 2535 fuisse
787 2479 819 2535 et
836 2476 933 2536 indies
950 2476 1073 2535 Floren-

54 2565 123 2624 tino
147 2564 178 2622 id
202 2584 276 2640 opus
299 2565 376 2624 falso
399 2583 459 2625 non
481 2564 633 2643 Iauoleno,
657 2564 710 2623 sed
730 2563 863 2624 Labeoni
885 2564 1071 2624 adscribente

55 2647 249 2735 (Mafiebvog
280 2653 481 2730 posteriorum
512 2652 613 2732 βιβλία
645 2645 741 2733 dtua')
774 2654 906 2713 traditur
935 2657 966 2713 et
991 2654 1072 2730 frag-

54 2743 169 2802 mentis
191 2743 221 2801 in
245 2741 406 2802 Iustiniani
429 2742 561 2818 Digestis
586 2741 713 2802 servatis
736 2743 957 2818 comprobatur.

149 2831 245 2890 Notae
268 2849 287 2890 a
304 2830 444 2892 Iauoleno
468 2831 588 2890 additae
607 2831 783 2906 plerumque
801 2831 889 2890 faeile
906 2848 1072 2908 agnoscun-

55 2923 122 2996 tur,
146 2919 257 2979 adiecit
278 2923 435 2996 praeterea
453 2920 733 2980 iurisconsultorum
751 2921 804 2995 qui
821 2924 890 2995 post
902 2919 1072 2980 Labeonem

55 3009 95 3069 de
132 3007 238 3067 iisdem
273 3009 362 3068 rebus
399 3009 550 3084 dixerunt,
591 3008 767 3068 sententias:
808 3008 933 3068 Masurii
968 3009 1072 3068 Sabini

55 3090 110 3180 (D.
128 3099 178 3172 19,
194 3100 222 3175 2,
237 3089 303 3176 55),
326 3097 445 3157 Proouli
470 3091 520 3179 (D.
537 3100 587 3172 24,
604 3101 632 3173 1,
648 3099 698 3158 64.
723 3099 774 3172 26,
790 3100 819 3174 2,
834 3100 886 3159 33.
909 3101 960 3173 29,
976 3100 1004 3176 2,
1019 3100 1070 3157 62.

54 3189 111 3262 32,
133 3188 205 3262 100,
224 3189 253 3245 2.
282 3189 332 3261 36,
351 3187 381 3263 4,
403 3177 473 3268 14),
506 3185 600 3245 Caelii
628 3186 731 3245 Sabini
758 3178 809 3268 (D.
825 3188 876 3263 24,
892 3188 921 3265 1,
936 3189 990 3261 64,
1018 3185 1072 3245 ubi

53 3293 198 3353 perverse
230 3267 401 3334 ‘Caecilius’
439 3267 599 3356 traditur),
635 3294 703 3335 oum
737 3277 901 3336 sententias
931 3275 1071 3334 eolleetas

55 3368 89 3425 et
114 3363 300 3424 examinaret
323 3367 353 3423 et
374 3363 634 3439 interpretaretur.

148 3452 248 3530 Atque
285 3452 432 3512 Labeonis
475 3453 640 3512 sententias
681 3471 768 3527 saepe
807 3453 895 3527 plane
930 3451 1072 3527 probavit

54 3533 110 3624 (1).
127 3542 177 3618 35,
194 3545 221 3616 r,
238 3543 287 3602 39.
332 3541 566 3619 D.32,100,1.
609 3542 843 3620 neaera.
887 3533 1091 3614 erbas,

814 3638 872 3692 26*
