2430 3944
216 217 220 222 .
339 177 365 225 ι.
384 170 574 227 conserus
594 170 779 227 consinus
1027 174 1069 238 ‘25

339 343 390 409 De
411 343 572 409 verborum
595 344 786 427 obligatione.

150 469 197 533 14.
227 467 269 533 Ι).
289 466 344 552 45,
363 469 393 550 3,
412 468 515 552 28,4.
566 466 667 532 Gaius
696 467 824 532 librot
809 471 876 533 er
876 491 908 532 10
862 469 975 534 tde
1004 493 1075 536 ver-

85 556 176 622 borum
195 517 465 642 obligationibus
475 552 526 644 (P.
541 556 581 621 51
566 554 690 643 1.-6)
652 555 796 621 -Illud
816 558 998 640 quaesitum
1017 565 1075 645 est,

85 669 115 711 ιι
128 645 232 711 heredi
251 646 302 710 fut
288 648 363 710 turo
383 667 494 710 servus
508 644 724 710 hereditarius
739 645 891 730 stipulari
904 649 1075 731 possit.

10 775 14 802 ι
87 733 192 802 dassius
220 733 391 820 respondit
417 755 527 818 posse,
555 734 631 818 quia
658 735 713 818 qui
740 739 853 817 postea
880 735 973 800 heres
997 739 1075 803 exti-

10 885 13 897 ,
87 825 153 910 terit,
167 824 329 888 videretur
349 845 388 887 ex
407 828 492 887 mort
493 823 522 886 is
540 827 687 906 tempore
706 822 857 888 defuncto
822 826 1076 892 tosuccessisse.

10 959 13 968 ·
156 913 203 978 15
240 912 279 977 D.
301 912 402 996 16,1,
427 912 476 988 16,
498 912 526 976 1.
579 911 669 975 Idem
708 907 766 996 (sc.
792 910 955 1001 Iulianus)
991 915 1075 980 libro

10 1067 11 1072 ,
87 1005 179 1085 quarto
211 1001 252 1065 ad
279 998 434 1065 Urseium
462 999 616 1064 Ferocem
646 998 696 1087 (P.
716 998 874 1087 9245-
906 999 941 1066 Si
969 1003 1010 1067 ab
1038 1025 1076 1069 ea

87 1022 302 1174 55155550555
317 1093 432 1154 contra
446 1093 577 1154 senatus
594 1089 722 1154 consult
709 1093 778 1153 tum
790 1088 848 1177 (55.
856 1089 1076 1179 Velle1anum)

87 1177 310 1262 intercessisset,
338 1178 561 1242 fideiussorem
585 1178 794 1261 accepissem,
819 1177 919 1260 Gaius
944 1178 1075 1245 Cassius

87 1267 229 1352 respondit
251 1267 300 1333 ita
323 1266 451 1331 domum
474 1266 657 1332 fideiussori
682 1268 905 1351 exceptionem
927 1270 1076 1354 dandam,

86 1355 104 1418 si
120 1377 136 1420 a
153 1356 284 1421 muliere
307 1360 442 1441 rogatus
465 1354 702 1421 fideiussissec.

287 1533 336 1598 Dc
357 1535 548 1616 adquirendo
570 1554 677 1598 rerum
699 1534 846 1598 dominic.

151 1660 198 1724 16
220 1657 343 1744 Hygia.
357 1658 396 1722 de
411 1679 484 1743 gen.
498 1661 575 1724 cont
576 1680 645 1724 ror.
659 1681 689 1742 p.
706 1658 771 1722 124
786 1655 849 1745 (ed.
863 1655 1072 1745 Lachm).-

86 1741 154 1811 65505
174 1746 320 1812 Padum
335 1768 430 1811 ,cum
454 1751 614 1832 ageretur,
637 1749 721 1831 quod
745 1747 904 1812 flument
890 1752 1017 1812 torrens
1042 1754 1075 1812 55

85 1833 274 1919 aliquandot
276 1858 328 1902 am
357 1835 537 1901 violentum
566 1836 721 1919 decurrit,
749 1841 786 1902 ut
813 1836 942 1902 alveum
971 1838 1076 1901 mutet

84 1926 108 1986 55
130 1925 300 1990 multorum
329 1925 393 1989 late
423 1945 520 2008 agros
547 1928 640 1989 trans
668 1925 788 2008 ripam,
822 1926 932 1990 ut'ta
884 1947 932 1989 ι5
960 1925 1074 2006 dicam,

82 2013 246 2093 transferat,
275 2035 372 2096 saepo
397 2014 496 2078 etiam
520 2013 646 2078 insulas
670 2014 806 2094 55550555,
833 2012 965 2078 Cassius
989 2011 1075 2077 Lon-

80 2099 155 2182 ginus
172 2150 181 2167 .
196 2152 203 2167 .
219 2153 226 2167 .
245 2102 308 2168 hoc
336 2103 467 2186 statuit,
494 2106 532 2167 ut
559 2102 714 2187 quidquid
743 2124 829 2186 aqua
855 2102 1074 2167 lambiscendo

78 2188 239 2276 abstulerit,
256 2190 290 2254 id
308 2213 478 2274 possessor
497 2192 639 2274 amittat,
657 2191 812 2276 quoniam
831 2190 955 2255 scilicet
969 2191 1075 2273 ripam

75 2297 148 2342 suam
172 2281 242 2344 sine
266 2281 399 2345 alterius
424 2281 543 2345 damno
568 2281 652 2345 tueri
677 2280 786 2365 (55555,
810 2282 838 2344 55
857 2300 933 2343 vero
953 2279 1075 2343 maiore

72 2365 96 2429 ri
119 2367 288 2433 decurrens
313 2368 439 2433 alveum
462 2373 637 2452 mutasset,
664 2391 758 2433 suum
783 2368 918 2453 quisque
943 2367 1074 2432 modum

71 2461 261 2541 agnosceret,
290 2459 445 2541 quoniam
472 2480 539 2522 non
562 2461 762 2541 possessoris
785 2458 963 2610 neglegent
949 2458 995 2520 tia
1019 2458 1075 2521 sed

68 2546 260 2630 tempestatis
292 2545 450 2611 violentia
483 2547 656 2631 abreptum
684 2552 834 2632 appare,
867 2548 895 2610 55
922 2567 998 2611 vero
1027 2546 1075 2610 5ιι-

66 2633 160 2699 5515ιιι
185 2634 326 2716 fecisset,
303 2636 482 2700 tacuius
507 2657 587 2720 agro
611 2635 751 2720 fecisset,
728 2635 801 2700 tis
821 2634 1017 2719 possideret,
1041 2637 1075 2737 at

65 2722 88 2785 si
106 2745 141 2786 ex
165 2724 345 2807 communi,
370 2724 505 2808 quisque
530 2747 623 2789 suum
647 2724 813 2809 reciperet.

140 2843 178 2902 55.
212 2843 351 2902 Frontini
382 2844 434 2903 lib.
464 2845 480 2903 I
517 2865 585 2904 cum
621 2847 791 2905 commento
824 2865 853 2920 p.
881 2846 920 2903 16
959 2844 991 2902 in
1024 2863 1073 2903 ιιι

60 2923 312 2992 ...lambicndo
332 2978 397 3010 ...,
426 2934 498 3009 quia
524 2952 584 2993 non
661 2927 731 2992 'ct
759 2953 795 2992 ex
818 2932 1074 2992 demonstratione

59 3021 127 3080 artis
150 3022 355 3096 geometricae
379 3025 521 3098 excerpta
543 3023 614 3082 ibid.
638 3043 666 3098 p.
683 3025 760 3082 399:
791 3016 814 3082 ³.
829 3069 835 3080 .
852 3020 973 3080 Cassius
996 3020 1074 3080 Lon-

55 3109 139 3184 ginus
160 3109 289 3169 ..hoc
317 3110 439 3188 statuit,
471 3115 508 3170 ut
535 3111 677 3189 quioquid
705 3130 785 3188 aqua
807 3109 977 3169 lambiendo
1006 3110 1075 3168 abs·

55 3199 169 3275 tulerit,
198 3216 355 3274 possessor
382 3201 518 3274 amittat,
546 3201 689 3278 quoniam
718 3199 833 3259 scilicet
863 3198 961 3274 ripam
990 3216 1075 3258 suam

54 3286 114 3345 sinc
143 3287 273 3346 alterius
302 3287 410 3348 damno
438 3289 520 3347 tucri
547 3289 644 3348 debet.
677 3288 797 3348 sivero
825 3287 922 3346 maior
949 3287 996 3347 vis
1025 3285 1075 3343 de·

53 3375 194 3453 currerit,
223 3380 254 3435 ct
277 3377 308 3434 in
331 3377 405 3437 fines
429 3377 557 3437 alterius
580 3378 700 3438 alveum
724 3380 824 3436 mutat
848 3396 945 3453 suum,
969 3380 1000 3433 et
1022 3375 1075 3431 fiat

121 3554 135 3599 1
162 3546 211 3600 Fl.
230 3548 346 3617 rogatus
363 3546 471 3601 fuisset.
