2430 3944
342 210 367 257 4.
387 203 416 259 O.
432 203 577 259 csssIUs
596 202 781 258 LONGINUS
1027 207 1070 271 33

66 370 289 431 commendatur.
332 375 412 431 certe
431 371 567 433 Iavoleni
588 371 666 430 liber
686 372 822 449 ultimus,
847 391 905 450 quo
925 373 961 432 de
980 375 1071 434 furtis
1146 374 1148 378 ’

68 463 94 518 91
115 459 148 518 ds
172 460 323 520 bonorum
350 461 521 521 venditione
550 460 683 536 disserit,
718 479 786 520 cum
814 460 847 530 Q.
876 462 967 522 Mucii
993 463 1070 524 iuris

67 548 150 608 civilis
179 549 268 609 libris
302 550 441 608 extremis
469 549 541 608 XVI
569 552 600 608 et
626 549 743 626 XVIII,
776 550 884 626 quibus
912 569 1005 627 aeque
1034 553 1071 611 de

68 637 143 696 furtis
170 641 201 696 et
232 639 268 698 da
297 638 500 714 publicatione
527 637 674 697 bonorum
703 638 817 697 dictum
843 655 907 697 esse
930 640 978 698 vel
1002 659 1070 700 con·

66 728 118 784 etat
142 727 190 786 vel
217 727 374 802 probabile
406 729 453 786 est
479 719 510 808 (1
536 746 564 802 p.
588 730 628 786 97
658 730 689 787 61
715 747 744 803 p.
766 719 857 806 100),
884 727 974 802 plane
1002 748 1070 788 con·

67 813 166 874 cordat.
207 815 288 891 quod
311 815 388 876 libro
410 815 596 891 paenultimo
619 815 778 875 Iavolenus
802 815 838 874 de
861 816 929 891 lege
948 815 1071 892 Aquilia

66 906 93 962 et
116 903 150 962 de
177 904 322 980 pauperie
350 904 426 964 dixit
451 899 500 984 (D.
518 907 546 979 9,
562 907 591 980 2,
607 899 675 984 37),
705 907 807 979 aperte
831 904 869 963 ad
892 903 1069 966 delictorum

64 995 146 1067 ceput
179 993 313 1068 pertinet
349 992 419 1051 libri
455 992 556 1051 ultimi
592 993 691 1068 priore
728 996 815 1069 parte
851 993 1070 1054 continuatum.

65 1098 151 1157 neque
176 1101 246 1140 cum
267 1081 391 1140 Lenelio
414 1081 505 1140 huius
528 1081 599 1140 libri
621 1081 792 1157 fragmenta
815 1082 843 1141 ei
866 1083 959 1157 capiti
983 1085 1071 1142 attri-

64 1167 145 1234 buere
170 1170 256 1246 licet,
286 1188 346 1246 quo
375 1171 411 1228 de
439 1170 557 1247 legibus
581 1169 690 1228 aetatis
713 1171 829 1230 ratione
852 1172 957 1230 habita
981 1173 1070 1231 collo·

63 1257 131 1317 catis
157 1258 323 1318 disseritur.
370 1258 449 1333 quod
476 1258 635 1319 Iavolenus
662 1260 799 1318 morbum
828 1261 976 1319 sonticum
1000 1280 1070 1320 eum

63 1364 120 1405 esse
146 1346 202 1423 ait,
236 1341 304 1424 ‘qui
328 1347 435 1422 cuique
462 1348 507 1406 rei
539 1340 638 1407 nocet'
671 1338 722 1427 (D.
742 1350 793 1425 50,
814 1351 863 1421 16,
890 1339 982 1429 113),
1010 1369 1071 1409 non

61 1437 118 1493 tam
139 1436 176 1494 ad
198 1437 298 1514 legem
320 1435 379 1494 XII
401 1436 576 1495 tabularum
597 1435 748 1513 pertinere
770 1437 954 1512 putaverim,
979 1458 1070 1514 quam

60 1522 96 1580 ad
131 1524 162 1582 in
200 1526 249 1583 ius
289 1525 487 1584 vocationem.
550 1525 668 1601 reliqua
709 1525 843 1584 eiusdem
879 1526 950 1584 libri
987 1527 1069 1605 frag·

63 1615 164 1688 menta,
187 1632 264 1689 quae
287 1613 381 1672 Lenel
404 1607 453 1672 ‘de
476 1614 544 1691 lege
567 1606 714 1672 Falcidia'
738 1618 769 1672 61
792 1607 840 1672 ‘de
864 1614 931 1689 lege
956 1610 1069 1674 Cincia'

61 1699 213 1778 inscripsit,
235 1702 339 1778 potius
362 1702 400 1761 ad
423 1702 454 1760 id
478 1704 570 1777 caput
587 1721 646 1777 quo
666 1702 702 1761 de
720 1703 788 1778 plus
806 1703 936 1779 petendo
956 1704 1068 1780 agitur,

62 1789 206 1850 referenda
233 1794 321 1867 puto,
354 1791 390 1849 de
423 1810 482 1866 quo
511 1791 559 1851 vel
582 1789 676 1850 Gaius
705 1793 735 1868 4,
760 1793 801 1850 53
815 1809 878 1867 sqq.
906 1791 1070 1870 diligenter

63 1876 137 1937 dixit.
188 1883 259 1956 post
290 1879 452 1938 interdicta
484 1880 644 1940 Iavolenus
677 1880 712 1937 de
746 1880 914 1939 actionibus
947 1882 1070 1940 videtur

61 1963 170 2026 dirisse.

142 2055 194 2115 His
228 2057 323 2134 igitur
354 2057 417 2115 fere
455 2057 581 2116 rubricis
619 2056 754 2116 Iavolsni
786 2057 934 2116 librorum
968 2059 1068 2133 capita

60 2141 195 2220 insIgm're
220 2147 312 2205 malo:

140 2233 267 2293 111611
357 2234 402 2292 De
425 2233 622 2294 testamentis

141 2321 229 2381 Liber
252 2322 284 2381 H
361 2323 406 2382 119
428 2322 546 2400 legatis.

140 2410 230 2470 Liber
254 2411 302 2469 III
363 2412 407 2470 De
429 2412 574 2471 bonorum
599 2411 785 2486 possessione
809 2413 914 2470 contra
937 2413 1067 2472 tabulas.

140 2499 230 2558 Liber
252 2499 297 2558 IV
362 2501 405 2558 De
430 2501 559 2560 dotibus.

142 2588 232 2647 Liber
254 2588 283 2646 V
362 2588 408 2647 De
430 2589 544 2647 tutelis.

139 2677 229 2735 Liber
250 2675 296 2736 VI
360 2678 405 2736 De
428 2677 475 2736 his
499 2677 552 2753 qui
574 2677 664 2736 alieni
686 2677 760 2735 iuris
785 2679 864 2735 sunt.

139 2765 229 2824 Liber
253 2764 312 2824 VH
362 2765 406 2823 De
433 2766 564 2841 mancipi
586 2785 686 2824 rerum
710 2765 860 2841 emptione
884 2765 1065 2826 venditione.

362 2854 406 2912 116
429 2855 616 2930 possessione
640 2857 671 2912 et
693 2855 885 2931 usucapione.

138 2942 230 3001 11161
252 2941 327 3001 VIII
359 2943 405 3001 De
423 2943 553 3018 mancipi
570 2962 672 3002 rerum
690 2943 839 3001 locatione
857 2943 1066 3003 conductione.

138 3030 230 3089 Liber
252 3032 296 3090 IX
362 3031 407 3090 De
431 3050 581 3107 sponsore.

137 3119 231 3177 Liber
251 3120 279 3177 X
359 3120 404 3178 De
428 3121 632 3180 servitutibus.
675 3119 721 3176 De
744 3120 817 3178 locis
840 3119 980 3194 publicis.

137 3207 231 3266 Liber
251 3208 296 3267 XI
363 3208 407 3267 116
430 3227 483 3268 neo
506 3209 635 3284 mancipi
656 3209 745 3266 rebus
770 3207 971 3284 adquirendis.

138 3296 232 3355 Liber
253 3297 312 3355 XII
360 3297 404 3357 De
427 3297 544 3373 peculio
568 3301 599 3356 91
622 3298 658 3356 de
680 3297 712 3354 in
735 3315 799 3354 rem
822 3315 916 3355 verso.

137 3385 229 3445 Liber
251 3386 326 3445 XIII
358 3388 402 3445 De
426 3387 602 3446 interdictis.

136 3475 230 3534 Liber
251 3475 323 3534 XIV
356 3475 401 3534 De
424 3476 600 3535 actionibus.
647 3474 692 3532 De
715 3475 782 3550 lege
806 3473 937 3550 Aquilia.

137 3564 230 3623 Liber
252 3565 308 3622 XV
358 3564 402 3622 116
426 3565 523 3624 furtis.
569 3565 614 3623 116
637 3564 782 3622 bonorum
805 3562 988 3621 venditione.

101 3671 200 3721 Iurlspr.
214 3673 331 3712 antehadt.
345 3673 393 3712 rell.
409 3674 442 3712 ed.
457 3673 555 3714 Bronten.
579 3674 611 3728 H,
627 3676 645 3716 2.
840 3668 855 3718 3
