2430 3944
152 170 217 233 278
254 169 288 224 V.
306 168 456 224 NERVAE
475 168 524 223 ΕΤ
543 167 696 222 ΤΙΙΑΙΑΝΙ
714 166 823 222 ΤΕΜΡ.
841 165 937 222 IURIS
957 163 1137 222 CONSULTI

155 332 241 417 apud
271 336 473 417 sequestrum
501 331 672 415 deponitur
698 352 759 395 res
809 351 884 394 nem
913 330 942 394 si
969 332 1050 393 omit
1026 329 1170 394 'ttendae

153 420 368 506 possessionis
405 418 530 504 causal,
567 419 607 484 ad
639 418 869 522 usucapionem
900 418 1064 502 possessio
1099 418 1169 482 eius

153 509 300 595 partibus
333 531 397 574 non
429 508 631 610 procederem
663 513 699 573 at
731 508 759 572 si
791 508 958 572 custodiae
988 528 1087 571 causa
1115 506 1170 570 de-

152 602 254 683 ponat
255 620 307 681 ur,
340 597 379 662 ad
411 596 642 680 usucapionem
675 619 746 661 eam
779 596 1018 680 possessionem
1051 595 1171 660 victori

151 687 323 771 procedere
346 690 483 752 constat.

244 793 307 858 12?
327 793 366 858 D.
378 794 428 876 16,
430 789 470 879 3
482 793 533 857 10.
568 791 713 857 Iulianus
727 791 811 857 libro
827 791 965 856 seeundo
981 812 1020 855 ex
1034 789 1169 856 Minicio

153 880 201 967 (Ρ
217 878 367 969 853).-
388 880 442 968 (D
458 843 510 965 16,
524 881 554 965 3,
569 881 588 945 9
613 880 732 945 Paulus
754 880 775 944 l.
789 879 888 946 XVII
911 880 950 945 ed
970 878 1017 944 ed.
1053 878 1093 944 In
1114 879 1167 943 de·

150 971 250 1054 positi
284 972 410 1036 actione
443 971 471 1035 si
504 992 543 1034 ex
573 968 662 1036 facto
696 969 839 1034 defuncti
814 973 984 1054 tegatur
1012 967 1168 1033 adversus

150 1081 249 1124 unum
282 1083 320 1125 ex
351 1059 497 1144 pluribus
530 1057 717 1140 heredibus,
753 1079 813 1142 pro
846 1062 939 1142 parte
970 1056 1169 1122 hereditaria

151 1169 247 1233 agere
275 1148 390 1233 debeo;
422 1148 449 1212 si
479 1168 554 1212 vero
582 1170 621 1211 ex
649 1169 707 1212 suo
736 1146 866 1230 delicto,
895 1168 954 1231 pro
981 1151 1074 1230 parte
1102 1167 1169 1210 non

151 1257 213 1322 ago
238 1235 298 1322 ...)
336 1258 396 1301 nec
415 1236 566 1301 adversus
586 1235 758 1302 coheredes
777 1235 855 1319 eius,
879 1235 933 1320 qui
952 1234 1027 1300 dolo
1047 1239 1168 1316 carent,

151 1324 291 1410 depositi
315 1326 399 1390 aetio
424 1325 588 1411 competit

243 1432 305 1497 13⁸.
329 1430 367 1495 D.
380 1433 430 1510 14,
440 1432 471 1514 2,
481 1433 511 1496 8.
542 1430 688 1495 Iulianus
711 1431 795 1494 libro
816 1429 954 1494 secundo
974 1451 1013 1493 ex
1032 1427 1167 1494 Minicio

150 1517 198 1605 (P.
218 1516 323 1605 85712).
350 1555 395 1566 —
423 1518 485 1595 Qui
516 1519 671 1585 levandae
702 1520 795 1584 navis
825 1517 932 1603 gratia
958 1539 1011 1582 res
1039 1518 1167 1602 aliquas

151 1608 326 1691 proiciunt,
352 1630 419 1673 non
445 1607 529 1673 hano
553 1611 694 1672 mentem
716 1604 862 1689 habere²,
893 1611 929 1672 ut
952 1628 1005 1672 eas
1029 1629 1090 1691 pro
1114 1607 1168 1671 de-

149 1696 262 1761 relicto
286 1696 437 1782 habeant,
460 1699 579 1780 quippe
603 1697 630 1760 si
650 1696 831 1761 invenerint
850 1718 914 1779 eas,
938 1696 1105 1761 ablaturos
1126 1701 1168 1781 et,

152 1784 181 1848 si
207 1784 363 1869 suspicati
385 1785 520 1870 fuerint,
547 1785 580 1849 in
605 1807 699 1869 quem
721 1786 829 1850 locum
853 1785 973 1850 eiectae
997 1788 1086 1866 sunt,
1116 1806 1166 1848 re-

150 1873 336 1956 quisituros,
350 1878 387 1938 ut
399 1875 532 1957 perinde
547 1874 613 1938 sint
623 1870 729 1960 (sicr),
743 1895 780 1938 ee
795 1875 822 1937 si
837 1874 909 1958 quis
925 1895 1020 1937 onere
1033 1894 1166 1956 pressus

149 1962 184 2025 in
212 1962 297 2026 viam
325 1984 393 2027 rem
422 1963 576 2027 abiecerit
603 1984 679 2027 mox
707 1984 780 2027 oum
803 1961 877 2026 aliis
901 1983 1103 2040 reversurus,
1130 1966 1168 2026 ut

151 2051 285 2115 eandem
308 2052 457 2116 auferret.

242 2153 307 2222 13¹³.
331 2157 369 2221 D.
383 2158 437 2238 41,
452 2159 482 2239 Ι,
497 2158 525 2222 7.
557 2155 647 2221 Idem
666 2153 724 2242 (sc.
737 2153 899 2242 Iulianus)
922 2155 1004 2220 libro
1025 2156 1167 2221 secundo

149 2267 188 2309 ex
211 2243 343 2310 Minicio
367 2245 416 2332 (P.
431 2243 534 2331 857⁰).
559 2282 597 2292 -
624 2244 659 2310 si
687 2245 758 2331 quis
784 2266 906 2309 merces
931 2266 970 2308 ex
992 2266 1076 2310 nave
1101 2246 1166 2309 iac-

149 2337 234 2398 tatas
257 2334 443 2419 invenisset,
465 2356 543 2399 num
567 2334 639 2399 ideo
663 2355 838 2418 usucapere
860 2355 927 2398 non
949 2331 1063 2417 possit,
1088 2334 1164 2418 quia

149 2443 215 2485 non
243 2422 426 2486 viderentur
459 2423 644 2504 derelictae,
677 2423 848 2508 quaeritur.
899 2428 951 2486 sed
984 2427 1085 2487 verius
1121 2430 1168 2487 est

150 2533 219 2573 eum
241 2535 295 2591 pro
320 2515 463 2576 derelicto
486 2534 652 2593 usucapere
674 2535 734 2576 non
756 2534 853 2592 posse.

521 2703 572 2770 De
593 2705 795 2770 servitutibus.

243 2828 304 2894 14?
328 2828 367 2892 D.
377 2828 407 2912 8,
418 2829 448 2912 2,
458 2829 510 2894 22.
547 2828 692 2893 Iulianus
711 2828 796 2894 libro
816 2829 955 2894 secundo
975 2850 1014 2892 ex
1031 2827 1166 2894 Minicio

152 2913 200 3003 (P.
221 2915 310 3001 850).
336 2954 373 2963 —
400 2915 462 2993 Qui
490 2917 671 2981 aedificium
698 2917 811 2999 habet,
838 2920 948 3001 potest
975 2918 1167 2983 servitutem

149 3005 256 3070 vicino
278 3006 452 3090 imponere,
477 3010 514 3070 ut
533 3027 600 3070 uon
619 3007 723 3071 solum
742 3006 780 3070 de
799 3005 852 3070 his
871 3005 1060 3090 luminibus,
1084 3029 1166 3093 quae

147 3094 182 3157 in
213 3095 395 3177 praesentia
426 3098 534 3178 erunt,
568 3095 622 3159 sed
656 3094 754 3158 etiarn
787 3094 825 3158 de
856 3093 907 3158 his
939 3116 1020 3177 quae
1049 3099 1166 3180 postea

145 3182 279 3266 fuerint,
303 3186 424 3248 caveat.

240 3271 303 3337 16?
326 3271 365 3336 D.
376 3272 405 3355 8,
414 3271 444 3354 2,
455 3271 506 3336 34.
547 3270 690 3334 Iulianus
709 3271 792 3335 libro
813 3269 952 3334 seeundo
971 3291 1011 3334 ex
1030 3269 1164 3337 Minicio

222 3472 236 3518 1
261 3464 335 3519 Trio.
354 3463 454 3517 adiecit
472 3462 574 3517 etheo
592 3465 687 3531 aperte
706 3461 791 3516 fuerit
809 3460 1005 3531 approbatum.

219 3541 236 3589 2
259 3535 335 3590 Trio.
353 3532 493 3604 proiciunt
512 3564 544 3574 -
563 3532 678 3586 habent.
