<?xml version="1.0" encoding="UTF-8"?>
<!DOCTYPE html PUBLIC "-//W3C//DTD XHTML 1.0 Transitional//EN"
    "http://www.w3.org/TR/xhtml1/DTD/xhtml1-transitional.dtd">
<html xmlns="http://www.w3.org/1999/xhtml" xml:lang="en" lang="en">
 <head>
  <title>
</title>
<meta http-equiv="Content-Type" content="text/html;charset=utf-8" />
  <meta name='ocr-system' content='tesseract 3.04.00' />
  <meta name='ocr-capabilities' content='ocr_page ocr_carea ocr_par ocr_line ocrx_word'/>
</head>
<body>
  <div class='ocr_page' id='page_1' title='image "./iurisprudentiae02bremgoog_0605.png"; bbox 0 0 2430 3944; ppageno 0'>
   <div class='ocr_carea' id='block_1_1' title="bbox 471 197 750 254">
    <p class='ocr_par' dir='ltr' id='par_1_1' title="bbox 471 197 750 254">
     <span class='ocr_line' id='line_1_1' title="bbox 471 197 750 254; baseline 0.007 -2"><span class='ocrx_word' id='word_1_1' title='bbox 471 197 750 254; x_wconf 80' lang='lat' dir='ltr'><strong>ADDlTAMENTA.</strong></span> 
     </span>
    </p>
   </div>
   <div class='ocr_carea' id='block_1_2' title="bbox 379 379 838 463">
    <p class='ocr_par' dir='ltr' id='par_1_2' title="bbox 379 379 838 463">
     <span class='ocr_line' id='line_1_2' title="bbox 379 379 838 463; baseline -0.002 -17"><span class='ocrx_word' id='word_1_2' title='bbox 379 379 430 446; x_wconf 87' lang='lat' dir='ltr'>De</span> <span class='ocrx_word' id='word_1_3' title='bbox 453 381 628 444; x_wconf 78' lang='lat' dir='ltr'>litterarum</span> <span class='ocrx_word' id='word_1_4' title='bbox 650 380 838 463; x_wconf 76' lang='lat' dir='ltr'>oblipctioese.</span> 
     </span>
    </p>
   </div>
   <div class='ocr_carea' id='block_1_3' title="bbox 100 503 1114 679">
    <p class='ocr_par' dir='ltr' id='par_1_3' title="bbox 100 503 1114 682">
     <span class='ocr_line' id='line_1_3' title="bbox 191 503 1114 590; baseline 0.001 -21"><span class='ocrx_word' id='word_1_5' title='bbox 191 506 243 570; x_wconf 93' lang='lat'><strong>22.</strong></span> <span class='ocrx_word' id='word_1_6' title='bbox 268 504 491 588; x_wconf 80' lang='lat' dir='ltr'><strong>Gai.3,133.</strong></span> <span class='ocrx_word' id='word_1_7' title='bbox 518 540 556 551; x_wconf 92' lang='lat'>—</span> <span class='ocrx_word' id='word_1_8' title='bbox 582 503 862 590; x_wconf 81' lang='lat' dir='ltr'>Transscripticiis</span> <span class='ocrx_word' id='word_1_9' title='bbox 887 507 1114 572; x_wconf 89' lang='lat' dir='ltr'>..nominibus</span> 
     </span>
     <span class='ocr_line' id='line_1_4' title="bbox 100 593 789 679; baseline -0.001 -20"><span class='ocrx_word' id='word_1_10' title='bbox 100 617 143 659; x_wconf 88' lang='lat' dir='ltr'>an</span> <span class='ocrx_word' id='word_1_11' title='bbox 168 594 353 678; x_wconf 77' lang='lat' dir='ltr'>obligentur</span> <span class='ocrx_word' id='word_1_12' title='bbox 374 593 547 679; x_wconf 84' lang='lat' dir='ltr'>peregrini,</span> <span class='ocrx_word' id='word_1_13' title='bbox 623 595 789 677; x_wconf 86' lang='lat' dir='ltr'>quaeritur</span> 
     </span>
    </p>
   </div>
   <div class='ocr_carea' id='block_1_4' title="bbox 190 705 772 781">
    <p class='ocr_par' dir='ltr' id='par_1_4' title="bbox 190 705 772 781">
     <span class='ocr_line' id='line_1_5' title="bbox 190 705 772 781; baseline 0 -16"><span class='ocrx_word' id='word_1_14' title='bbox 190 706 226 765; x_wconf 85' lang='lat' dir='ltr'>cf.</span> <span class='ocrx_word' id='word_1_15' title='bbox 251 705 290 781; x_wconf 85' lang='lat' dir='ltr'>II,</span> <span class='ocrx_word' id='word_1_16' title='bbox 316 709 332 763; x_wconf 93' lang='lat'><strong>1</strong></span> <span class='ocrx_word' id='word_1_17' title='bbox 358 725 386 780; x_wconf 93' lang='lat' dir='ltr'>p.</span> <span class='ocrx_word' id='word_1_18' title='bbox 411 705 474 764; x_wconf 83' lang='lat'>308</span> <span class='ocrx_word' id='word_1_19' title='bbox 500 707 531 763; x_wconf 93' lang='lat' dir='ltr'>et</span> <span class='ocrx_word' id='word_1_20' title='bbox 554 723 646 779; x_wconf 84' lang='lat' dir='ltr'>supra</span> <span class='ocrx_word' id='word_1_21' title='bbox 668 724 697 779; x_wconf 90' lang='lat' dir='ltr'>p.</span> <span class='ocrx_word' id='word_1_22' title='bbox 721 706 772 765; x_wconf 89' lang='grc'><strong>60,</strong></span> 
     </span>
    </p>
   </div>
   <div class='ocr_carea' id='block_1_5' title="bbox 389 874 833 960">
    <p class='ocr_par' dir='ltr' id='par_1_5' title="bbox 389 874 833 960">
     <span class='ocr_line' id='line_1_6' title="bbox 389 874 833 960; baseline 0.005 -19"><span class='ocrx_word' id='word_1_23' title='bbox 389 874 621 942; x_wconf 76' lang='lat' dir='ltr'>Desertorem</span> <span class='ocrx_word' id='word_1_24' title='bbox 644 878 833 960; x_wconf 63' lang='lat' dir='ltr'>obbpab&#39;onc.</span> 
     </span>
    </p>
   </div>
   <div class='ocr_carea' id='block_1_6' title="bbox 100 1000 1108 1262">
    <p class='ocr_par' dir='ltr' id='par_1_6' title="bbox 100 1000 1108 1262">
     <span class='ocr_line' id='line_1_7' title="bbox 191 1000 1108 1088; baseline -0.001 -22"><span class='ocrx_word' id='word_1_25' title='bbox 191 1003 243 1068; x_wconf 91' lang='grc'>23.</span> <span class='ocrx_word' id='word_1_26' title='bbox 267 1000 337 1065; x_wconf 82' lang='lat' dir='ltr'>Gai.</span> <span class='ocrx_word' id='word_1_27' title='bbox 361 1003 391 1084; x_wconf 89' lang='lat'>3,</span> <span class='ocrx_word' id='word_1_28' title='bbox 411 1001 484 1066; x_wconf 88' lang='lat'><strong>103.</strong></span> <span class='ocrx_word' id='word_1_29' title='bbox 504 1038 547 1047; x_wconf 95' lang='lat'>—</span> <span class='ocrx_word' id='word_1_30' title='bbox 566 1049 596 1065; x_wconf 92' lang='lat'>..</span> <span class='ocrx_word' id='word_1_31' title='bbox 616 1001 698 1066; x_wconf 93' lang='lat' dir='ltr'>illud</span> <span class='ocrx_word' id='word_1_32' title='bbox 717 1003 903 1086; x_wconf 84' lang='lat' dir='ltr'>quaesitum</span> <span class='ocrx_word' id='word_1_33' title='bbox 923 1007 984 1086; x_wconf 91' lang='lat' dir='ltr'>est,</span> <span class='ocrx_word' id='word_1_34' title='bbox 1004 1002 1108 1088; x_wconf 84' lang='lat' dir='ltr'>siquis</span> 
     </span>
     <span class='ocr_line' id='line_1_8' title="bbox 101 1089 1108 1176; baseline -0.001 -21"><span class='ocrx_word' id='word_1_35' title='bbox 101 1091 165 1155; x_wconf 89' lang='lat' dir='ltr'>sibi</span> <span class='ocrx_word' id='word_1_36' title='bbox 189 1094 222 1154; x_wconf 89' lang='lat' dir='ltr'>et</span> <span class='ocrx_word' id='word_1_37' title='bbox 246 1090 276 1154; x_wconf 89' lang='lat' dir='ltr'>ei</span> <span class='ocrx_word' id='word_1_38' title='bbox 300 1089 391 1154; x_wconf 88' lang='lat' dir='ltr'>cuius</span> <span class='ocrx_word' id='word_1_39' title='bbox 410 1089 473 1153; x_wconf 90' lang='lat' dir='ltr'>iuri</span> <span class='ocrx_word' id='word_1_40' title='bbox 492 1089 656 1155; x_wconf 87' lang='lat' dir='ltr'>subiectus</span> <span class='ocrx_word' id='word_1_41' title='bbox 675 1111 740 1154; x_wconf 93' lang='lat' dir='ltr'>non</span> <span class='ocrx_word' id='word_1_42' title='bbox 761 1094 821 1172; x_wconf 91' lang='lat' dir='ltr'>est,</span> <span class='ocrx_word' id='word_1_43' title='bbox 844 1091 915 1156; x_wconf 88' lang='lat' dir='ltr'>dari</span> <span class='ocrx_word' id='word_1_44' title='bbox 939 1092 1108 1176; x_wconf 75' lang='lat' dir='ltr'>stipuletur,</span> 
     </span>
     <span class='ocr_line' id='line_1_9' title="bbox 100 1179 652 1262; baseline 0 -20"><span class='ocrx_word' id='word_1_45' title='bbox 100 1181 134 1244; x_wconf 90' lang='lat' dir='ltr'>in</span> <span class='ocrx_word' id='word_1_46' title='bbox 158 1183 316 1262; x_wconf 83' lang='lat' dir='ltr'>quantum</span> <span class='ocrx_word' id='word_1_47' title='bbox 343 1179 451 1243; x_wconf 84' lang='lat' dir='ltr'>valeat</span> <span class='ocrx_word' id='word_1_48' title='bbox 473 1179 652 1262; x_wconf 79' lang='lat' dir='ltr'>stipulatio.</span> 
     </span>
    </p>
   </div>
   <div class='ocr_carea' id='block_1_7' title="bbox 190 1281 774 1359">
    <p class='ocr_par' dir='ltr' id='par_1_7' title="bbox 190 1281 774 1359">
     <span class='ocr_line' id='line_1_10' title="bbox 190 1281 774 1359; baseline 0 -18"><span class='ocrx_word' id='word_1_49' title='bbox 190 1282 225 1341; x_wconf 90' lang='lat' dir='ltr'>cf.</span> <span class='ocrx_word' id='word_1_50' title='bbox 249 1281 290 1356; x_wconf 89' lang='lat' dir='ltr'>II,-</span> <span class='ocrx_word' id='word_1_51' title='bbox 314 1284 330 1339; x_wconf 97' lang='lat'><strong>1</strong></span> <span class='ocrx_word' id='word_1_52' title='bbox 357 1298 387 1359; x_wconf 89' lang='lat' dir='ltr'>p.</span> <span class='ocrx_word' id='word_1_53' title='bbox 412 1281 475 1340; x_wconf 81' lang='lat'>535</span> <span class='ocrx_word' id='word_1_54' title='bbox 501 1284 532 1340; x_wconf 88' lang='lat' dir='ltr'>et</span> <span class='ocrx_word' id='word_1_55' title='bbox 554 1299 646 1357; x_wconf 86' lang='lat' dir='ltr'>supra</span> <span class='ocrx_word' id='word_1_56' title='bbox 668 1303 697 1358; x_wconf 90' lang='lat' dir='ltr'>p.</span> <span class='ocrx_word' id='word_1_57' title='bbox 723 1284 774 1342; x_wconf 90' lang='grc'>61.</span> 
     </span>
    </p>
   </div>
   <div class='ocr_carea' id='block_1_8' title="bbox 100 1389 1106 1658">
    <p class='ocr_par' dir='ltr' id='par_1_8' title="bbox 100 1389 1106 1658">
     <span class='ocr_line' id='line_1_11' title="bbox 190 1389 1106 1478; baseline -0.002 -22"><span class='ocrx_word' id='word_1_58' title='bbox 190 1392 243 1458; x_wconf 89' lang='grc'><strong>24.</strong></span> <span class='ocrx_word' id='word_1_59' title='bbox 277 1389 346 1456; x_wconf 81' lang='lat' dir='ltr'>Gai.</span> <span class='ocrx_word' id='word_1_60' title='bbox 377 1392 407 1475; x_wconf 88' lang='lat'>3,</span> <span class='ocrx_word' id='word_1_61' title='bbox 443 1392 528 1456; x_wconf 72' lang='lat'><strong>167³.</strong></span> <span class='ocrx_word' id='word_1_62' title='bbox 559 1429 601 1438; x_wconf 94' lang='lat'><em>-</em></span> <span class='ocrx_word' id='word_1_63' title='bbox 634 1390 720 1456; x_wconf 90' lang='lat' dir='ltr'>Illud</span> <span class='ocrx_word' id='word_1_64' title='bbox 758 1393 924 1476; x_wconf 89' lang='lat' dir='ltr'>quaeritur</span> <span class='ocrx_word' id='word_1_65' title='bbox 962 1417 1004 1458; x_wconf 87' lang='lat' dir='ltr'>an</span> <span class='ocrx_word' id='word_1_66' title='bbox 1036 1390 1106 1478; x_wconf 92' lang='lat' dir='ltr'>quod</span> 
     </span>
     <span class='ocr_line' id='line_1_12' title="bbox 101 1479 1106 1562; baseline 0.001 -19"><span class='ocrx_word' id='word_1_67' title='bbox 101 1479 223 1545; x_wconf 91' lang='lat' dir='ltr'>domini</span> <span class='ocrx_word' id='word_1_68' title='bbox 255 1502 375 1544; x_wconf 92' lang='lat' dir='ltr'>nomen</span> <span class='ocrx_word' id='word_1_69' title='bbox 403 1480 565 1544; x_wconf 88' lang='lat' dir='ltr'>adiectum</span> <span class='ocrx_word' id='word_1_70' title='bbox 594 1480 703 1562; x_wconf 88' lang='lat' dir='ltr'>efficit,</span> <span class='ocrx_word' id='word_1_71' title='bbox 729 1479 816 1545; x_wconf 91' lang='lat' dir='ltr'>idem</span> <span class='ocrx_word' id='word_1_72' title='bbox 839 1479 940 1547; x_wconf 86' lang='lat' dir='ltr'>faciat</span> <span class='ocrx_word' id='word_1_73' title='bbox 965 1483 1056 1547; x_wconf 87' lang='lat' dir='ltr'>nnius</span> <span class='ocrx_word' id='word_1_74' title='bbox 1077 1503 1106 1545; x_wconf 84' lang='lat' dir='ltr'>ex</span> 
     </span>
     <span class='ocr_line' id='line_1_13' title="bbox 100 1568 738 1658; baseline 0 -25"><span class='ocrx_word' id='word_1_75' title='bbox 100 1568 242 1633; x_wconf 91' lang='lat' dir='ltr'>dominis</span> <span class='ocrx_word' id='word_1_76' title='bbox 265 1569 389 1632; x_wconf 86' lang='lat' dir='ltr'>iussum</span> <span class='ocrx_word' id='word_1_77' title='bbox 412 1568 624 1633; x_wconf 79' lang='lat' dir='ltr'>intercedens.</span> <span class='ocrx_word' id='word_1_78' title='bbox 734 1649 738 1658; x_wconf 26' lang='grc'>1</span> 
     </span>
    </p>
   </div>
   <div class='ocr_carea' id='block_1_9' title="bbox 190 1669 520 1747">
    <p class='ocr_par' dir='ltr' id='par_1_9' title="bbox 190 1669 520 1747">
     <span class='ocr_line' id='line_1_14' title="bbox 190 1669 520 1747; baseline -0.006 -17"><span class='ocrx_word' id='word_1_79' title='bbox 190 1671 227 1744; x_wconf 78' lang='lat' dir='ltr'>cf.</span> <span class='ocrx_word' id='word_1_80' title='bbox 249 1669 289 1747; x_wconf 83' lang='lat' dir='ltr'>H,</span> <span class='ocrx_word' id='word_1_81' title='bbox 315 1675 331 1729; x_wconf 93' lang='lat'><strong>1</strong></span> <span class='ocrx_word' id='word_1_82' title='bbox 357 1691 387 1746; x_wconf 96' lang='lat' dir='ltr'>p.</span> <span class='ocrx_word' id='word_1_83' title='bbox 411 1672 484 1731; x_wconf 89' lang='grc'><strong>480.</strong></span> <span class='ocrx_word' id='word_1_84' title='bbox 517 1725 520 1728; x_wconf 86' lang='grc'><strong>,</strong></span> 
     </span>
    </p>
   </div>
   <div class='ocr_carea' id='block_1_10' title="bbox 99 1770 1106 2034">
    <p class='ocr_par' dir='ltr' id='par_1_10' title="bbox 99 1770 1106 2034">
     <span class='ocr_line' id='line_1_15' title="bbox 190 1770 1104 1859; baseline 0 -22"><span class='ocrx_word' id='word_1_85' title='bbox 190 1771 242 1838; x_wconf 80' lang='lat'><strong>25.</strong></span> <span class='ocrx_word' id='word_1_86' title='bbox 266 1770 337 1836; x_wconf 83' lang='lat' dir='ltr'>Gai.</span> <span class='ocrx_word' id='word_1_87' title='bbox 361 1773 390 1856; x_wconf 88' lang='lat'>3,</span> <span class='ocrx_word' id='word_1_88' title='bbox 416 1771 489 1836; x_wconf 75' lang='lat' dir='ltr'>sae.</span> <span class='ocrx_word' id='word_1_89' title='bbox 517 1809 560 1819; x_wconf 91' lang='lat'><em>-</em></span> <span class='ocrx_word' id='word_1_90' title='bbox 588 1771 730 1837; x_wconf 92' lang='lat' dir='ltr'>..illud</span> <span class='ocrx_word' id='word_1_91' title='bbox 754 1773 931 1859; x_wconf 88' lang='lat' dir='ltr'>quaeritur,</span> <span class='ocrx_word' id='word_1_92' title='bbox 956 1775 985 1840; x_wconf 88' lang='lat' dir='ltr'>si</span> <span class='ocrx_word' id='word_1_93' title='bbox 1009 1796 1104 1840; x_wconf 84' lang='lat' dir='ltr'>servus</span> 
     </span>
     <span class='ocr_line' id='line_1_16' title="bbox 100 1860 1106 1947; baseline 0.001 -22"><span class='ocrx_word' id='word_1_94' title='bbox 100 1863 158 1926; x_wconf 87' lang='lat' dir='ltr'>eut</span> <span class='ocrx_word' id='word_1_95' title='bbox 189 1861 380 1946; x_wconf 82' lang='lat' dir='ltr'>peregrinus</span> <span class='ocrx_word' id='word_1_96' title='bbox 414 1860 638 1946; x_wconf 86' lang='lat' dir='ltr'>spoponderit,</span> <span class='ocrx_word' id='word_1_97' title='bbox 671 1883 712 1924; x_wconf 86' lang='lat' dir='ltr'>an</span> <span class='ocrx_word' id='word_1_98' title='bbox 743 1882 802 1945; x_wconf 89' lang='lat' dir='ltr'>pro</span> <span class='ocrx_word' id='word_1_99' title='bbox 831 1883 868 1927; x_wconf 92' lang='lat' dir='ltr'>ec</span> <span class='ocrx_word' id='word_1_100' title='bbox 901 1883 1040 1947; x_wconf 87' lang='lat' dir='ltr'>sponsor</span> <span class='ocrx_word' id='word_1_101' title='bbox 1060 1866 1106 1928; x_wconf 87' lang='lat' dir='ltr'>aut</span> 
     </span>
     <span class='ocr_line' id='line_1_17' title="bbox 99 1949 536 2034; baseline 0.005 -22"><span class='ocrx_word' id='word_1_102' title='bbox 99 1949 342 2034; x_wconf 87' lang='lat' dir='ltr'>fidepromissor</span> <span class='ocrx_word' id='word_1_103' title='bbox 364 1949 536 2034; x_wconf 82' lang='lat' dir='ltr'>obligetur.</span> 
     </span>
    </p>
   </div>
   <div class='ocr_carea' id='block_1_11' title="bbox 190 2044 1104 2136">
    <p class='ocr_par' dir='ltr' id='par_1_11' title="bbox 190 2044 1104 2136">
     <span class='ocr_line' id='line_1_18' title="bbox 190 2044 1104 2136; baseline 0 -24"><span class='ocrx_word' id='word_1_104' title='bbox 190 2049 242 2113; x_wconf 87' lang='grc'>26.</span> <span class='ocrx_word' id='word_1_105' title='bbox 267 2044 336 2112; x_wconf 79' lang='lat' dir='ltr'>Gai.</span> <span class='ocrx_word' id='word_1_106' title='bbox 356 2048 386 2127; x_wconf 89' lang='lat'>3,</span> <span class='ocrx_word' id='word_1_107' title='bbox 412 2048 484 2112; x_wconf 92' lang='lat'><strong>122.</strong></span> <span class='ocrx_word' id='word_1_108' title='bbox 512 2084 553 2093; x_wconf 93' lang='lat'>—</span> <span class='ocrx_word' id='word_1_109' title='bbox 583 2047 808 2130; x_wconf 88' lang='lat' dir='ltr'>..quaeritur</span> <span class='ocrx_word' id='word_1_110' title='bbox 839 2070 881 2111; x_wconf 88' lang='lat' dir='ltr'>an</span> <span class='ocrx_word' id='word_1_111' title='bbox 909 2053 986 2132; x_wconf 91' lang='lat' dir='ltr'>post</span> <span class='ocrx_word' id='word_1_112' title='bbox 1014 2051 1104 2136; x_wconf 82' lang='lat' dir='ltr'>legen</span> 
     </span>
    </p>
   </div>
   <div class='ocr_carea' id='block_1_12' title="bbox 99 2135 1105 2486">
    <p class='ocr_par' dir='ltr' id='par_1_12' title="bbox 99 2135 1105 2486">
     <span class='ocr_line' id='line_1_19' title="bbox 99 2135 1105 2223; baseline -0.001 -23"><span class='ocrx_word' id='word_1_113' title='bbox 99 2137 233 2201; x_wconf 87' lang='lat' dir='ltr'>Furiam</span> <span class='ocrx_word' id='word_1_114' title='bbox 253 2136 357 2200; x_wconf 86' lang='lat' dir='ltr'>adhuc</span> <span class='ocrx_word' id='word_1_115' title='bbox 377 2137 460 2220; x_wconf 82' lang='lat' dir='ltr'>legis</span> <span class='ocrx_word' id='word_1_116' title='bbox 480 2135 660 2220; x_wconf 85' lang='lat' dir='ltr'>Appuleiae</span> <span class='ocrx_word' id='word_1_117' title='bbox 680 2136 870 2201; x_wconf 89' lang='lat' dir='ltr'>beneficium</span> <span class='ocrx_word' id='word_1_118' title='bbox 890 2140 1040 2223; x_wconf 87' lang='lat' dir='ltr'>supersit.</span> <span class='ocrx_word' id='word_1_119' title='bbox 1081 2141 1105 2201; x_wconf 89' lang='lat' dir='ltr'>et</span> 
     </span>
     <span class='ocr_line' id='line_1_20' title="bbox 99 2225 1105 2308; baseline 0 -19"><span class='ocrx_word' id='word_1_120' title='bbox 99 2226 212 2308; x_wconf 89' lang='lat' dir='ltr'>utique</span> <span class='ocrx_word' id='word_1_121' title='bbox 250 2230 342 2289; x_wconf 86' lang='lat' dir='ltr'>extre</span> <span class='ocrx_word' id='word_1_122' title='bbox 377 2225 507 2289; x_wconf 88' lang='lat' dir='ltr'>Italiam</span> <span class='ocrx_word' id='word_1_123' title='bbox 545 2227 693 2306; x_wconf 88' lang='lat' dir='ltr'>superest</span> <span class='ocrx_word' id='word_1_124' title='bbox 729 2273 737 2289; x_wconf 96' lang='lat'><strong>.</strong></span> <span class='ocrx_word' id='word_1_125' title='bbox 766 2225 898 2290; x_wconf 76' lang='lat' dir='ltr'><strong>..sed</strong></span> <span class='ocrx_word' id='word_1_126' title='bbox 942 2250 985 2291; x_wconf 89' lang='lat' dir='ltr'>an</span> <span class='ocrx_word' id='word_1_127' title='bbox 1022 2229 1105 2292; x_wconf 87' lang='lat' dir='ltr'>etiam</span> 
     </span>
     <span class='ocr_line' id='line_1_21' title="bbox 99 2312 1104 2486; baseline 0 -109"><span class='ocrx_word' id='word_1_128' title='bbox 99 2314 302 2486; x_wconf 50' lang='lat' dir='ltr'>{ffiiribiiiia</span> <span class='ocrx_word' id='word_1_129' title='bbox 320 2313 511 2378; x_wconf 89' lang='lat' dir='ltr'>beneficium</span> <span class='ocrx_word' id='word_1_130' title='bbox 535 2312 618 2396; x_wconf 84' lang='lat' dir='ltr'>legis</span> <span class='ocrx_word' id='word_1_131' title='bbox 640 2313 820 2398; x_wconf 83' lang='lat' dir='ltr'>Appuleiae</span> <span class='ocrx_word' id='word_1_132' title='bbox 846 2316 998 2402; x_wconf 86' lang='lat' dir='ltr'>supersit,</span> <span class='ocrx_word' id='word_1_133' title='bbox 1025 2315 1104 2382; x_wconf 87' lang='lat' dir='ltr'>valde</span> 
     </span>
    </p>
   </div>
   <div class='ocr_carea' id='block_1_13' title="bbox 387 2508 737 2587">
    <p class='ocr_par' dir='ltr' id='par_1_13' title="bbox 387 2508 737 2587">
     <span class='ocr_line' id='line_1_22' title="bbox 387 2508 737 2587; baseline 0.003 -14"><span class='ocrx_word' id='word_1_134' title='bbox 387 2583 389 2587; x_wconf 11' lang='lat' dir='ltr'>y</span> <span class='ocrx_word' id='word_1_135' title='bbox 480 2508 529 2573; x_wconf 89' lang='lat' dir='ltr'>De</span> <span class='ocrx_word' id='word_1_136' title='bbox 552 2508 737 2574; x_wconf 71' lang='lat' dir='ltr'>lateralium.</span> 
     </span>
    </p>
   </div>
   <div class='ocr_carea' id='block_1_14' title="bbox 98 2631 1105 2984">
    <p class='ocr_par' dir='ltr' id='par_1_14' title="bbox 98 2631 1105 2984">
     <span class='ocr_line' id='line_1_23' title="bbox 189 2631 1104 2719; baseline 0.003 -25"><span class='ocrx_word' id='word_1_137' title='bbox 189 2633 241 2695; x_wconf 83' lang='grc'><strong>27.</strong></span> <span class='ocrx_word' id='word_1_138' title='bbox 266 2631 336 2697; x_wconf 86' lang='lat' dir='ltr'>Gai.</span> <span class='ocrx_word' id='word_1_139' title='bbox 360 2635 390 2717; x_wconf 88' lang='lat'>3,</span> <span class='ocrx_word' id='word_1_140' title='bbox 416 2633 487 2697; x_wconf 88' lang='grc'><strong>168.</strong></span> <span class='ocrx_word' id='word_1_141' title='bbox 514 2669 551 2678; x_wconf 99' lang='grc'>-</span> <span class='ocrx_word' id='word_1_142' title='bbox 579 2683 608 2696; x_wconf 95' lang='grc'>..</span> <span class='ocrx_word' id='word_1_143' title='bbox 632 2633 807 2718; x_wconf 87' lang='lat' dir='ltr'>quaeritur,</span> <span class='ocrx_word' id='word_1_144' title='bbox 835 2633 864 2698; x_wconf 88' lang='lat' dir='ltr'>si</span> <span class='ocrx_word' id='word_1_145' title='bbox 888 2634 961 2719; x_wconf 91' lang='lat' dir='ltr'>quis</span> <span class='ocrx_word' id='word_1_146' title='bbox 984 2655 1104 2701; x_wconf 90' lang='lat' dir='ltr'>consen·</span> 
     </span>
     <span class='ocr_line' id='line_1_24' title="bbox 98 2718 1104 2808; baseline 0.003 -25"><span class='ocrx_word' id='word_1_147' title='bbox 98 2718 199 2784; x_wconf 87' lang='lat' dir='ltr'>tiente</span> <span class='ocrx_word' id='word_1_148' title='bbox 232 2722 390 2787; x_wconf 85' lang='lat' dir='ltr'>creditore</span> <span class='ocrx_word' id='word_1_149' title='bbox 422 2721 509 2786; x_wconf 88' lang='lat' dir='ltr'>aliud</span> <span class='ocrx_word' id='word_1_150' title='bbox 537 2743 597 2806; x_wconf 87' lang='lat' dir='ltr'>pro</span> <span class='ocrx_word' id='word_1_151' title='bbox 631 2723 695 2787; x_wconf 90' lang='lat' dir='ltr'>alio</span> <span class='ocrx_word' id='word_1_152' title='bbox 727 2722 874 2806; x_wconf 87' lang='lat' dir='ltr'>solverit,</span> <span class='ocrx_word' id='word_1_153' title='bbox 907 2729 1018 2788; x_wconf 88' lang='lat' dir='ltr'>utrum</span> <span class='ocrx_word' id='word_1_154' title='bbox 1046 2725 1104 2808; x_wconf 90' lang='lat' dir='ltr'>ipso</span> 
     </span>
     <span class='ocr_line' id='line_1_25' title="bbox 98 2809 1105 2899; baseline 0.002 -28"><span class='ocrx_word' id='word_1_155' title='bbox 98 2809 169 2871; x_wconf 87' lang='lat' dir='ltr'>iure</span> <span class='ocrx_word' id='word_1_156' title='bbox 203 2809 357 2873; x_wconf 87' lang='lat' dir='ltr'>liberetur</span> <span class='ocrx_word' id='word_1_157' title='bbox 385 2859 466 2893; x_wconf 81' lang='lat'><strong>...,</strong></span> <span class='ocrx_word' id='word_1_158' title='bbox 495 2832 537 2874; x_wconf 88' lang='lat' dir='ltr'>an</span> <span class='ocrx_word' id='word_1_159' title='bbox 574 2810 645 2893; x_wconf 88' lang='lat' dir='ltr'>ipso</span> <span class='ocrx_word' id='word_1_160' title='bbox 678 2811 747 2874; x_wconf 89' lang='lat' dir='ltr'>iure</span> <span class='ocrx_word' id='word_1_161' title='bbox 780 2816 914 2876; x_wconf 88' lang='lat' dir='ltr'>maneat</span> <span class='ocrx_word' id='word_1_162' title='bbox 947 2814 1105 2899; x_wconf 83' lang='lat' dir='ltr'>obligatus,</span> 
     </span>
     <span class='ocr_line' id='line_1_26' title="bbox 99 2898 1103 2984; baseline 0 -24"><span class='ocrx_word' id='word_1_163' title='bbox 99 2898 154 2961; x_wconf 90' lang='lat' dir='ltr'>sed</span> <span class='ocrx_word' id='word_1_164' title='bbox 189 2898 341 2962; x_wconf 86' lang='lat' dir='ltr'>adversus</span> <span class='ocrx_word' id='word_1_165' title='bbox 370 2903 535 2982; x_wconf 89' lang='lat' dir='ltr'>petentem</span> <span class='ocrx_word' id='word_1_166' title='bbox 568 2900 756 2984; x_wconf 83' lang='lat' dir='ltr'>exceptione</span> <span class='ocrx_word' id='word_1_167' title='bbox 785 2899 850 2964; x_wconf 89' lang='lat' dir='ltr'>doli</span> <span class='ocrx_word' id='word_1_168' title='bbox 881 2902 959 2965; x_wconf 89' lang='lat' dir='ltr'>mali</span> <span class='ocrx_word' id='word_1_169' title='bbox 990 2900 1103 2967; x_wconf 88' lang='lat' dir='ltr'>defendi</span> 
     </span>
    </p>
   </div>
   <div class='ocr_carea' id='block_1_15' title="bbox 99 2985 870 3166">
    <p class='ocr_par' dir='ltr' id='par_1_15' title="bbox 99 2985 870 3166">
     <span class='ocr_line' id='line_1_27' title="bbox 99 2985 761 3069; baseline 0.003 -19"><span class='ocrx_word' id='word_1_170' title='bbox 99 2985 215 3051; x_wconf 84' lang='lat' dir='ltr'>debeat</span> <span class='ocrx_word' id='word_1_171' title='bbox 369 3003 372 3009; x_wconf 84' lang='lat'>&#39;</span> <span class='ocrx_word' id='word_1_172' title='bbox 759 3064 761 3069; x_wconf 21' lang='lat'><strong><em>¹</em></strong></span> 
     </span>
     <span class='ocr_line' id='line_1_28' title="bbox 185 3089 870 3166; baseline 0.003 -18"><span class='ocrx_word' id='word_1_173' title='bbox 185 3090 221 3148; x_wconf 89' lang='lat' dir='ltr'>cf.</span> <span class='ocrx_word' id='word_1_174' title='bbox 244 3089 285 3164; x_wconf 88' lang='grc' dir='ltr'>Π,</span> <span class='ocrx_word' id='word_1_175' title='bbox 313 3093 329 3148; x_wconf 92' lang='grc'><strong>1</strong></span> <span class='ocrx_word' id='word_1_176' title='bbox 355 3110 382 3165; x_wconf 91' lang='lat' dir='ltr'><strong>p.</strong></span> <span class='ocrx_word' id='word_1_177' title='bbox 409 3092 472 3150; x_wconf 84' lang='lat'>539</span> <span class='ocrx_word' id='word_1_178' title='bbox 498 3095 529 3149; x_wconf 87' lang='lat' dir='ltr'>et</span> <span class='ocrx_word' id='word_1_179' title='bbox 552 3109 643 3166; x_wconf 83' lang='lat' dir='ltr'>supra</span> <span class='ocrx_word' id='word_1_180' title='bbox 666 3111 694 3166; x_wconf 95' lang='lat' dir='ltr'><strong>p.</strong></span> <span class='ocrx_word' id='word_1_181' title='bbox 721 3093 770 3150; x_wconf 84' lang='lat'><strong>62.</strong></span> <span class='ocrx_word' id='word_1_182' title='bbox 798 3093 870 3150; x_wconf 90' lang='grc'><strong>161.</strong></span> 
     </span>
    </p>
   </div>
   <div class='ocr_carea' id='block_1_16' title="bbox 97 3188 1102 3364">
    <p class='ocr_par' dir='ltr' id='par_1_16' title="bbox 97 3188 1102 3364">
     <span class='ocr_line' id='line_1_29' title="bbox 187 3188 1102 3278; baseline 0 -24"><span class='ocrx_word' id='word_1_183' title='bbox 187 3191 238 3254; x_wconf 88' lang='grc'>28.</span> <span class='ocrx_word' id='word_1_184' title='bbox 263 3188 332 3254; x_wconf 82' lang='lat' dir='ltr'>Gai.</span> <span class='ocrx_word' id='word_1_185' title='bbox 357 3191 387 3271; x_wconf 89' lang='lat'>3,</span> <span class='ocrx_word' id='word_1_186' title='bbox 412 3192 484 3255; x_wconf 83' lang='lat'><strong>172.</strong></span> <span class='ocrx_word' id='word_1_187' title='bbox 507 3227 544 3236; x_wconf 99' lang='lat'><em>-</em></span> <span class='ocrx_word' id='word_1_188' title='bbox 567 3214 676 3256; x_wconf 90' lang='lat' dir='ltr'><strong>...an</strong></span> <span class='ocrx_word' id='word_1_189' title='bbox 700 3193 782 3256; x_wconf 92' lang='lat' dir='ltr'><strong>..in</strong></span> <span class='ocrx_word' id='word_1_190' title='bbox 801 3198 929 3277; x_wconf 88' lang='lat' dir='ltr'>partem</span> <span class='ocrx_word' id='word_1_191' title='bbox 949 3197 1102 3278; x_wconf 83' lang='lat' dir='ltr'>acceptum</span> 
     </span>
     <span class='ocr_line' id='line_1_30' title="bbox 97 3278 627 3364; baseline 0.008 -24"><span class='ocrx_word' id='word_1_192' title='bbox 97 3278 167 3341; x_wconf 89' lang='lat' dir='ltr'>fieri</span> <span class='ocrx_word' id='word_1_193' title='bbox 187 3280 301 3362; x_wconf 83' lang='lat' dir='ltr'>possit,</span> <span class='ocrx_word' id='word_1_194' title='bbox 325 3280 506 3363; x_wconf 88' lang='lat' dir='ltr'>quaesitum</span> <span class='ocrx_word' id='word_1_195' title='bbox 525 3279 627 3364; x_wconf 62' lang='lat' dir='ltr'>(est)</span> 
     </span>
    </p>
   </div>
   <div class='ocr_carea' id='block_1_17' title="bbox 95 3376 1102 3638">
    <p class='ocr_par' dir='ltr' id='par_1_17' title="bbox 95 3376 1102 3638">
     <span class='ocr_line' id='line_1_31' title="bbox 187 3376 1102 3465; baseline 0.001 -26"><span class='ocrx_word' id='word_1_196' title='bbox 187 3376 238 3439; x_wconf 89' lang='lat'><strong>29.</strong></span> <span class='ocrx_word' id='word_1_197' title='bbox 262 3377 302 3440; x_wconf 94' lang='lat' dir='ltr'><strong>D.</strong></span> <span class='ocrx_word' id='word_1_198' title='bbox 320 3377 372 3459; x_wconf 83' lang='lat'>46,</span> <span class='ocrx_word' id='word_1_199' title='bbox 391 3377 421 3460; x_wconf 84' lang='lat'>4,</span> <span class='ocrx_word' id='word_1_200' title='bbox 441 3379 461 3441; x_wconf 91' lang='grc'><strong>8</strong></span> <span class='ocrx_word' id='word_1_201' title='bbox 480 3399 528 3460; x_wconf 89' lang='lat' dir='ltr'>pr.</span> <span class='ocrx_word' id='word_1_202' title='bbox 547 3377 638 3441; x_wconf 80' lang='lat' dir='ltr'>idem</span> <span class='ocrx_word' id='word_1_203' title='bbox 663 3376 853 3464; x_wconf 83' lang='lat' dir='ltr'>(Ulpianus)</span> <span class='ocrx_word' id='word_1_204' title='bbox 873 3381 958 3445; x_wconf 87' lang='lat' dir='ltr'>libro</span> <span class='ocrx_word' id='word_1_205' title='bbox 982 3380 1102 3465; x_wconf 81' lang='lat' dir='ltr'>quadra·</span> 
     </span>
     <span class='ocr_line' id='line_1_32' title="bbox 96 3462 1102 3554; baseline 0.002 -28"><span class='ocrx_word' id='word_1_206' title='bbox 96 3464 245 3546; x_wconf 85' lang='lat' dir='ltr'>gensimo</span> <span class='ocrx_word' id='word_1_207' title='bbox 266 3469 379 3531; x_wconf 85' lang='lat' dir='ltr'>octavo</span> <span class='ocrx_word' id='word_1_208' title='bbox 399 3465 439 3529; x_wconf 91' lang='lat' dir='ltr'>ad</span> <span class='ocrx_word' id='word_1_209' title='bbox 454 3462 618 3531; x_wconf 83' lang='lat' dir='ltr'>Sabinum.</span> <span class='ocrx_word' id='word_1_210' title='bbox 639 3468 749 3531; x_wconf 92' lang='lat' dir='ltr'>-An</span> <span class='ocrx_word' id='word_1_211' title='bbox 768 3468 898 3534; x_wconf 87' lang='lat' dir='ltr'>inutilis</span> <span class='ocrx_word' id='word_1_212' title='bbox 914 3467 1102 3554; x_wconf 83' lang='lat' dir='ltr'>acceptilatio</span> 
     </span>
     <span class='ocr_line' id='line_1_33' title="bbox 95 3551 681 3638; baseline 0.012 -25"><span class='ocrx_word' id='word_1_213' title='bbox 95 3551 174 3614; x_wconf 87' lang='lat' dir='ltr'>utile</span> <span class='ocrx_word' id='word_1_214' title='bbox 198 3552 318 3616; x_wconf 86' lang='lat' dir='ltr'>habeat</span> <span class='ocrx_word' id='word_1_215' title='bbox 341 3557 482 3638; x_wconf 89' lang='lat' dir='ltr'>pactum,</span> <span class='ocrx_word' id='word_1_216' title='bbox 506 3557 681 3638; x_wconf 84' lang='lat' dir='ltr'>quaeritur.</span> 
     </span>
    </p>
   </div>
   <div class='ocr_carea' id='block_1_18' title="bbox 0 0 1220 3944">
    <p class='ocr_par' dir='ltr' id='par_1_18' title="bbox 0 0 1220 3944">
     <span class='ocr_line' id='line_1_34' title="bbox 0 0 1220 3944; baseline 0 1"><span class='ocrx_word' id='word_1_217' title='bbox 0 0 1220 3944; x_wconf 95' lang='lat' dir='ltr'> </span> 
     </span>
    </p>
   </div>
  </div>
 </body>
</html>
