2430 3944
452 194 478 246 a.
496 189 704 247 annuemus
1019 191 1083 256 189

61 357 176 420 nostm
200 354 437 420 constitutione
459 353 592 419 heredes
615 375 671 420 cos
692 354 863 419 instituere
885 353 1081 438 permissum

62 447 120 510 ec
147 443 238 528 quod
249 466 318 509 non
331 443 642 528 perinnorationem
651 441 846 526 induximus,
860 444 1082 528 sedquoniam

61 536 96 597 et
110 531 248 617 aequius
266 537 338 598 erat
357 535 390 596 et
404 531 560 597 Atilicino
577 531 739 616 placuisse
755 531 873 596 Paulus
893 534 960 596 suis
979 533 1082 617 libris,

61 642 142 706 quos
168 626 241 686 tam
268 621 309 686 ad
337 621 516 686 Masurium
543 618 701 687 Sabinum
728 643 825 706 quarn
853 620 894 685 ad
917 619 1083 688 Plautium

62 709 211 795 scripsit,
234 710 345 775 refert.

151 801 251 875 Quam
277 803 477 863 Triboniauus
508 803 732 863 innovationem
758 821 820 863 non
847 821 912 863 esse
940 803 1084 881 declarat,

62 911 130 952 eam
159 894 213 952 rel
239 892 385 953 Antonini
414 891 462 950 Pii
492 894 594 952 aetate
625 910 644 951 a
670 891 822 967 plerisque
848 892 992 952 reiectam
1019 911 1083 954 esse

62 980 130 1042 (iai.
148 983 180 1055 2,
200 983 376 1042 let-187
408 979 502 1041 docet.
551 980 625 1040 haec
656 980 737 1040 enim
764 980 821 1040 ait:
858 974 950 1041 ‘sicut
981 985 1085 1041 antem

62 1069 153 1130 liberi
170 1071 318 1150 homines,
334 1070 380 1129 ita
398 1073 429 1129 et
446 1069 534 1143 servi,
548 1072 613 1128 tam
626 1070 723 1129 nostri
736 1088 826 1146 quam
840 1069 940 1146 alieni,
959 1071 1084 1130 heroden

63 1158 155 1224 scribi
178 1162 314 1234 possunt
355 1158 408 1218 sed
430 1160 534 1218 noster
556 1175 661 1218 servus
684 1158 776 1217 simul
798 1161 829 1217 et
852 1158 929 1217 liber
947 1161 978 1218 et
997 1160 1084 1220 heres

63 1266 131 1308 esse
151 1247 253 1308 iuberi
275 1247 373 1324 debet,
397 1247 429 1305 id
451 1249 499 1307 est
520 1246 578 1306 hoc
598 1247 687 1306 modo
712 1241 845 1306 ‘Stichus
869 1265 974 1306 servus
998 1268 1083 1309 mens

62 1336 143 1396 liber
172 1337 321 1413 heresque
352 1328 428 1395 esto'
455 1336 506 1394 vel
533 1328 632 1394 ‘heres
658 1335 796 1412 liberque
822 1329 909 1395 esto'.
959 1355 1030 1395 nam
1057 1338 1085 1397 si

63 1425 128 1484 sine
154 1424 298 1484 libertate
323 1425 411 1484 heres
436 1423 596 1484 institutus
623 1424 677 1500 sit,
704 1423 823 1483 etiamsi
847 1427 953 1500 postca
975 1444 1080 1485 manu·

63 1513 176 1573 missus
203 1513 298 1572 fuerit
321 1531 341 1571 a
362 1513 496 1589 domino,
522 1513 609 1572 heres
633 1530 699 1572 esse
721 1530 782 1571 non
803 1515 916 1588 potest,
944 1513 1015 1590 quia
1037 1515 1083 1574 in-

63 1601 187 1662 stitutio
218 1601 250 1661 in
281 1619 409 1677 persona
435 1601 499 1660 eius
526 1619 587 1661 non
613 1595 769 1661 constitit'
818 1601 854 1659 cf.
876 1604 905 1679 2,
918 1601 991 1664 '154
1020 1597 1084 1679 ‘qui

62 1691 229 1752 facultates
257 1709 327 1750 suas
354 1692 509 1766 suspectas
537 1688 641 1763 habet,
669 1689 747 1750 solet
774 1708 895 1749 servum
918 1708 1007 1750 suum

61 1779 196 1840 liberum
217 1772 305 1857 <esse
326 1774 451 1857 iubere>
474 1780 505 1838 et
526 1777 666 1839 heredem
688 1772 858 1838 instituere'
882 1826 933 1839 ...

154 1866 293 1927 Atilicini
315 1867 466 1927 contraria
488 1867 638 1927 sententie
656 1865 731 1926 Gaio
750 1869 827 1926 teste
849 1866 898 1926 ius
922 1887 982 1943 quo
1001 1869 1081 1931 cives

64 1954 247 2033 utebantur,
279 1956 402 2015 dubium
433 1954 558 2015 neddere
590 1959 655 2015 tum
686 1974 747 2014 non
777 1958 905 2031 poteret.
955 1959 1084 2032 posteris

64 2045 187 2105 demum
215 2044 415 2122 temporibus,
441 2047 478 2103 ut
505 2043 638 2104 conicere
665 2044 749 2116 licet,
778 2042 881 2104 Severi
906 2048 1019 2121 aetate,
1049 2067 1084 2106 ex

63 2132 205 2193 Atilicini
229 2132 377 2192 sententia
399 2132 555 2193 altercatio
579 2137 683 2192 exorta
705 2135 760 2193 est.
800 2131 986 2192 Iustinianus
1005 2136 1085 2194 enim

63 2216 114 2300 (0.
131 2225 160 2294 6,
176 2223 228 2298 27,
243 2214 278 2302 5)
298 2222 372 2281 haec
395 2213 502 2280 refert:
526 2216 665 2290 ‘Quidam
688 2240 755 2280 cum
778 2224 992 2281 testamentum
1015 2242 1084 2284 con-

65 2311 168 2384 deret,
196 2309 314 2369 duobus
341 2309 501 2369 heredibus
528 2310 649 2386 scriptis
677 2329 770 2368 unum
795 2310 917 2386 quidem
940 2329 976 2369 ex
997 2318 1084 2388 parte

63 2399 215 2476 instituit,
247 2415 367 2458 servum
393 2400 495 2458 autem
522 2416 622 2475 suum,
654 2399 739 2458 cuius
767 2400 798 2457 et
825 2417 934 2458 nomen
960 2400 1085 2481 addidit,

65 2507 102 2548 ex
131 2487 251 2562 reliqua
276 2488 362 2563 parte
390 2487 454 2546 sine
481 2487 622 2546 libertate
649 2487 770 2563 scripsit
795 2487 936 2546 heredem
1053 2494 1085 2551 et

63 2576 273 2651 dubitabatur,
292 2575 319 2635 si
335 2575 507 2635 huiusmodi
586 2576 739 2635 institutio
757 2576 875 2653 aliquas
888 2577 968 2637 uires
982 2582 1085 2654 potest

63 2665 178 2724 habere
286 2665 372 2723 tanta
398 2664 478 2723 inter
503 2667 621 2723 veteres
648 2667 754 2724 exorta
780 2668 826 2724 est
854 2666 1019 2745 contentio,
1048 2674 1084 2729 ut

63 2754 117 2815 vix
143 2751 287 2829 possibile
312 2752 354 2812 sit
377 2753 474 2814 rideri
494 2753 622 2812 eandem
644 2753 779 2812 decidere
878 2773 944 2814 cum
966 2761 1083 2818 veteres

65 2847 97 2902 et
135 2841 229 2901 aliam
263 2845 485 2917 proposuerunt
515 2841 744 2920 ambiguitatem
776 2842 922 2921 dicentes,
958 2845 984 2903 si
1016 2848 1083 2924 quis

65 2950 188 2992 servum
221 2947 309 2988 suum
340 2930 372 2989 in
403 2932 584 2991 testamento
616 2930 737 3006 quidem
767 2930 908 2990 heredem
936 2951 972 2992 ex
998 2939 1084 3011 parte

65 3019 131 3080 sine
154 3019 296 3078 libertate
319 3020 494 3098 scripsisset,
516 3020 548 3078 in
570 3019 715 3078 codicillis
738 3023 841 3078 autem
863 3021 1036 3082 libertatem
1054 3026 1083 3084 ei

64 3106 251 3184 reliquisset,
273 3107 298 3166 si
316 3109 414 3184 possit
430 3108 582 3168 institutio
601 3109 702 3168 valere
721 3100 776 3167 ...'
812 3108 915 3185 itaque
934 3103 1084 3192 ‘veteres’,

64 3214 197 3276 quorum
229 3195 340 3256 mentio
372 3197 418 3273 lit,
450 3197 535 3257 tertii
562 3197 684 3256 demum
712 3196 824 3256 saeculi
850 3197 926 3257 iuris
954 3203 1083 3260 consulti

64 3285 210 3347 videntur
224 3283 327 3344 fuisse.
362 3288 443 3345 certe
462 3305 487 3344 a.
500 3288 563 3347 260
581 3285 677 3362 Impp.
685 3285 867 3346 Valerianus
881 3289 913 3344 et
927 3285 1081 3350 Gallienus

65 3374 205 3434 referunt
224 3367 269 3453 (0.
282 3368 431 3453 7‚4,10):
456 3367 528 3435 ‘etsi
549 3393 610 3434 non
628 3373 780 3450 adscripta
796 3373 938 3434 libertate
957 3378 1083 3436 testator

66 3481 190 3523 senum
218 3480 306 3522 suum
330 3465 462 3523 tutorem
484 3463 554 3522 filiis
577 3464 639 3522 suis
663 3463 792 3539 dederit,
821 3467 1006 3538 receptum
1028 3470 1084 3525 est

67 3555 100 3612 et
122 3551 275 3612 libertatis
300 3553 331 3612 et
353 3553 538 3629 pupillorum
560 3553 673 3627 favore,
695 3554 732 3610 nt
751 3570 806 3628 per
823 3550 1093 3614 fideicommissum
