2430 3944
94 189 161 254 462
196 190 230 245 V.
249 188 400 244 NERVAE
420 188 466 243 ΕΤ
484 187 636 242 TRAIANI
654 187 760 244 TEMP.
780 187 875 242 IUBJS
896 187 1079 243 CONSULTI

188 353 236 417 14.
275 351 312 415 D.
332 352 384 434 21,
403 353 433 429 2,
452 351 504 416 60.
562 350 733 416 Iavolenus
769 351 853 415 libro
891 349 1034 415 seeundo
1071 372 1106 414 ex

96 443 235 507 Plautio.
260 476 298 486 -
324 439 362 505 Si
388 440 424 504 in
451 441 621 505 venditione
647 440 762 504 dietnm
787 441 930 518 nonsit,
957 444 1107 521 qnontnin

95 531 280 596 venditorem
297 549 357 611 pro
377 530 519 594 eoietione
531 533 692 611 proestare
709 533 851 612 oporteat,
872 526 955 593 nihil
972 529 1107 594 venditor

90 619 261 702 praestabit
275 622 402 700 praeter
419 618 565 699 sinpioni
582 617 736 682 evictionis
753 618 876 682 nonine
892 621 923 681 et
938 636 977 682 en
995 621 1106 682 notnro

22 765 36 799 ².
95 729 134 774 en
155 712 252 790 empto
275 707 404 771 notionis
425 706 480 771 hoo
502 707 583 787 qnod
603 707 735 771 interest.

354 847 404 913 De
424 849 583 913 oeibornnn
605 847 844 931 obtinetionibns.

187 956 238 1020 15.
262 954 300 1019 D.
314 954 367 1036 45,
382 955 413 1037 3,
426 955 478 1019 34.
515 953 687 1019 Iavolenus
700 953 785 1019 libro
800 952 940 1018 seeundo
956 953 1000 1019 ad
1014 953 1105 1018 Plou-

96 1044 187 1108 tium.
204 1081 242 1089 —
259 1042 418 1108 Siserons
432 1047 607 1108 testamento
620 1043 837 1126 nonnosissns,
850 1063 921 1107 enm
934 1061 967 1108 se
982 1043 1105 1108 litterum

95 1153 158 1198 esse
179 1134 336 1216 ionoooret
356 1136 386 1197 et
407 1133 441 1195 in
458 1152 555 1197 oonso
571 1131 759 1196 hereditoria
777 1135 922 1213 moneret,
941 1132 1105 1213 pecuniam

95 1221 198 1286 heredi
224 1222 390 1303 stipntotns
412 1224 469 1299 est,
493 1220 575 1286 nihil
596 1220 748 1285 debehitno
769 1219 941 1298 iierntibns,
969 1222 1000 1285 si
1021 1221 1104 1284 modo

95 1311 220 1376 scierint
250 1331 319 1373 enno
347 1314 521 1374 testamento
549 1310 788 1391 nonninissnni,
820 1309 895 1392 qnia
921 1329 988 1373 non
1011 1312 1105 1390 potest

95 1399 193 1463 oideri
220 1399 334 1463 instoni
360 1399 531 1462 seroitntein
557 1399 684 1463 seroisse
708 1399 762 1475 iis,
788 1399 843 1479 qni
864 1397 956 1462 ittnm
981 1398 1104 1462 libonem

95 1507 157 1552 esse
183 1507 246 1552 non
271 1488 462 1568 ionooobont.
507 1487 602 1552 distet
621 1488 650 1552 is
672 1484 710 1551 o¹
732 1507 827 1552 conso
849 1487 928 1564 eins,
956 1489 1013 1570 qni
1035 1485 1104 1551 ine

96 1580 214 1657 emptos
236 1575 315 1639 bono
335 1576 396 1653 tote
417 1577 517 1660 senoit,
540 1577 616 1656 onio
637 1577 673 1639 in
694 1595 726 1640 eo
748 1580 778 1640 et
798 1576 896 1657 ipsiin
919 1579 949 1639 et
965 1575 1103 1657 emptoris

96 1665 282 1729 existimatio
298 1664 452 1729 consentit.
479 1669 609 1729 oeternin
621 1665 659 1749 is,
676 1664 731 1746 qni
742 1665 801 1729 soit
811 1663 966 1729 nominem
981 1664 1103 1729 tiberim

95 1772 165 1833 esse,
187 1754 328 1835 qnomois
350 1753 402 1818 on
423 1754 628 1818 condicionem
645 1773 735 1818 snam
753 1754 877 1837 ionooet,
900 1772 940 1816 ne
954 1753 1104 1835 possidere

96 1843 218 1923 quinem
240 1862 309 1906 enm
327 1845 426 1923 potest
446 1843 551 1907 sideri.

510 2024 617 2084 Liber
640 2025 694 2083 III.

355 2125 405 2191 De
426 2126 585 2191 nerbornen
607 2126 848 2208 obtinetionions.

186 2233 236 2298 16.
260 2232 298 2297 D.
312 2232 365 2312 45,
379 2233 409 2316 2,
424 2233 454 2296 2.
494 2231 664 2296 Iavolenus
689 2233 772 2295 libro
791 2231 888 2295 tertio
909 2253 949 2294 ex
969 2229 1101 2294 Plautio.

95 2358 139 2367 —
158 2321 238 2386 Onne
255 2323 316 2386 eino
334 2322 460 2385 eandem
472 2321 638 2403 peninioin
656 2326 712 2385 ont
724 2320 926 2402 promiserint
944 2325 1003 2384 ont
1014 2321 1101 2401 stion

95 2411 154 2474 toti
184 2415 269 2489 snnt,
300 2411 366 2492 ipso
397 2410 465 2474 inre
491 2413 521 2474 et
544 2410 661 2492 sinenti
687 2410 723 2473 in
749 2409 881 2473 sotidnin
908 2408 1102 2473 debentnoet

94 2499 211 2581 sinenti
228 2499 347 2576 debent·
366 2499 489 2580 ideoqne
499 2499 644 2580 petitione
656 2498 921 2580 acceptilationeve
937 2499 1034 2562 nnins
1046 2500 1101 2561 toto

95 2588 223 2651 soloitnr
245 2588 397 2669 obliootio.
519 2657 569 2722 De
591 2678 673 2740 aqua

186 2765 236 2828 17.
263 2763 302 2828 D.
318 2765 347 2842 8,
362 2765 392 2846 6,
406 2765 436 2828 9.
482 2763 650 2829 Iavolenus
673 2763 761 2836 libro¹
781 2763 879 2827 tortio
904 2785 945 2828 ex
969 2761 1098 2828 Plautio.

95 2887 139 2902 -
161 2852 256 2935 Aqno
281 2854 311 2918 si
334 2855 369 2916 in
387 2857 508 2934 partein
531 2854 646 2935 oqnoqi
667 2853 807 2934 intinxit,
834 2852 960 2916 etiamsi
981 2873 1045 2916 non
1064 2847 1101 2914 od

95 2942 208 3007 nitiino
230 2942 295 3006 toeo
310 2943 459 3024 persenit,
482 2941 622 3007 oonneinis
643 2945 745 3007 tomen
765 2940 907 3022 partitos
925 2945 1097 3023 nsnrpotnr.

511 3143 619 3201 Liber
639 3140 693 3202 IV.

463 3242 513 3308 De
534 3242 741 3310 condictione?

186 3351 235 3415 18.
259 3348 297 3415 D.
315 3351 364 3434 12,
379 3351 408 3429 6,
421 3349 475 3417 46.
512 3349 601 3413 Idem
614 3345 672 3436 (so.
685 3345 872 3435 Iavolenus)
887 3349 974 3414 libro
991 3349 1095 3432 quarto

96 3461 135 3503 ex
153 3439 290 3506 Plautio.
312 3477 356 3487 -
380 3439 442 3520 Qni
462 3439 580 3504 heredis
602 3439 724 3503 noinine
747 3438 845 3521 leonto
866 3458 931 3504 non
950 3438 1048 3504 debito
1063 3452 1094 3498 en

165 3566 180 3615 1
200 3560 248 3618 Fi.
266 3561 330 3617 isto.
