2430 3944
143 179 186 242 22
214 179 260 234 ΙΙΙ.
275 177 350 234 GAII
366 177 512 233 CLAUDII
526 175 1159 233 NERON.eALssauTuMP.1Ufflscoiis,

231 345 406 425 Sequuntur
437 346 523 405 haee:
559 338 714 404 ‘nimirum
741 348 844 404 autem
872 344 976 404 Sabini
1004 348 1035 403 et
1064 344 1163 421 Cassii

141 435 292 515 collectio,
320 454 411 512 quam
438 438 469 494 et
495 433 554 511 ipsi
581 434 726 511 reddunt,
752 434 808 493 illa
835 436 895 511 est,
924 434 1003 510 quod
1029 433 1161 494 codicilli

142 545 196 601 pro
218 527 307 600 parte
330 524 504 583 testamenti
522 523 672 582 habentur
691 523 991 597 observationemque
1010 526 1042 581 et
1061 524 1161 600 legem

140 614 215 672 iuria
237 612 307 672 inde
329 614 474 673 traditam
496 616 626 673 servent.
663 630 719 688 ego
738 615 841 671 autem
860 611 957 671 ausim
976 612 1161 670 sententiam

141 701 265 762 Proculi
285 701 473 762 verissimam
497 695 615 760 dicere',

230 827 267 886 of.
290 826 358 885 111
384 847 412 901 p.
429 827 513 900 ase„

473 995 521 1053 Dc
542 996 699 1068 autfractu
722 996 821 1069 loquio.

230 1115 259 1178 3.
283 1113 321 1177 D.
338 1115 522 1197 7‚1,12‚2.
563 1111 723 1196 Ulpianus
751 1114 835 1177 libro
866 1114 1005 1197 septimo
1030 1114 1157 1178 decimo

141 1203 180 1266 ad
201 1200 357 1266 Sabinum
380 1200 430 1289 (P.
445 1199 558 1289 2572).
577 1237 621 1248 -
640 1199 908 1267 Usufructuarius
932 1202 983 1266 vel
1001 1203 1073 1286 ipse
1093 1203 1160 1267 frui

140 1313 177 1355 ca
208 1312 243 1354 rc
271 1291 323 1355 vel
352 1291 408 1355 alii
441 1291 610 1356 fruendam
638 1290 811 1355 concedere
840 1288 888 1377 (in
911 1289 982 1355 iure
1006 1291 1119 1356 cedere
1127 1288 1158 1378 i)

139 1379 190 1443 vel
213 1381 319 1444 locare
343 1380 393 1442 vel
412 1380 549 1444 vendere
572 1383 694 1463 potest;
717 1401 791 1443 nam
812 1382 844 1444 et
862 1380 917 1462 qui
936 1380 1024 1444 locat
1042 1381 1159 1464 utitur,

141 1473 173 1533 et
197 1468 252 1550 qui
271 1467 381 1532 vendit
403 1469 514 1532 utitur.
561 1468 617 1533 sed
641 1468 724 1532 etsi
748 1467 806 1532 alii
828 1469 975 1552 precario
1001 1469 1160 1533 concedat

140 1557 186 1640 (in
209 1558 278 1620 iure
302 1556 433 1642 cedati)
464 1558 515 1621 vel
542 1555 654 1638 donet,
681 1562 763 1639 puto
792 1579 865 1620 eum
888 1557 937 1620 uti
961 1560 1060 1641 atque
1086 1557 1159 1621 ideo

139 1645 278 1710 retinere
310 1666 405 1709 usum
437 1645 591 1727 fructum,
624 1649 657 1710 et
689 1646 751 1709 hoc
784 1643 914 1710 Cassius
948 1650 981 1710 et
1011 1645 1159 1730 Pegasus

138 1733 385 1818 responderunt.

228 1824 258 1886 4.
282 1822 321 1886 D.
336 1823 411 1905 7,4,
428 1823 478 1905 10,
493 1821 522 1886 5.
568 1819 728 1905 Ulpianus
756 1821 840 1885 libro
864 1823 1005 1905 septimo
1031 1822 1158 1888 decimo

140 1910 179 1976 ad
214 1908 370 1975 Sabinum
402 1907 453 1997 (P.
471 1909 583 1995 2555).
613 1946 656 1958 -
689 1907 726 1974 si
759 1932 885 1976 massae
917 1933 995 1975 usus
1029 1910 1158 1976 fructus

139 2000 265 2083 legetur
292 2003 325 2064 et
353 2022 392 2064 ex
419 2021 458 2065 ea
486 2022 564 2064 vasa
590 2000 657 2063 sint
678 1999 767 2064 facta
790 2000 841 2063 vel
865 2004 992 2082 contra,
1021 1998 1158 2066 Cassius

139 2089 224 2173 apud
248 2087 399 2154 Urseium
423 2089 537 2154 scribit
558 2089 689 2153 interire
713 2093 808 2153 usum
830 2087 980 2153 fructum.
1191 2093 1192 2096 ’

228 2209 306 2279 Quid
347 2209 440 2269 verba
476 2203 609 2268 ‘Cassius
648 2210 730 2285 apud
766 2208 907 2268 Urseium
944 2204 1061 2268 scribit’
1100 2210 1159 2269 eibi

138 2298 246 2374 velint,
269 2298 328 2356 viri
351 2297 432 2356 docti
454 2297 542 2357 valde
565 2297 714 2357 dubitant.
756 2297 793 2357 H.
812 2298 936 2356 Pemice
953 2294 1041 2357 'Misc
1060 2318 1091 2373 p.
1106 2300 1157 2359 5⁷.

139 2384 281 2445 Kurlowa
303 2385 327 2463 Ι,
349 2387 422 2444 694.
467 2384 603 2461 Krueger
625 2405 653 2460 p.
675 2387 737 2446 155
762 2407 791 2446 n.
812 2389 863 2445 64.
908 2386 1035 2446 Urseius
1059 2385 1157 2446 Cassii

139 2474 320 2532 sententiam
342 2473 496 2532 rettulisse
519 2472 652 2547 videtur,
675 2474 818 2534 nimirum
840 2493 1018 2551 responsum
1041 2475 1155 2535 litteris

140 2562 254 2621 datum.
284 2562 319 2621 de
335 2559 432 2620 Cassii
449 2561 525 2622 iuris
541 2561 637 2622 civilis
651 2562 737 2622 libris
752 2564 880 2642 cogitari
893 2582 982 2639 posse
996 2582 1057 2623 non
1071 2568 1155 2639 puto.

494 2750 541 2808 Dc
564 2752 673 2809 acurio
697 2751 797 2824 leputo.

229 2865 259 2932 5.
291 2865 331 2931 Ι).
350 2868 402 2952 34,
421 2867 452 2946 2,
470 2868 524 2952 21,
542 2870 572 2933 2.
626 2869 827 2953 Pomponius
864 2868 950 2932 libro
989 2872 1080 2933 serto
1114 2858 1156 2934 ad

139 2951 295 3019 Sabinum
323 2953 372 3042 (P.
390 2955 480 3040 489).
508 2994 551 3005 -
579 2957 668 3022 ..de
701 2957 915 3041 aquiminario
944 2954 1079 3022 Cassius
1108 2959 1157 3023 ait

141 3045 326 3109 consultum
349 3067 383 3109 se
406 3046 627 3131 respondisse,
651 3067 725 3111 cum
749 3046 842 3111 alteri
865 3050 1037 3130 argentum
1060 3052 1156 3129 poto-

139 3133 236 3216 rium,
269 3133 362 3197 alteri
392 3135 549 3199 escarium
577 3136 724 3221 legatum
752 3139 850 3217 esset,
882 3135 1004 3198 escario
1033 3136 1155 3200 cedere.

456 3327 503 3386 De
525 3328 616 3400 loquio
639 3327 838 3386 condicionali.

228 3445 258 3510 6.
276 3444 316 3510 Ι).
326 3445 378 3524 30,
390 3445 463 3525 104,
476 3447 503 3510 1.
539 3445 629 3510 Idem
645 3442 703 3531 (sc.
717 3441 878 3530 Iulianus)
892 3444 977 3510 libro
992 3444 1097 3529 primo
1113 3446 1154 3510 ad

140 3531 290 3598 Urseium
314 3532 466 3599 Ferocem
491 3532 540 3621 (P.
556 3531 645 3618 888).
664 3570 708 3580 -
730 3532 770 3597 In
793 3537 990 3599 testamento
1015 3534 1061 3598 sic
1085 3540 1155 3599 erat
