2430 3944
96 193 162 258 406
198 192 232 249 V.
245 191 395 248 NERVAE
414 192 461 247 ET
480 191 634 246 TRAIANI
653 191 761 249 ΤΕΜΡ.
779 189 876 246 IURIS
895 189 1078 247 CONSULTI

91 361 216 439 paruo
243 357 309 422 ous
332 356 513 439 transfere,
540 353 902 420 mimatensium
926 351 1015 436 ope
1038 318 1110 419 oos-

97 446 178 511 oeth‘i
215 445 352 510 Trebatii
386 465 456 510 eum
491 437 594 526 puem'
615 444 651 508 iu
675 447 824 525 potestate
855 441 984 508 habebat
1011 443 1112 508 sohrm

96 534 234 599 heredem
254 534 328 614 feeit
348 537 378 598 et
397 534 436 598 ab
457 553 490 598 eo
507 533 599 598 atteri
616 533 772 597 dimidiam
784 536 909 614 portem
926 531 1112 618 turediteetis,

97 643 167 687 oum
193 624 229 687 iu
255 642 346 689 suam
373 622 500 687 tutelam
527 622 667 700 uouisset,
691 621 816 704 lepaoih·
844 620 926 702 quod
946 621 976 685 si
997 621 1035 706 is,
1058 621 1112 702 qai

96 713 132 776 iu
146 716 293 794 potestate
305 731 365 776 sua
378 716 466 791 esset,
485 710 623 792 impubes
635 709 814 794 decessisset,
829 709 962 775 atteram
975 709 1112 775 heredem

96 801 125 865 ei
147 800 310 866 substituit.

187 890 216 953 7.
240 889 278 954 D.
293 888 368 953 ibid.
383 890 403 969 ξ
421 891 448 954 1.
466 924 504 934 -
522 887 607 953 Filio
625 888 774 970 inpuberi
791 888 826 952 iu
844 887 985 970 siuputas
998 907 1111 954 eousas

96 979 195 1044 atium
218 983 247 1042 et
268 978 368 1042 atium
389 977 527 1042 heredem
548 976 728 1042 substituere
744 975 939 1060 possumus[,
966 977 1062 1042 vetuti
1078 981 1113 1041 ut

96 1067 188 1151 atius,
210 1068 239 1131 si
260 1066 321 1131 sebi
341 1067 448 1131 uultus
469 1065 556 1149 pitius
578 1066 681 1147 fuerit,
704 1070 733 1130 et
752 1066 843 1147 atius,
865 1064 999 1149 sifidius
1016 1064 1114 1146 fuerit

96 1161 126 1221 et
147 1155 282 1238 impubes
304 1160 442 1220 mortuus
462 1154 572 1235 fiderit,
594 1154 678 1219 heres
699 1155 766 1234 sitJ.

185 1249 285 1309 Eisele
309 1249 339 1308 Z.
354 1249 381 1308 d.
397 1248 524 1309 Seu-St.
539 1248 622 1327 XIII,
637 1250 710 1309 141.

186 1335 215 1398 8.
245 1332 282 1397 D.
301 1331 376 1398 ibid.
396 1335 416 1412 ξ
433 1333 463 1397 2.
481 1368 526 1379 -
546 1332 679 1413 Quidam
701 1336 844 1414 quattuor
861 1331 982 1397 heredes
998 1332 1113 1414 fecerat

96 1427 125 1487 et
142 1422 282 1487 omuibus
300 1420 459 1486 heredibus
473 1426 595 1502 praeter
608 1442 707 1486 uuum
720 1420 926 1486 substituerat.
956 1439 1040 1486 uuus
1054 1420 1112 1503 itte,

96 1512 147 1576 oui
163 1531 228 1576 moro
244 1514 313 1575 erat
329 1511 493 1593 quisquam
510 1510 700 1594 substitutas,
721 1514 751 1575 et
767 1530 805 1574 ere
823 1511 927 1574 soteris
945 1510 1028 1574 atter
1045 1511 1112 1575 oioo

90 1605 183 1682 patre
203 1598 347 1680 familias
369 1600 563 1664 dmesseraut.
595 1604 719 1680 partem
741 1600 792 1664 eui
810 1619 899 1663 memo
917 1603 985 1662 erat
1001 1599 1112 1664 substi-

98 1692 196 1772 tutus,
218 1688 262 1752 ad
282 1688 479 1754 substitutum
500 1708 617 1770 quoque
632 1688 787 1770 pertimere
811 1686 922 1772 Opilius
944 1685 1113 1753 Cascellius

98 1777 330 1861 responderunt,
353 1797 485 1859 quorum
506 1777 657 1842 sententia
678 1797 751 1842 oera
773 1781 825 1842 est.

186 1864 216 1931 9.
241 1864 278 1929 D.
293 1865 346 1949 29,
359 1867 391 1950 2,
404 1864 456 1931 60.
497 1864 670 1931 Iavolenus
689 1864 773 1930 libro
792 1865 897 1949 primo
917 1887 956 1929 ex
975 1864 1112 1948 posteri·

98 1953 208 2019 oribus
236 1953 406 2019 Labeonis.
429 1992 474 2002 —
496 1953 619 2019 Fdium
646 1954 873 2036 emancipatum
896 1958 987 2036 pater
1012 1954 1112 2019 sotum

96 2042 232 2108 heredem
253 2043 390 2108 instituit
406 2048 443 2125 et,
465 2044 494 2108 si
511 2043 541 2108 is
558 2043 643 2108 heres
662 2064 726 2109 hou
743 2048 825 2122 esset,
842 2063 963 2108 sarum
983 2043 1112 2108 tuberum

97 2137 126 2196 et
147 2131 283 2197 heredem
305 2151 367 2197 esse
389 2133 528 2197 iusserat.
574 2132 674 2216 pitius,
702 2137 860 2213 tamquam
876 2136 969 2213 pater
991 2134 1113 2197 teuteus

95 2220 218 2303 fuisset,
249 2220 398 2286 bonorum
423 2221 646 2302 possessiouem
674 2221 713 2285 ab
740 2221 881 2286 totostoto
904 2222 985 2303 petit
1011 2221 1112 2285 etita

97 2309 291 2375 hereditatem
303 2310 446 2389 possedit.
483 2309 585 2374 Labeo
603 2311 657 2392 ait,
675 2311 705 2375 si
716 2309 902 2391 probaretur
919 2329 1000 2374 sarra
1015 2314 1112 2374 moute

92 2403 184 2480 pater
219 2403 429 2463 testamentum
458 2398 580 2480 feoisse,
615 2399 719 2479 fitium
750 2419 788 2463 eoo
820 2403 996 2462 testamento
1022 2398 1113 2480 patri

97 2487 233 2552 heredem
256 2507 323 2552 esse.
365 2487 419 2552 hoo
438 2487 557 2568 fabum
576 2492 668 2568 puto;
691 2508 767 2551 uam
788 2487 875 2568 fitius
900 2487 1112 2570 emancipatus

97 2596 166 2640 oum
188 2575 385 2640 hereditatem
407 2581 583 2640 testamento
604 2577 711 2641 datam
729 2577 772 2641 ad
788 2596 820 2640 se
834 2577 987 2657 pertimere
1005 2576 1111 2658 uoluit,

97 2664 240 2729 ooutiuuo
271 2685 307 2729 ea
338 2665 381 2729 ad
409 2665 606 2730 substitutum
633 2665 768 2729 heredem
797 2665 912 2729 trausit
936 2685 991 2730 roeo
1012 2668 1113 2747 potest

97 2753 195 2817 uideri
212 2773 271 2835 pro
293 2752 399 2817 herede
418 2754 556 2832 possesse,
583 2754 652 2834 qui,
680 2758 715 2817 ut
736 2753 932 2818 hereditatem
955 2754 1111 2836 omitteret,

98 2862 135 2906 ee
157 2841 224 2906 otia
239 2846 333 2923 parte
355 2843 444 2907 edisti
461 2843 681 2923 possessiouem
703 2842 851 2907 bouorum
869 2847 963 2924 petat.

187 2935 360 3010 Sequuntur
395 2935 481 2998 bueo:
524 2930 657 2995 ‘Paulus
702 2936 744 2994 Et
779 2935 927 2995 Proculus
963 2936 1110 2996 Labeonis

99 3023 278 3083 sententiam
302 3024 453 3101 improbat
476 3026 507 3084 et
528 3025 560 3083 in
582 3024 717 3086 Iauoleni
741 3025 889 3084 sententia
913 3019 982 3085 est'.

462 3185 508 3244 De
529 3201 611 3244 seroo
633 3185 742 3244 herede.

189 3286 239 3351 10.
266 3285 306 3351 D.
318 3286 371 3368 29,
385 3286 415 3371 2,
430 3285 481 3350 62.
505 3284 677 3351 Iavolenus
697 3287 782 3351 libro
801 3284 906 3370 primo
921 3307 961 3351 ex
975 3286 1109 3372 posteri·

99 3373 209 3438 oribus
241 3372 410 3439 Labeonis.
440 3410 481 3420 —
511 3372 545 3438 si
574 3397 684 3440 servus
717 3375 809 3439 heres
837 3374 1009 3441 institutus
1038 3377 1109 3459 post

98 3461 367 3547 iussumdomim',
386 3467 559 3547 antequam
576 3462 688 3546 adiret,
703 3462 862 3528 alienatus
878 3468 974 3547 esset,
992 3485 1107 3530 novum

93 3551 221 3616 iussum
236 3551 430 3638 posterioris
451 3551 581 3635 domini,
601 3573 666 3617 non
684 3552 807 3617 iussum
826 3553 946 3637 prioris
962 3553 1107 3639 exigitur.
