2430 3944
386 170 410 221 6.
430 160 645 218 IAVOLENUS
664 161 812 217 Pulscus
1041 162 1105 227 399

134 327 175 394 D.
194 327 246 410 39,
267 325 297 410 5,
317 325 368 392 25.
398 363 442 374 -
470 348 570 390 ..re·
670 323 889 409 D.12‚1,20.
915 361 952 372 —
979 327 1106 393 ...sed

89 415 572 500 spondit:siremtibidederim,
624 413 704 478 haec
762 413 979 499 intellegenda
1031 419 1108 480 sunt

89 509 126 571 ut
152 503 240 569 Titio
268 525 340 569 meo
364 504 495 568 nomine
518 503 571 569 do·
625 505 783 586 propter
842 503 1107 586 suptilitatem

88 613 351 745 nares,e311pique
374 596 411 657 tu
434 598 569 746 tuotno-
625 592 842 744 perborum?
899 592 1106 677 benignius

88 703 222 747 mmeer
258 703 487 766 eer1s,quan
512 703 571 745 um
647 701 755 744 emen
774 701 812 744 es

89 771 136 836 ad
176 769 273 835 iuris
311 770 572 853 suptilitatem
894 790 899 800 ·

88 858 277 943 accipientis
307 857 394 923 facta
426 879 492 923 non
525 864 574 922 est

89 952 123 1013 et
147 952 184 1011 tu
208 946 288 1012 furti
312 947 481 1031 obligaris,
510 946 574 1011 sed

87 1036 299 1121 benignius
330 1039 390 1119 est3
409 1033 450 1122 11
479 1056 574 1120 agam

88 1127 207 1191 contra
239 1145 310 1189 eum
344 1124 399 1208 qui
426 1146 495 1188 rem
524 1146 574 1189 ac-

88 1213 191 1298 cepit,
219 1213 406 1297 exceptione
433 1213 499 1277 doli
523 1234 574 1277 me

88 1323 298 1368 summoveri

180 1464 332 1527 Orationis
364 1485 482 1543 quoque
514 1464 713 1543 proprietates
736 1466 816 1540 apud
839 1465 1014 1526 Iauolenum
1038 1485 1105 1528 con·

87 1551 214 1633 spiceae
237 1557 316 1632 apud
339 1555 491 1615 Iulianum
509 1573 626 1632 quoque
645 1556 777 1631 exstant3
795 1557 831 1613 ut
849 1556 928 1631 quod
946 1555 1106 1616 Iavolenus

86 1647 132 1706 ait
157 1637 207 1726 (D.
223 1646 274 1722 45,
291 1647 320 1722 3,
336 1636 392 1726 36)
421 1638 505 1703 ‘baec
532 1644 797 1721 geners'quodam
819 1643 940 1704 donatio
964 1638 1032 1720 est’,
1059 1645 1106 1704 his

88 1733 206 1794 Iuliani
231 1735 331 1793 verbis
356 1733 453 1793 simile
477 1735 535 1792 est:
564 1727 686 1808 ‘genere
709 1732 838 1811 quodam
862 1732 950 1792 modo
973 1734 1105 1793 venditio

87 1869 94 1884 .
111 1871 118 1884 .
135 1868 141 1882 .
157 1824 311 1882 contracta
335 1815 391 1881 est'
415 1821 576 1898 (Ι).41,4,
592 1815 656 1900 10).
698 1839 799 1880 rerum
823 1822 949 1899 denique
972 1822 1105 1882 ordinem

89 1930 109 1970 a
140 1911 258 1970 Iuliano
290 1910 322 1969 in
353 1910 438 1970 libris
471 1910 510 1968 ad
542 1909 681 1968 Urseium
713 1910 856 1970 Ferocem
888 1914 1043 1970 servatum
1075 1912 1106 1970 in

89 1998 196 2058 multis
229 1999 385 2061 convenire
417 2016 486 2057 cum
522 1998 625 2057 ordine
662 1998 808 2058 librorum
845 2019 863 2059 a
894 1999 1036 2060 Iavoleno
1070 2018 1106 2057 ex

90 2086 197 2148 Cassio
222 2087 454 2163 compositorum
477 2086 569 2146 Lenel
591 2089 678 2147 notat
700 2086 763 2145 P.I
786 2089 841 2148 col.
856 2090 920 2147 490
943 2107 973 2146 n.
990 2091 1017 2144 1.

182 2191 267 2264 Quod
290 2193 448 2253 Iavolenus
477 2193 648 2267 provinciae
675 2211 797 2269 praeses
824 2193 856 2252 in
884 2195 977 2253 servis
1001 2211 1105 2251 manu-

86 2281 245 2342 mittendis
266 2281 395 2356 admisit,
413 2282 493 2341 idem
507 2281 645 2341 Iulianus
663 2284 785 2356 praetor
803 2285 834 2341 et
852 2283 957 2341 consul
970 2282 1002 2340 in
1015 2281 1106 2340 Italia

86 2371 189 2430 facere
212 2391 271 2430 non
295 2370 459 2430 dubitavit:
483 2365 551 2447 ‘ego
575 2371 627 2447 qui
644 2370 845 2430 meminissem
864 2370 1104 2431 Iauolenum...

88 2464 119 2520 et
147 2460 180 2518 in
203 2458 306 2519 Africa
334 2464 365 2518 et
392 2460 420 2517 in
447 2459 534 2535 Syria
563 2478 664 2519 servos
693 2477 762 2520 suos
787 2459 1010 2536 manumisisse,
1038 2478 1106 2518 cum

87 2548 248 2610 consilium
275 2549 448 2625 praeberet,
476 2550 645 2624 exemplum
673 2548 736 2607 eius
765 2549 884 2607 secutus
912 2551 943 2607 et
965 2548 996 2606 iu
1019 2566 1105 2623 prae·

86 2642 160 2697 tura
190 2639 221 2695 et
248 2638 405 2697 consulatu
432 2656 498 2698 meo
527 2638 671 2713 quosdam
700 2657 735 2696 ex
759 2637 854 2697 servis
876 2637 951 2696 meis
973 2637 1106 2696 vindicta

88 2718 229 2786 liberavi'
246 2720 295 2805 (D.
306 2727 358 2803 40,
370 2728 398 2803 2,
410 2719 454 2805 5),
469 2726 537 2784 aliis
551 2726 747 2802 praetoribus,
762 2745 835 2785 num
844 2725 877 2784 id
886 2727 984 2786 facere
994 2726 1105 2804 liceret,

88 2813 301 2874 dubitantibus
319 2807 369 2897 (D.
384 2810 480 2894 ibid).
517 2815 665 2890 Ulpianus
679 2818 781 2874 antem
795 2834 864 2874 cum
877 2814 913 2876 D.
930 2817 958 2890 1,
976 2818 1024 2891 10,
1042 2819 1068 2889 1,
1085 2818 1102 2873 2

87 2904 176 2964 dicit:
206 2898 361 2984 ‘Consules
391 2904 471 2979 apud
500 2921 531 2963 se
561 2922 661 2963 servos
690 2922 759 2963 suos
783 2903 994 2962 manumittere
1016 2921 1104 2978 posse

87 2994 175 3052 nulla
203 2993 353 3052 dubitatio
382 2987 449 3068 est’,
477 2992 513 3051 de
536 2995 709 3068 praetorum
732 2992 835 3050 eadem
858 2993 1007 3067 potestate
1030 2991 1105 3050 nibil

88 3081 258 3141 constituit.
294 3080 326 3138 in
345 3081 413 3140 aliis
432 3099 550 3157 quoque
570 3080 647 3157 legis
667 3079 833 3141 actionibus
852 3080 985 3140 Iauoleni
1005 3099 1105 3139 exem-

85 3172 174 3246 plum
198 3169 283 3246 sequi
306 3169 396 3229 licere
419 3169 561 3229 Neratius
580 3170 701 3230 Priscus
725 3170 847 3230 statuit:
872 3163 1104 3247 ‘magistratum

87 3257 171 3333 apud
199 3277 286 3333 quem
314 3259 391 3334 legis
420 3258 498 3319 actio
527 3260 585 3336 est,
615 3262 645 3318 et
670 3260 856 3335 emancipare
879 3258 957 3317 filios
982 3275 1050 3316 suos
1075 3260 1105 3314 et
1197 3293 1199 3298 ·

86 3347 118 3405 in
147 3345 339 3421 adoptionem
367 3347 437 3406 dare
465 3347 546 3422 apud
569 3366 600 3406 se
622 3366 709 3424 posse
732 3347 850 3407 Neratii
874 3346 1023 3407 sententia
1046 3338 1104 3405 est'

85 3435 125 3494 D.
145 3437 174 3510 1,
195 3439 223 3512 7,
243 3438 271 3496 4.
318 3454 408 3512 quam
441 3436 619 3495 sententiam
651 3455 669 3496 a
695 3436 824 3514 posteris
852 3436 1009 3511 probatem
1039 3452 1104 3493 esse

84 3543 147 3584 non
172 3523 311 3584 traditur.
